2253 3317
300 146 318 173 L
1034 149 1136 179 ΒΗΜΛ
1158 151 1242 180 Slxu
1265 153 1294 182 V.

301 222 404 257 caelo
431 222 661 268 beatissimi,
688 224 848 270 gloriam
874 225 1041 273 aliquam
1068 226 1190 262 facere
1216 241 1291 264 non
1319 234 1375 263 est
1401 229 1674 276 dubitandum)
1694 232 1859 277 primum
1885 232 2039 279 quidem

300 280 338 314 in
364 280 463 316 alma
490 281 591 318 Urbe
617 288 760 328 nostra,
789 284 828 318 in
854 284 924 318 hac
951 284 1110 320 basilica
1135 285 1357 322 Sanctorum
1383 286 1594 322 Duodecim
1612 289 1892 336 Apostolorum,
1912 290 2040 327 Sancti

299 338 585 375 Bonaventurae
611 341 763 376 nomine
789 342 996 389 collegium
1022 344 1272 391 instituimus,
1300 346 1338 379 in
1372 358 1447 393 quo
1473 359 1519 381 ex
1546 346 1658 382 huius
1684 349 1886 395 praecipue
1911 350 2040 383 eximii

298 396 501 444 devotique
527 398 700 434 Doctoris
727 400 903 447 operibus
929 405 966 436 et
992 404 1271 438 commentariis
1297 416 1402 439 sacra
1426 404 1619 451 theologia
1640 405 1794 452 publice
1818 407 2039 453 explicetur.

392 456 410 502 ξ
439 456 491 491 12.
518 456 664 493 Deinde
691 459 805 494 etiam
832 472 944 506 opera
981 460 1086 496 illius
1128 463 1275 507 omnia,
1303 475 1398 509 quae
1435 463 1599 498 inveniri
1637 469 1863 511 potuerunt,
1902 467 2039 512 partim

296 514 465 550 nondum
492 516 591 551 edita
630 522 831 565 nostraque
870 519 1092 554 auctoritate
1127 525 1164 555 et
1201 521 1383 567 impensis
1421 522 1589 569 undique
1628 523 1862 570 conquisita,
1902 524 2040 570 partim

296 573 370 607 iam
397 574 597 621 evulgata,
625 576 739 611 simul
766 577 892 611 omnia
917 577 1067 613 decenti
1094 578 1215 614 forma
1247 584 1285 614 et
1322 592 1435 626 quam
1467 580 1771 616 emendatissime
1801 582 1969 628 imprimi
2004 586 2041 617 ct

294 644 314 665 e
341 634 596 680 typographia
621 640 748 670 nostra
773 635 958 671 Vaticana
983 637 1022 671 in
1049 637 1175 672 lucem
1200 639 1323 673 emitti
1350 651 1534 674 curamus.
1576 639 1685 684 Quod
1720 645 1846 675 autem
1883 640 1932 675 ab
1959 641 2041 687 ipso

297 691 542 736 pontificatus
567 693 683 728 nostri
712 694 831 740 initio,
858 694 960 741 Deo,
989 700 1032 730 ut
1056 696 1118 742 pie
1145 696 1354 743 credimus,
1386 698 1616 744 inspirante,
1653 703 1870 733 constanter
1905 711 2041 745 propo-

295 749 454 795 suimus,
483 752 604 786 sancti
631 752 743 787 huius
770 752 943 789 Doctoris
968 767 1106 789 nomen
1133 759 1171 789 et
1195 756 1330 790 merita
1354 756 1518 802 gloriosa
1542 757 1644 803 apud
1663 770 1792 792 omnes
1811 770 1879 804 pro
1897 757 2042 793 viribus

295 807 482 843 celebrare
517 810 765 858 fideliumque
791 824 879 858 erga
909 826 996 847 eum
1014 814 1293 848 venerationem
1319 827 1457 860 augere
1483 820 1520 849 et
1545 815 1787 862 amplificare,
1815 828 1903 851 sane
1930 815 1978 850 ad
2003 815 2041 850 id

295 878 444 913 quoque
471 881 546 903 non
573 869 812 905 mediocriter
836 872 991 906 excitati
1022 884 1152 907 sumus
1191 873 1367 919 exemplo
1404 878 1554 908 sanctae
1582 874 1782 908 memoriae
1821 873 1879 909 Pii
1918 874 2042 921 Papae

294 924 349 971 V„
377 927 672 972 praedecessoris
698 930 838 974 nostri,
866 930 911 964 de
938 930 1142 965 christiana
1167 930 1364 977 republica
1381 932 1523 978 optime
1550 932 1692 978 meriti,
1716 937 1753 967 et
1778 945 1892 980 quem
1918 937 1960 967 ut
1977 945 2042 979 pa-

293 990 438 1020 rentem
469 986 593 1021 adhuc
620 1000 833 1022 reveremur
859 993 895 1023 et
921 989 1092 1024 colimus.

387 1044 406 1091 ξ
435 1045 488 1080 13.
514 1045 551 1080 Is
590 1047 691 1080 0111111
729 1047 906 1093 religiosa
931 1048 1071 1094 pietate
1099 1053 1136 1082 et
1161 1048 1344 1095 singulari
1364 1049 1564 1084 devotione
1582 1054 1792 1096 permotus,
1814 1062 1889 1097 qua
1905 1049 2042 1084 afficie-

295 1103 406 1138 batur
430 1117 518 1150 erga
544 1110 717 1140 sanctum
749 1105 934 1140 Thomam
960 1106 1006 1141 de
1032 1107 1204 1154 Aquino,
1233 1106 1386 1143 Ordinis
1410 1108 1469 1143 sui
1496 1108 1611 1143 decus
1637 1114 1675 1143 et
1700 1108 1891 1144 Ecclesiae
1916 1108 2043 1143 catho-

293 1162 387 1197 licae
414 1168 695 1210 ornamentum,
723 1165 881 1211 cupiens
907 1165 1039 1200 eodem
1066 1166 1177 1201 modo
1203 1166 1365 1201 eundem
1392 1166 1572 1202 Sanctum
1605 1167 1654 1202 ob
1693 1168 1773 1202 eius
1802 1167 2043 1214 praestantis-

293 1221 388 1256 sima
414 1222 452 1256 in
484 1222 711 1258 catholicam
745 1223 955 1259 Ecclesiam
982 1225 1116 1259 merita
1146 1226 1324 1271 congruis
1363 1225 1569 1261 honoribus
1593 1239 1786 1272 exornare,
1806 1231 1953 1272 praeter
1969 1225 2042 1260 alia

292 1280 363 1315 hoc
390 1281 500 1316 iussit
524 1287 638 1328 atque
665 1282 842 1330 decrevit,
869 1288 912 1318 ut
936 1283 1041 1318 illius
1068 1283 1187 1319 festus
1213 1283 1292 1319 dies
1318 1285 1522 1331 quotannis
1559 1284 1725 1331 duplicis
1751 1284 1864 1320 officii
1889 1285 1965 1319 ritu
1995 1284 2042 1319 ad

292 1340 410 1375 instar
435 1345 648 1376 sanctorum
677 1346 838 1388 quatuor
863 1341 1055 1377 Ecclesiae
1093 1342 1300 1377 Doctorum
1338 1347 1521 1390 perpetuo
1559 1343 1826 1390 celebraretur5
1866 1343 1968 1390 quod
2006 1347 2043 1377 et

291 1398 327 1434 S.
362 1399 658 1446 Bonaventurae,
695 1400 849 1436 Doctori
876 1401 1037 1446 eximio,
1064 1400 1181 1436 tribui
1208 1401 1344 1436 debere
1370 1415 1534 1449 aequum
1560 1401 1731 1449 profecto
1765 1402 2040 1447 existimamus,

291 1472 380 1493 eum
406 1465 483 1494 tam
510 1460 630 1494 multa
657 1460 754 1494 inter
779 1472 841 1495 eos
868 1460 1029 1506 virtutis,
1057 1461 1285 1507 sanctitatis,
1326 1460 1535 1507 doctrinae,
1575 1461 1794 1496 meritorum
1825 1460 2043 1495 coniunctio

291 1523 329 1553 et
356 1518 566 1554 similitudo
592 1518 809 1553 intercedat.
838 1518 889 1553 Hi
916 1519 1018 1553 enim
1043 1522 1125 1554 sunt
1149 1519 1238 1554 duae
1263 1519 1372 1554 olivae
1398 1522 1428 1554 et
1445 1519 1513 1555 duo
1534 1519 1742 1555 candelabra
1765 1520 1899 1566 (Apoc.
1921 1519 1974 1565 11,
1993 1519 2041 1565 4.)

292 1578 331 1612 111
358 1578 469 1613 (101110
495 1577 565 1613 Dei
589 1577 771 1623 lucentia,
800 1578 866 1624 qui
892 1582 929 1612 et
959 1578 1126 1613 caritatis
1157 1578 1393 1624 pinguedine
1420 1583 1457 1613 et
1490 1579 1669 1613 scientiae
1700 1578 1785 1613 luce
1823 1582 1942 1613 totam
1972 1576 2042 1612 Ec-

293 1637 446 1671 clesiam
473 1636 713 1682 collustrant,
741 1636 781 1670 hi
813 1636 998 1682 singulari
1024 1636 1095 1671 Dei
1121 1637 1361 1683 providentia
1386 1637 1518 1671 eodem
1544 1641 1713 1683 tempore
1739 1641 1923 1683 tanquam
1948 1636 2043 1670 duae

293 1695 423 1730 stellae
456 1696 666 1730 exorientes
692 1708 738 1730 ex
764 1695 912 1730 duabus
938 1695 1156 1730 clarissimis
1174 1695 1405 1742 regularium
1424 1695 1610 1730 Ordinum
1629 1695 1785 1730 familiis
1811 1694 2041 1741 prodierunt,

293 1768 388 1802 quae
415 1759 565 1789 sanctae
591 1754 783 1789 Ecclesiae
808 1754 856 1789 ad
882 1753 1109 1789 catholicam
1135 1754 1359 1800 religionem
1384 1754 1702 1801 propugnandam
1727 1754 1891 1788 maxime
1912 1753 2041 1799 utiles,

293 1820 330 1849 et
361 1814 408 1848 ad
441 1826 570 1849 omnes
596 1813 743 1848 labores
769 1818 807 1848 et
835 1813 1005 1860 pericula
1028 1826 1097 1860 pro
1124 1813 1332 1848 orthodoxa
1361 1813 1436 1848 fide
1474 1813 1672 1848 subeunda
1708 1817 1859 1859 paratae
1896 1824 2044 1859 semper

294 1874 479 1919 existunt,
506 1886 552 1908 ex
578 1872 728 1920 quibus,
748 1878 930 1919 tanquam
947 1885 993 1907 ex
1020 1872 1138 1907 fertili
1164 1876 1202 1907 et
1228 1872 1324 1907 bene
1352 1872 1456 1907 culto
1481 1872 1571 1918 solo,
1600 1872 1769 1919 quotidie
1788 1884 1855 1918 per
1872 1870 1943 1906 Dei
1960 1883 2043 1917 gra-

293 1934 385 1968 tiam
411 1932 596 1967 fecundae
622 1937 659 1967 et
677 1931 891 1966 fructuosae
916 1931 1070 1978 plantae
1088 1936 1348 1978 procreantur,
1375 1931 1448 1966 hoc
1475 1936 1532 1966 est
1557 1931 1629 1965 viri
1655 1930 1826 1965 doctrina
1851 1935 1889 1964 et
1906 1930 2044 1965 sancti-

294 1997 370 2027 tate
396 1996 646 2039 praestantes,
675 1991 740 2038 qui
767 1990 868 2025 Petri
887 1990 1107 2036 naviculae,
1135 1994 1192 2025 tot
1217 1990 1400 2025 fluctibus
1425 1990 1605 2036 agitatae,
1646 1993 1683 2024 et
1708 1988 1878 2024 Romano
1915 1987 2043 2023 Ponti-

293 2051 373 2096 fici,
401 2051 481 2085 eius
507 2050 659 2085 clavum
685 2062 761 2084 non
793 2049 873 2084 sine
900 2061 1039 2095 magna
1069 2048 1327 2084 sollicitudine
1353 2049 1514 2095 tenenti,
1543 2048 1679 2083 fortem
1705 2052 1743 2082 et
1778 2047 1931 2082 fidelem
1956 2060 2045 2094 ope-

294 2123 374 2145 ram
399 2114 551 2145 navant.
578 2108 630 2143 Hi
648 2108 722 2143 duo
741 2108 892 2154 Sancti,
919 2120 1007 2142 011111
1025 2112 1150 2143 essent
1167 2108 1296 2143 coaevi
1322 2107 1532 2154 iisdemque
1550 2107 1685 2142 studiis
1703 2106 1839 2152 dediti,
1859 2105 2043 2141 condisci-

294 2169 391 2216 puli,
420 2168 534 2204 simul
560 2167 742 2214 magistri,
761 2167 844 2213 pari
862 2167 1005 2201 ratione
1030 2179 1052 2200 a
1070 2165 1251 2212 Gregorio
1268 2165 1316 2201 X.
1344 2178 1493 2201 summo
1518 2165 1720 2211 Pontifice,
1752 2178 1840 2200 cum
1865 2164 1977 2199 ambo
1995 2165 2041 2199 ad

296 2228 508 2264 Concilium
536 2230 798 2272 evocarentur,
817 2225 1006 2270 honorati,
1026 2229 1064 2259 et
1081 2226 1120 2259 in
1134 2225 1248 2260 huius
1266 2225 1365 2259 vita-e
1392 2224 1695 2271 peregrinatione
1722 2223 1887 2258 fraterna
1912 2223 2043 2257 carita-

294 2293 346 2334 te,
367 2286 556 2334 spirituali
573 2285 846 2330 familiaritate,
866 2289 1082 2319 sanctorum
1104 2283 1278 2318 laborum
1309 2283 1487 2318 societate
1514 2283 1624 2317 valde
1651 2282 1845 2317 coniuncti
1872 2281 2041 2327 fuerunt,

295 2351 332 2381 et
358 2346 521 2393 denique
554 2345 636 2391 pari
674 2356 806 2390 gressu
843 2342 891 2377 ad
925 2342 1125 2377 caelestem
1158 2342 1321 2389 patriam
1347 2342 1655 2388 commigrantes,
1683 2341 1824 2387 pariter
1850 2340 1981 2375 felices
2006 2345 2043 2374 et

295 2405 450 2452 gloriosi
476 2404 543 2439 illa
561 2404 790 2450 sempiterna
819 2401 1056 2436 beatitudine
1084 2400 1344 2448 perfruuntur,
1376 2400 1443 2435 ubi
1469 2400 1601 2435 eodem
1627 2399 1792 2434 caritatis
1818 2398 1973 2444 affectu,
2000 2403 2043 2433 ut

294 2466 356 2512 pie
382 2464 585 2509 credimus,
612 2475 681 2509 pro
706 2461 816 2497 nobis
842 2461 882 2496 in
900 2461 970 2496 hac
996 2460 1250 2506 lacrymarum
1268 2459 1367 2494 valle
1394 2458 1655 2494 laborantibus
1673 2462 1781 2493 orant
1797 2457 2042 2504 divinamque

295 2537 406 2571 opem
432 2521 652 2570 implorant,
681 2526 724 2555 ut
749 2521 882 2555 merito
909 2519 1010 2554 idem
1028 2518 1155 2554 Sixtus
1172 2517 1255 2564 IV.,
1274 2518 1342 2553 hos
1360 2518 1454 2553 duos
1472 2517 1629 2553 Sanctos
1647 2516 1858 2564 persimiles
1875 2520 1913 2551 et
1934 2516 2040 2563 quasi

295 2583 467 2629 geminos
492 2583 533 2616 in
559 2580 707 2616 Christo
734 2578 866 2614 fratres
884 2590 1109 2625 agnoscens,
1130 2577 1318 2623 statuerit,
1338 2581 1512 2611 sanctum
1530 2576 1835 2611 Bonaventuram
1852 2574 2041 2609 consimili

296 2641 547 2676 venerationis
579 2644 616 2674 et
641 2639 793 2674 honoris
818 2637 1081 2685 praerogativa
1105 2641 1218 2683 atque
1246 2634 1280 2671 S.
1307 2635 1492 2670 Thomam
1517 2634 1771 2669 decorandum
1798 2646 1887 2668 esse.

390 2700 409 2747 ξ
426 2700 479 2734 14.
495 2699 604 2744 Quod
621 2699 740 2745 igitur
757 2710 779 2732 a
795 2696 905 2732 nobis
930 2701 967 2730 et
984 2695 1172 2742 seraphici
1197 2693 1349 2729 Ordinis
1379 2694 1530 2739 caritas,
1561 2698 1598 2728 et
1615 2693 1736 2728 sancti
1754 2692 2040 2727 Bonaventurae

297 2760 514 2795 meritorum
542 2757 781 2804 magnitudo,
809 2760 847 2790 et
872 2755 1080 2790 catholicae
1111 2753 1318 2799 Ecclesiae,
1358 2753 1465 2788 cuius
1503 2751 1761 2798 gubernacula
1798 2750 1922 2795 nobis,
1950 2749 2039 2783 licet

296 2818 592 2862 immerentibus,
620 2830 642 2851 a
666 2816 747 2851 Deo
773 2815 973 2850 commissa
997 2818 1101 2859 sunt,
1128 2812 1274 2847 utilitas
1292 2816 1329 2846 et
1345 2811 1557 2846 aedificatio
1580 2810 1751 2857 requirit,
1777 2808 1906 2844 habita
1928 2820 2040 2853 super

296 2879 355 2913 his
382 2876 558 2913 onmibus
584 2889 672 2911 cum
700 2872 980 2909 venerabilibus
1005 2871 1184 2906 fratribus
1210 2871 1347 2906 nostris
1373 2869 1407 2906 S.
1435 2869 1477 2905 R.
1504 2869 1546 2904 E.
1574 2867 1838 2905 Cardinalibus
1856 2866 2038 2901 delibera-

296 2939 398 2973 tione
431 2941 591 2981 matura,
632 2934 677 2969 de
715 2932 919 2968 eorundem
951 2931 1109 2966 consilio
1142 2935 1179 2965 ct
1210 2929 1380 2965 unanimi
1417 2941 1571 2964 assensu
1611 2933 1648 2962 et
1688 2940 1733 2962 ex
1773 2930 1875 2961 certa
1913 2929 2037 2959 nostra
