2253 3317
50 2228 81 2246 Ad
94 2229 168 2252 opposi-

713 142 796 170 DIST.
818 143 858 170 ΙΙΙ.
879 143 905 170 Ρ.
928 143 946 171 Ι.
968 143 1041 170 ART.
1064 143 1180 171 UNICUS
1201 143 1337 179 QUAEST.
1358 144 1376 171 Ι.
1878 147 1914 174 67

169 219 198 248 In
229 219 311 248 tertia
331 219 411 248 docet
437 218 618 255 contemplari
646 219 674 247 in
701 219 758 248 Deo
783 220 935 248 trinitatem
962 227 1012 256 per

170 265 418 294 considerationem
439 265 548 302 vestigii
569 266 597 293 in
612 268 756 301 creatura,
779 266 834 294 ibi:
850 266 909 294 Per
924 265 1014 294 consi-

170 312 348 340 clerutionem
368 311 465 349 itaque
490 316 702 340 creaturarum
729 315 796 347 etc.,
824 312 873 340 nbi
894 311 1014 340 ostendit

169 358 321 386 trinitatem
348 358 600 394 appropriatorum-
622 358 650 386 in
678 358 735 387 Deo
762 361 789 387 et
813 362 950 395 quantum
978 358 1014 386 ad

169 408 263 433 actum
284 404 462 439 conditionis,
484 407 511 433 et
531 407 668 441 quantum
696 405 732 433 ad
760 408 853 433 actum
884 404 1015 433 reforma-

168 451 259 479 tionis.
281 450 309 478 In
331 454 431 487 quarta
452 453 546 479 autem
560 451 699 487 particula
713 451 848 485 ostendit,
863 451 939 487 quod
954 458 1015 479 con-

169 497 301 525 sideratio
323 497 464 525 Trinitatis
484 504 535 534 per
557 497 705 533 vestigium
726 505 780 525 non
802 499 843 525 est
858 496 1014 531 sufficiens,

170 543 218 571 sed
240 543 405 580 longinqua,
427 543 482 571 ibi:
506 543 743 571 Ecceostensum
764 546 821 577 est,
842 542 969 580 qualiter
984 543 1016 571 in

171 589 326 617 creaturis.

249 635 334 663 Nunc
354 643 421 663 vero
443 634 484 663 aa
503 643 568 663 eum
582 635 644 663 ium
658 635 867 671 perveniamus
886 635 1016 672 disputa-

171 682 282 710 tionem.
299 682 368 710 Haec
381 682 389 694 ¹
411 684 453 710 est
472 681 596 710 secunda
616 689 682 718 pars
710 681 790 710 istius
817 682 1015 717 distinctionis,

170 728 199 756 in
217 735 273 764 qua
287 727 415 764 Magister
429 727 529 764 probat
543 728 705 756 Trinitatem
719 731 747 756 et
761 728 897 757 Unitatem
911 736 962 765 per
983 729 1016 757 si-

170 773 356 802 militudinem
374 774 574 811 propinquam
594 777 622 802 et
649 782 829 811 expressam,
859 775 1014 804 cuiusmodi

171 823 212 849 est
233 820 339 857 imctyo.
363 820 393 848 Et
413 820 549 848 dividitur
573 820 641 849 haec
655 828 721 857 pars
735 821 763 849 in
778 821 866 850 duas:
882 821 910 849 in
924 822 1016 858 prima

171 867 291 895 ostendit
311 866 463 895 trinitatem
484 869 511 895 et
532 866 668 895 unitatem
689 867 717 895 in
738 867 867 896 Creatore
895 875 946 904 per
970 868 1016 896 tri-

171 912 286 941 nitatem
307 915 334 941 et
355 913 491 941 unitatem
519 913 722 942 consideratam
750 914 778 942 in
805 914 934 950 potentiis
962 915 1017 942 ani-

171 966 249 993 mae3
270 959 298 987 in
313 959 435 988 secunda
450 966 517 988 vero
533 960 562 987 in
576 959 733 993 habitibus,
747 959 803 988 ibi:
819 960 917 988 Potest
929 960 1017 988 etiam

172 1005 231 1034 ulio
252 1005 337 1033 modo
359 1005 482 1043 aliisque
503 1005 679 1034 nominibus.

250 1051 358 1080 Prima
379 1052 481 1080 iterum
502 1060 568 1089 pars
589 1052 673 1080 habet
694 1055 814 1089 quatuor
827 1052 836 1065 ²
856 1053 1017 1089 particulas.

172 1098 202 1126 In
222 1105 343 1134 quarum
364 1098 455 1135 prima
476 1098 611 1132 ostendit,
632 1098 682 1126 ubi
703 1098 864 1135 quaerenda
878 1099 913 1127 sit
927 1099 1018 1135 imago

172 1145 200 1173 in
221 1144 328 1178 anima,
349 1144 481 1181 quoniam
502 1144 530 1172 in
550 1146 629 1180 parte
650 1145 789 1181 superiori
809 1147 836 1173 et
857 1144 906 1173 in³
928 1145 1018 1173 tribus

173 1191 302 1228 potentiis
323 1190 400 1225 eius,
421 1190 525 1219 scilicet
546 1190 696 1225 memoria,
724 1190 906 1227 intelligentia
926 1194 953 1219 et
974 1199 1019 1219 vo-

173 1237 287 1266 luntate.
308 1237 338 1265 In
359 1236 482 1265 secunda
502 1244 569 1265 vero
583 1237 670 1273 tangit
685 1237 813 1273 imaginis
835 1237 1018 1272 conditiones,

173 1291 245 1321 quae
266 1286 332 1312 sunt
351 1284 476 1317 trinitas,
496 1283 589 1311 unitas
610 1286 637 1311 et
662 1283 830 1320 aequalitas,
859 1283 910 1312 ibi:
939 1284 1018 1312 Haec

1068 228 1138 257 erqo
1161 219 1238 253 tria,
1259 223 1293 248 ut
1306 220 1351 248 uit
1368 220 1562 258 Auyustinus.
1583 220 1612 249 In
1634 221 1715 249 tertia
1736 229 1802 250 vero
1824 225 1916 251 movet

1070 269 1097 294 et
1118 265 1200 294 solvit
1221 265 1438 301 dubitationem,
1470 274 1541 303 quae
1572 267 1662 295 oritur
1690 275 1725 295 ex
1747 268 1914 304 praedictis:

1070 315 1168 340 utrum
1189 312 1293 340 scilicet
1314 312 1406 340 anima
1427 313 1462 341 sit
1484 320 1551 341 suae
1565 313 1719 350 potentiae,
1734 314 1790 342 ibi:
1806 314 1861 342 Hic
1876 318 1917 342 ut-

1072 358 1244 386 tendendum
1264 362 1306 386 est
1325 358 1485 396 diligenter.
1506 360 1535 387 ln
1557 362 1657 396 quarta
1671 362 1765 388 autem
1780 360 1861 389 docet
1875 368 1916 388 ca-

1071 412 1137 433 vere
1158 412 1300 439 errorem,
1321 405 1369 442 qui
1384 408 1477 442 posset
1491 406 1600 434 causari
1615 406 1659 434 vel
1670 406 1679 421 ⁴
1696 406 1763 434 oriri
1778 414 1814 435 ex
1829 409 1918 435 osten-

1072 451 1148 479 sione
1163 451 1294 479 trinitatis
1309 454 1433 486 creatae,
1449 452 1524 488 quod
1538 452 1699 481 omnimoda
1710 452 1863 481 similitudo
1876 461 1917 482 es-

1072 500 1114 526 set
1124 497 1158 525 ad
1172 497 1322 526 increatam
1332 508 1339 532 ;
1353 497 1402 526 ubi
1416 498 1545 531 ostendit,
1560 498 1635 534 quod
1650 499 1775 527 maxima
1786 502 1828 527 est
1839 499 1918 528 dissi-

1072 543 1202 571 militudo
1216 543 1344 580 imaginis
1354 543 1390 572 ad
1402 543 1500 578 Deum,
1515 544 1570 572 ibi:
1593 544 1796 573 Verumtamen
1806 549 1916 574 caveat.

1151 589 1249 617 Potest
1267 589 1355 617 etiam
1376 589 1435 618 atio
1455 590 1540 618 modo
1560 590 1684 627 aliisque
1709 593 1760 620 etc.
1782 592 1854 620 Haec
1875 595 1917 620 est

1071 635 1200 663 secunda
1231 643 1297 672 pars
1317 636 1405 672 partis
1426 636 1565 664 secundae
1594 636 1679 664 huius
1700 637 1917 672 distinctionis⁵‚

1072 682 1100 709 in
1121 689 1177 718 qua
1197 682 1315 710 intendit
1336 682 1503 719 investigare
1522 683 1650 720 Magister
1667 683 1815 720 imaginem
1830 684 1858 712 in
1872 684 1918 713 ha-

1073 727 1178 756 bitibus
1198 728 1307 757 animae
1328 728 1484 757 secundum
1505 729 1580 765 quod
1601 730 1733 766 possibile
1752 733 1818 765 est,
1832 733 1859 759 et
1880 731 1919 759 di-

1072 774 1178 802 viditur
1199 774 1268 803 haec
1282 782 1348 811 pars
1362 775 1390 803 in
1405 778 1526 812 quatuor
1539 776 1699 812 particulas.
1721 776 1825 805 Primo
1844 777 1918 805 enim

1072 820 1121 848 illa
1132 821 1228 857 tangit,
1243 821 1271 849 in
1286 821 1388 857 quibus
1403 821 1494 858 imago
1509 822 1650 851 Trinitatis
1664 822 1832 857 attenditur,
1847 831 1919 859 quae

1073 870 1138 895 sunt
1153 874 1248 901 mens,
1264 867 1360 895 notitia
1378 870 1406 896 et
1419 875 1506 896 amor.
1522 868 1671 902 Secutum,
1692 869 1747 897 illis
1761 869 1919 906 praetactiS,

1073 913 1207 948 ostendit,
1229 914 1304 950 quod
1325 913 1353 942 in
1374 914 1418 943 his
1439 914 1591 943 attenditur
1612 914 1703 951 imago
1724 918 1839 952 propter
1859 923 1920 944 con-

1074 960 1351 994 substantialitatem,
1372 960 1499 989 ordinem
1514 963 1541 989 et
1555 961 1761 998 aequalitatem,
1773 961 1825 990 ibi:
1840 962 1919 990 Haec

1074 1010 1172 1034 autem
1194 1006 1254 1034 tria
1278 1014 1345 1034 cum
1368 1006 1429 1034 sint
1442 1009 1493 1036 etc.
1515 1007 1609 1035 Tertio
1630 1008 1764 1042 ostendit,
1780 1008 1920 1045 quomodo

1073 1060 1152 1081 mens
1174 1053 1315 1082 rationalis
1337 1054 1364 1081 in
1386 1053 1616 1090 contemplatione
1648 1054 1779 1083 trinitatis
1811 1056 1920 1083 creatae

1074 1098 1184 1135 proficit
1210 1099 1245 1127 ad
1271 1099 1421 1128 videndam
1448 1103 1475 1128 et
1506 1100 1726 1136 cognoscendam
1758 1100 1920 1129 Trinitatem

1075 1145 1226 1173 increatam
1255 1145 1282 1173 in
1309 1146 1430 1181 Unitate,
1456 1146 1511 1174 ibi:
1541 1146 1619 1174 Mens
1639 1146 1737 1184 itaque
1763 1146 1920 1175 rationulis

1076 1191 1265 1220 considerans
1285 1191 1355 1221 haec
1377 1193 1446 1221 tria.
1470 1193 1581 1228 Quarto
1603 1201 1670 1222 vero
1692 1193 1814 1222 breviter
1836 1193 1920 1222 recol-

1075 1236 1136 1273 ligit
1166 1245 1238 1274 quae
1268 1246 1354 1275 supra
1382 1242 1447 1267 sunt
1472 1239 1676 1273 demonstrata,
1704 1239 1759 1267 ibi:
1790 1240 1921 1276 Quapro-

1073 1287 1139 1320 pter
1160 1284 1246 1312 iuoetct
1267 1284 1356 1313 istum
1377 1285 1645 1314 considerationem.

756 1367 994 1396 TRACTATIO
1026 1367 1338 1404 QUAESTIONUM.

253 1452 292 1481 Ad
304 1452 514 1489 intelligentiam
525 1460 624 1481 eorum
635 1460 707 1489 quae
722 1453 750 1481 in
765 1453 817 1481 hac
832 1455 911 1490 parte
925 1452 1016 1489 prima

174 1499 328 1536 praesentis
340 1499 522 1527 distinctionis
530 1502 692 1536 tanguntur,
701 1502 822 1536 quatuor
831 1502 1015 1537 quaeruntur.

253 1545 393 1574 Pi'imum
417 1548 476 1580 est,
501 1548 598 1574 utrum
619 1546 694 1575 Deus
722 1546 757 1575 sit
784 1546 977 1583 cognoscibilis
1002 1554 1017 1574 a

176 1594 316 1620 creatura.

255 1637 420 1666 Seeumtum
454 1641 504 1673 est,
537 1641 634 1667 utrum
670 1639 705 1667 sit
739 1639 930 1676 cognoscibilis
967 1647 1017 1676 per

177 1686 344 1712 creaturam.

1159 1453 1288 1482 Tertium
1309 1457 1369 1488 est,
1399 1457 1497 1483 utrum
1528 1455 1629 1483 modus
1657 1455 1842 1491 cognoscendi
1869 1462 1919 1492 per

1072 1503 1231 1528 creaturam
1259 1500 1405 1529 conveniat
1432 1501 1538 1529 homini
1571 1504 1709 1538 quantum
1741 1501 1777 1529 ad
1808 1509 1919 1530 omnem

1074 1549 1195 1581 statum,
1216 1546 1320 1575 scilicet
1342 1549 1445 1575 statum
1468 1547 1657 1582 innocentiae,
1678 1550 1782 1576 statum
1804 1550 1920 1576 naturae

1074 1592 1168 1629 lapsae
1190 1595 1217 1621 et
1238 1595 1342 1621 statum
1363 1596 1480 1622 naturae
1502 1593 1679 1630 glorificatae.

1155 1640 1309 1675 Quartum·
1323 1643 1379 1674 est,
1401 1640 1469 1677 quid
1490 1640 1525 1669 sit
1540 1640 1574 1669 de
1589 1640 1646 1669 Deo
1667 1640 1851 1677 cognoscibile
1870 1648 1920 1677 per

1075 1688 1242 1714 creaturam.

832 1771 1066 1805 ARTICULUS
1090 1771 1251 1804 UNICUS.

784 1848 833 1876 De
866 1848 1209 1886 coqnosoibititute
1239 1848 1314 1877 Dei.

955 1931 1106 1968 QUAEsno
1127 1933 1145 1961 1.

706 2001 810 2030 Utrum
832 2001 908 2029 Deus
928 2002 968 2030 sit
989 2002 1189 2039 coquoscibitis
1210 2011 1229 2031 ct
1251 2007 1400 2031 creatura.

238 2077 316 2105 Circa
337 2078 476 2113 primum,
498 2078 573 2115 quod
594 2087 649 2107 non
670 2079 705 2107 sit
728 2079 803 2107 Deus
827 2079 1021 2116 cognoscibilis

179 2131 195 2151 a
216 2127 359 2159 creatura,
378 2125 533 2154 ostenditur

241 2171 264 2198 l.
274 2170 324 2199 Per
332 2171 536 2209 auctoritatem
544 2172 664 2208 Dionysii
674 2172 709 2200 de
716 2171 822 2201 Divinis
831 2172 1019 2201 NominibusG:

188 2230 198 2241 «
210 2217 298 2246 Deum
310 2226 400 2255 neque
412 2218 504 2247 dicere
518 2226 608 2255 neque
623 2219 776 2256 intelligere
789 2219 920 2256 possibile
931 2222 982 2248 est.
993 2232 1019 2247 ι».

239 2265 266 2292 2.
298 2264 364 2292 Item
395 2265 550 2293 ostenditur
580 2265 695 2293 ratione
721 2273 772 2302 per
806 2266 1020 2302 quadruplicem

180 2311 411 2347 suppositionem,
432 2319 517 2347 quam
538 2319 650 2340 necesse
671 2314 712 2340 est
726 2320 786 2346 esse
800 2312 828 2341 in
847 2312 1001 2349 cognitione
1013 2335 1020 2347 ,

181 2356 285 2385 scilicet
302 2357 538 2394 proportionem,
559 2357 696 2386 unionem
724 2358 782 2387 sive
812 2359 1000 2396 receptionem
1013 2381 1020 2393 ,

1079 2080 1223 2108 iudicium
1244 2081 1290 2109 et⁷
1315 2080 1560 2118 informationem.
1583 2081 1741 2110 Intellectus
1773 2081 1846 2109 enim
1868 2089 1922 2109 non

1079 2126 1206 2163 intelligit
1224 2127 1277 2155 nisi
1292 2127 1367 2164 quod
1385 2130 1427 2156 est
1451 2128 1503 2156 sibi
1524 2127 1779 2165 proportionabile,
1800 2130 1827 2156 et
1847 2127 1922 2164 quod

1079 2173 1130 2201 sibi
1151 2173 1245 2210 aliquo
1266 2174 1485 2208 modorunitum
1506 2177 1533 2203 et
1554 2174 1589 2203 de
1610 2182 1665 2211 quo
1696 2174 1818 2208 iudicat,
1849 2176 1877 2202 et
1906 2181 1923 2201 a

1078 2227 1134 2255 quo
1155 2220 1228 2248 acies
1249 2220 1445 2257 intelligentiae
1466 2220 1641 2249 informatur.

1157 2266 1197 2294 Ex
1214 2267 1319 2303 prima
1340 2267 1530 2304 suppositione
1560 2267 1689 2304 arguitur
1721 2267 1778 2295 sic:
1810 2274 1923 2295 necesse

1077 2315 1137 2347 est,
1152 2320 1212 2341 esse
1232 2314 1441 2350 proportionem
1456 2314 1645 2351 cognoscentis
1659 2313 1694 2342 ad
1709 2314 1893 2350 cognoscibile
1905 2313 1923 2347 ⁸3

1078 2359 1128 2388 sed
1149 2359 1199 2388 Dei
1220 2360 1255 2388 ad
1277 2360 1449 2390 intellectum
1471 2368 1526 2389 non
1545 2363 1586 2389 est
1600 2360 1752 2397 proportio,
1767 2360 1834 2397 quia
1847 2360 1923 2389 Deus

244 2456 252 2470 ¹
264 2457 322 2485 Vat.‚
335 2458 476 2485 seiungendo
494 2457 551 2480 duas
568 2459 694 2486 praesentis
711 2459 861 2482 distinctionis
884 2462 967 2488 partes,
986 2467 1021 2482 se-

183 2499 291 2525 quentem
307 2498 470 2524 expositionem
487 2497 573 2520 litterae
589 2498 646 2520 infra
664 2499 686 2520 in
698 2499 811 2526 principio
823 2499 938 2521 secundae
950 2500 1020 2527 partis

183 2535 252 2556 huius
269 2534 417 2557 distinctionis
434 2535 509 2563 affert,
527 2535 568 2558 sed
585 2538 662 2558 contra
680 2543 733 2559 mss.
752 2537 884 2560 lminediate
900 2540 953 2565 post
968 2538 1018 2560 Vat.

183 2576 274 2601 praeter
290 2573 359 2595 fidem
376 2573 443 2596 codd.
461 2577 483 2597 et
499 2574 534 2596 ed.
553 2576 561 2596 i
583 2574 654 2598 huius
671 2576 721 2597 loco
738 2575 812 2599 istius.
834 2594 844 2610 .

246 2611 255 2625 ‘2
267 2611 322 2634 Cod.
340 2611 357 2633 O
375 2611 442 2635 habet
457 2618 500 2635 sea:
513 2612 646 2641 particulas
657 2616 679 2635 et
690 2614 792 2642 singulas
803 2615 967 2643 enumerando,
979 2614 1019 2637 ubi

185 2651 213 2673 de
226 2652 289 2673 tertia
302 2651 355 2678 agit,
367 2651 431 2678 legit:
443 2651 471 2673 In
482 2650 551 2674 tertia
562 2651 593 2674 ad
603 2651 742 2675 evidentiam
756 2652 872 2676 dictorum
884 2652 955 2681 (locet,
967 2659 1021 2682 quo-

185 2689 253 2712 modo
271 2688 295 2711 in
313 2688 374 2712 [licta
390 2689 548 2719 assignatione
575 2689 686 2719 imayi‘m's
707 2690 839 2720 accipiatur
855 2697 921 2714 mens
938 2692 960 2714 et
976 2698 1021 2714 me-

185 2728 276 2756 moria,
294 2727 337 2751 ibi:
349 2728 415 2751 Mens
432 2730 511 2751 autem
528 2728 564 2752 hic
580 2735 624 2758 pro
641 2729 734 2758 animo,
747 2730 829 2752 deinde
847 2730 890 2753 snb
903 2734 983 2759 quarta
1000 2734 1023 2753 ct

184 2767 263 2796 quinta
280 2767 371 2789 exhibet
387 2768 475 2789 tertiam
492 2770 515 2789 et
531 2770 636 2796 quartam
648 2769 670 2790 in
683 2771 743 2791 textu
761 2770 866 2797 positum,
884 2775 910 2791 ac
927 2770 1020 2791 domum

186 2805 261 2828 addit:
274 2806 302 2828 In
314 2807 382 2828 seoeta.
397 2805 518 2834 particula
534 2805 606 2834 docet,
624 2808 731 2835 respectu
747 2807 815 2830 cuius
832 2807 912 2830 obiecti
928 2807 1023 2830 attendi-

187 2846 227 2868 tur
242 2844 321 2874 imaqo
338 2844 363 2867 in
380 2844 446 2867 dictis
459 2843 582 2873 potentiis,
600 2843 645 2867 ibi:
663 2844 790 2868 Sciendum
808 2851 868 2871 cero,
888 2846 951 2875 quod
967 2846 1023 2869 haec

187 2883 281 2907 trinitas
297 2884 388 2907 mentis.

1138 2460 1148 2475 ³
1166 2461 1216 2484 Vat.
1234 2463 1313 2484 contra
1334 2462 1467 2484 unanimem
1484 2467 1622 2484 consensum
1645 2467 1699 2483 mss.
1717 2464 1739 2483 et
1755 2460 1791 2482 cd.
1810 2461 1818 2482 4
1840 2461 1923 2483 omittit

1076 2498 1101 2521 in
1118 2502 1140 2521 et
1157 2499 1214 2522 eius.

1138 2537 1148 2552 ⁴
1165 2538 1224 2566 Vnt„
1241 2538 1412 2567 refragantibus
1428 2544 1482 2560 mss.
1495 2540 1517 2560 et
1528 2538 1564 2560 ed.
1583 2538 1591 2559 4
1604 2555 1608 2565 ,
1627 2538 1703 2559 minus
1715 2537 1774 2559 hene
1785 2539 1806 2560 et
1823 2543 1865 2565 pro
1877 2536 1920 2560 vel.

1139 2576 1149 2591 ⁵
1166 2577 1223 2604 Vat,
1250 2578 1340 2599 omissis
1362 2577 1441 2599 verbis
1463 2577 1562 2604 Magistri
1584 2577 1717 2604 variamque
1740 2577 1920 2604 constructione,

1077 2616 1122 2636 sic:
1141 2614 1254 2637 Similiter
1270 2614 1374 2638 secunda
1389 2621 1460 2644 pars,
1475 2614 1500 2637 in
1511 2620 1580 2644 qua...
1592 2613 1701 2643 possibile
1712 2615 1757 2642 est,
1772 2613 1884 2637 diuiditur
1896 2613 1921 2636 in

1079 2654 1197 2682 qztatuor,·
1216 2653 1257 2675 sed
1274 2656 1351 2675 contra
1369 2659 1423 2675 mss.
1440 2655 1462 2674 et
1478 2652 1514 2674 ed.
1534 2653 1554 2674 1,

1141 2691 1150 2705 ⁶
1167 2691 1221 2719 Cap.
1241 2692 1260 2713 i.
1278 2692 1338 2713 circa
1355 2691 1470 2713 medium:
1488 2691 1561 2718 Quem
1579 2696 1653 2719 neque
1670 2691 1794 2718 intelligere
1812 2690 1921 2718 possibile

1079 2732 1112 2752 est
1129 2735 1203 2758 neque
1221 2729 1297 2752 dicere
1315 2730 1360 2755 (ed.
1378 2730 1452 2757 Migne
1470 2730 1529 2752 iuxta
1547 2729 1623 2751 transl.
1642 2730 1701 2751 Scoti
1719 2729 1846 2758 Erigenae).

1141 2768 1151 2782 ⁷
1168 2767 1282 2790 Omittitur
1299 2771 1376 2790 contra
1394 2768 1461 2790 codd.
1479 2770 1501 2790 et
1517 2767 1552 2790 ed.
1575 2769 1581 2789 1
1603 2768 1624 2789 in
1642 2767 1693 2790 Vat.
1710 2769 1737 2790 et.

1142 2805 1152 2820 ²³
1168 2806 1265 2834 Ariston,
1278 2806 1314 2828 Vl.
1327 2807 1395 2828 Ethic.
1408 2812 1427 2828 c.
1441 2807 1448 2828 i
1461 2811 1466 2828 :
1484 2807 1507 2828 Si
1519 2806 1613 2835 quidem
1625 2812 1652 2828 ex
1663 2806 1809 2828 similitudine
1821 2806 1920 2835 quadani

1080 2847 1102 2866 et
1114 2845 1220 2866 affinitate
1232 2845 1331 2872 cognitio
1348 2845 1421 2867 existit
1437 2846 1493 2873 ipsis
1505 2845 1560 2869 (scil.
1574 2845 1680 2873 potentiis
1691 2846 1796 2873 animae).
1809 2856 1840 2861 -—-
1851 2845 1920 2866 Paulo

1081 2884 1138 2906 infra
1156 2886 1207 2911 post
1224 2883 1366 2906 intellectum
1384 2883 1482 2906 subaudi
1500 2885 1624 2907 creaturae
1646 2884 1695 2906 sive
1714 2883 1853 2906 latinianum.
1872 2883 1920 2905 Mox
