<?xml version="1.0" encoding="UTF-8"?>
<!DOCTYPE html PUBLIC "-//W3C//DTD XHTML 1.0 Transitional//EN"
    "http://www.w3.org/TR/xhtml1/DTD/xhtml1-transitional.dtd">
<html xmlns="http://www.w3.org/1999/xhtml" xml:lang="en" lang="en">
 <head>
  <title>
</title>
<meta http-equiv="Content-Type" content="text/html;charset=utf-8" />
  <meta name='ocr-system' content='tesseract 3.04.00' />
  <meta name='ocr-capabilities' content='ocr_page ocr_carea ocr_par ocr_line ocrx_word'/>
</head>
<body>
  <div class='ocr_page' id='page_1' title='image "./doctorisseraphic11bona_0229.png"; bbox 0 0 2253 3317; ppageno 0'>
   <div class='ocr_carea' id='block_1_1' title="bbox 26 772 160 792">
    <p class='ocr_par' dir='ltr' id='par_1_1' title="bbox 26 772 160 792">
     <span class='ocr_line' id='line_1_1' title="bbox 26 772 160 792; baseline -0.007 0"><span class='ocrx_word' id='word_1_1' title='bbox 26 772 160 792; x_wconf 75' lang='lat' dir='ltr'>Fundamenta.</span> 
     </span>
    </p>
   </div>
   <div class='ocr_carea' id='block_1_2' title="bbox 28 1561 156 1603">
    <p class='ocr_par' dir='ltr' id='par_1_2' title="bbox 28 1561 156 1603">
     <span class='ocr_line' id='line_1_2' title="bbox 53 1561 156 1586; baseline 0 -6"><span class='ocrx_word' id='word_1_2' title='bbox 53 1561 83 1580; x_wconf 74' lang='lat' dir='ltr'>Ad</span> <span class='ocrx_word' id='word_1_3' title='bbox 99 1567 156 1586; x_wconf 78' lang='lat' dir='ltr'>oppo-</span> 
     </span>
     <span class='ocr_line' id='line_1_3' title="bbox 28 1584 91 1603; baseline 0 0"><span class='ocrx_word' id='word_1_4' title='bbox 28 1584 91 1603; x_wconf 79' lang='lat' dir='ltr'>situm.</span> 
     </span>
    </p>
   </div>
   <div class='ocr_carea' id='block_1_3' title="bbox 746 124 1908 161">
    <p class='ocr_par' dir='ltr' id='par_1_3' title="bbox 746 124 1908 161">
     <span class='ocr_line' id='line_1_4' title="bbox 746 124 1908 161; baseline 0.003 -9"><span class='ocrx_word' id='word_1_5' title='bbox 746 125 829 153; x_wconf 89' lang='lat' dir='ltr'>DIST.</span> <span class='ocrx_word' id='word_1_6' title='bbox 852 126 893 153; x_wconf 93' lang='lat' dir='ltr'>VI.</span> <span class='ocrx_word' id='word_1_7' title='bbox 915 125 986 153; x_wconf 77' lang='lat' dir='ltr'>ART.</span> <span class='ocrx_word' id='word_1_8' title='bbox 1009 124 1124 153; x_wconf 88' lang='lat' dir='ltr'>UNICUS</span> <span class='ocrx_word' id='word_1_9' title='bbox 1146 125 1280 161; x_wconf 75' lang='lat' dir='ltr'>QUAEST.</span> <span class='ocrx_word' id='word_1_10' title='bbox 1303 125 1331 153; x_wconf 89' lang='grc'>11.</span> <span class='ocrx_word' id='word_1_11' title='bbox 1854 129 1908 156; x_wconf 71' lang='grc'>127</span> 
     </span>
    </p>
   </div>
   <div class='ocr_carea' id='block_1_4' title="bbox 169 202 1012 309">
    <p class='ocr_par' dir='ltr' id='par_1_4' title="bbox 169 202 1012 309">
     <span class='ocr_line' id='line_1_5' title="bbox 169 202 1011 232; baseline -0.004 -5"><span class='ocrx_word' id='word_1_12' title='bbox 169 211 189 227; x_wconf 82' lang='lat' dir='ltr'>a.</span> <span class='ocrx_word' id='word_1_13' title='bbox 211 205 234 232; x_wconf 83' lang='lat' dir='ltr'>i;</span> <span class='ocrx_word' id='word_1_14' title='bbox 253 205 274 226; x_wconf 84' lang='lat' dir='ltr'>S.</span> <span class='ocrx_word' id='word_1_15' title='bbox 292 211 315 232; x_wconf 89' lang='lat' dir='ltr'>p.</span> <span class='ocrx_word' id='word_1_16' title='bbox 333 203 346 225; x_wconf 96' lang='lat' dir='ltr'>I.</span> <span class='ocrx_word' id='word_1_17' title='bbox 365 206 391 225; x_wconf 87' lang='lat' dir='ltr'>tr.</span> <span class='ocrx_word' id='word_1_18' title='bbox 409 202 431 225; x_wconf 86' lang='lat'>7.</span> <span class='ocrx_word' id='word_1_19' title='bbox 448 209 470 231; x_wconf 88' lang='lat' dir='ltr'>q.</span> <span class='ocrx_word' id='word_1_20' title='bbox 489 202 526 224; x_wconf 84' lang='lat'>30.</span> <span class='ocrx_word' id='word_1_21' title='bbox 543 208 574 224; x_wconf 89' lang='lat' dir='ltr'>m.</span> <span class='ocrx_word' id='word_1_22' title='bbox 593 202 613 224; x_wconf 90' lang='grc'>3.</span> <span class='ocrx_word' id='word_1_23' title='bbox 631 209 650 224; x_wconf 85' lang='lat' dir='ltr'>a.</span> <span class='ocrx_word' id='word_1_24' title='bbox 669 203 690 224; x_wconf 74' lang='lat'>2.</span> <span class='ocrx_word' id='word_1_25' title='bbox 707 214 739 218; x_wconf 97' lang='lat'><strong>—</strong></span> <span class='ocrx_word' id='word_1_26' title='bbox 756 203 814 224; x_wconf 78' lang='lat' dir='ltr'>Petr.</span> <span class='ocrx_word' id='word_1_27' title='bbox 832 209 844 224; x_wconf 84' lang='lat' dir='ltr'>a</span> <span class='ocrx_word' id='word_1_28' title='bbox 862 203 928 231; x_wconf 68' lang='lat' dir='ltr'>Tar.y</span> <span class='ocrx_word' id='word_1_29' title='bbox 941 203 977 224; x_wconf 85' lang='lat' dir='ltr'>hic</span> <span class='ocrx_word' id='word_1_30' title='bbox 989 208 1011 230; x_wconf 86' lang='lat' dir='ltr'>q.</span> 
     </span>
     <span class='ocr_line' id='line_1_6' title="bbox 170 240 1011 269; baseline -0.002 -5"><span class='ocrx_word' id='word_1_31' title='bbox 170 243 189 264; x_wconf 70' lang='lat' dir='ltr'>rI.</span> <span class='ocrx_word' id='word_1_32' title='bbox 208 249 227 264; x_wconf 87' lang='lat' dir='ltr'>a.</span> <span class='ocrx_word' id='word_1_33' title='bbox 248 243 267 264; x_wconf 83' lang='lat' dir='ltr'>I.</span> <span class='ocrx_word' id='word_1_34' title='bbox 285 253 317 258; x_wconf 92' lang='grc'>--</span> <span class='ocrx_word' id='word_1_35' title='bbox 333 241 438 263; x_wconf 78' lang='lat' dir='ltr'>Richard.</span> <span class='ocrx_word' id='word_1_36' title='bbox 457 247 469 262; x_wconf 88' lang='lat' dir='ltr'>a</span> <span class='ocrx_word' id='word_1_37' title='bbox 487 240 557 268; x_wconf 73' lang='lat' dir='ltr'>Med,</span> <span class='ocrx_word' id='word_1_38' title='bbox 576 241 612 263; x_wconf 83' lang='lat' dir='ltr'>hic.</span> <span class='ocrx_word' id='word_1_39' title='bbox 635 247 656 269; x_wconf 82' lang='lat' dir='ltr'>q.</span> <span class='ocrx_word' id='word_1_40' title='bbox 684 241 705 262; x_wconf 78' lang='grc'>1.</span> <span class='ocrx_word' id='word_1_41' title='bbox 722 252 754 256; x_wconf 94' lang='grc'><strong>-</strong></span> <span class='ocrx_word' id='word_1_42' title='bbox 769 240 844 268; x_wconf 78' lang='lat' dir='ltr'>AEgid.</span> <span class='ocrx_word' id='word_1_43' title='bbox 866 240 904 268; x_wconf 65' lang='lat' dir='ltr'>R..</span> <span class='ocrx_word' id='word_1_44' title='bbox 931 241 967 262; x_wconf 91' lang='lat' dir='ltr'>hic</span> <span class='ocrx_word' id='word_1_45' title='bbox 991 240 1011 262; x_wconf 73' lang='lat' dir='ltr'>t.</span> 
     </span>
     <span class='ocr_line' id='line_1_7' title="bbox 171 277 1012 309; baseline -0.004 -6"><span class='ocrx_word' id='word_1_46' title='bbox 171 281 242 309; x_wconf 82' lang='lat' dir='ltr'>princ.</span> <span class='ocrx_word' id='word_1_47' title='bbox 256 287 278 309; x_wconf 82' lang='lat' dir='ltr'>q.</span> <span class='ocrx_word' id='word_1_48' title='bbox 291 280 309 302; x_wconf 85' lang='grc' dir='ltr'>Ι.</span> <span class='ocrx_word' id='word_1_49' title='bbox 320 283 341 302; x_wconf 86' lang='lat' dir='ltr'>et</span> <span class='ocrx_word' id='word_1_50' title='bbox 351 281 371 302; x_wconf 78' lang='lat'>2.</span> <span class='ocrx_word' id='word_1_51' title='bbox 386 291 418 295; x_wconf 98' lang='lat'><strong>—</strong></span> <span class='ocrx_word' id='word_1_52' title='bbox 428 279 496 301; x_wconf 82' lang='lat' dir='ltr'>Henr.</span> <span class='ocrx_word' id='word_1_53' title='bbox 514 278 599 306; x_wconf 70' lang='lat' dir='ltr'>Gand.‚</span> <span class='ocrx_word' id='word_1_54' title='bbox 612 278 641 300; x_wconf 75' lang='lat' dir='ltr'>de</span> <span class='ocrx_word' id='word_1_55' title='bbox 654 279 696 300; x_wconf 76' lang='lat' dir='ltr'>hac</span> <span class='ocrx_word' id='word_1_56' title='bbox 707 281 729 300; x_wconf 83' lang='lat' dir='ltr'>et</span> <span class='ocrx_word' id='word_1_57' title='bbox 740 285 788 307; x_wconf 85' lang='lat' dir='ltr'>seq.</span> <span class='ocrx_word' id='word_1_58' title='bbox 801 285 823 307; x_wconf 89' lang='lat' dir='ltr'>q.</span> <span class='ocrx_word' id='word_1_59' title='bbox 836 279 858 300; x_wconf 82' lang='lat' dir='ltr'>S.</span> <span class='ocrx_word' id='word_1_60' title='bbox 874 285 894 300; x_wconf 85' lang='lat' dir='ltr'>a.</span> <span class='ocrx_word' id='word_1_61' title='bbox 908 277 944 300; x_wconf 74' lang='lat'>54.</span> <span class='ocrx_word' id='word_1_62' title='bbox 956 285 979 307; x_wconf 83' lang='lat' dir='ltr'>q.</span> <span class='ocrx_word' id='word_1_63' title='bbox 991 279 1012 300; x_wconf 84' lang='lat'>3.</span> 
     </span>
    </p>
   </div>
   <div class='ocr_carea' id='block_1_5' title="bbox 1069 201 1908 271">
    <p class='ocr_par' dir='ltr' id='par_1_5' title="bbox 1069 201 1908 271">
     <span class='ocr_line' id='line_1_8' title="bbox 1069 201 1908 232; baseline 0.004 -9"><span class='ocrx_word' id='word_1_64' title='bbox 1069 208 1090 223; x_wconf 89' lang='lat' dir='ltr'>n.</span> <span class='ocrx_word' id='word_1_65' title='bbox 1109 201 1145 223; x_wconf 75' lang='lat'>45.</span> <span class='ocrx_word' id='word_1_66' title='bbox 1163 208 1227 230; x_wconf 84' lang='lat' dir='ltr'>seqq.</span> <span class='ocrx_word' id='word_1_67' title='bbox 1244 214 1276 218; x_wconf 97' lang='lat'><strong>—</strong></span> <span class='ocrx_word' id='word_1_68' title='bbox 1292 202 1406 230; x_wconf 57' lang='lat' dir='ltr'>Duranct„</span> <span class='ocrx_word' id='word_1_69' title='bbox 1425 204 1460 225; x_wconf 82' lang='lat' dir='ltr'>hic</span> <span class='ocrx_word' id='word_1_70' title='bbox 1477 210 1499 231; x_wconf 89' lang='lat' dir='ltr'>q.</span> <span class='ocrx_word' id='word_1_71' title='bbox 1521 204 1538 225; x_wconf 87' lang='grc'>1.</span> <span class='ocrx_word' id='word_1_72' title='bbox 1555 215 1587 220; x_wconf 87' lang='lat'>——</span> <span class='ocrx_word' id='word_1_73' title='bbox 1603 203 1695 231; x_wconf 81' lang='lat' dir='ltr'>Dionys.</span> <span class='ocrx_word' id='word_1_74' title='bbox 1712 203 1802 232; x_wconf 50' lang='lat' dir='ltr'>Carth„</span> <span class='ocrx_word' id='word_1_75' title='bbox 1821 204 1849 226; x_wconf 81' lang='lat' dir='ltr'>de</span> <span class='ocrx_word' id='word_1_76' title='bbox 1866 205 1908 227; x_wconf 74' lang='lat' dir='ltr'>hnc</span> 
     </span>
     <span class='ocr_line' id='line_1_9' title="bbox 1069 241 1752 271; baseline 0.004 -9"><span class='ocrx_word' id='word_1_77' title='bbox 1069 243 1091 262; x_wconf 90' lang='lat' dir='ltr'>et</span> <span class='ocrx_word' id='word_1_78' title='bbox 1107 246 1155 268; x_wconf 80' lang='lat' dir='ltr'>seq.</span> <span class='ocrx_word' id='word_1_79' title='bbox 1173 241 1210 262; x_wconf 90' lang='lat' dir='ltr'>hic</span> <span class='ocrx_word' id='word_1_80' title='bbox 1227 247 1249 269; x_wconf 88' lang='lat' dir='ltr'>q.</span> <span class='ocrx_word' id='word_1_81' title='bbox 1268 241 1288 262; x_wconf 77' lang='lat' dir='ltr'>t.</span> <span class='ocrx_word' id='word_1_82' title='bbox 1305 252 1337 257; x_wconf 83' lang='lat'>·-</span> <span class='ocrx_word' id='word_1_83' title='bbox 1352 241 1411 269; x_wconf 69' lang='lat' dir='ltr'>Biel,</span> <span class='ocrx_word' id='word_1_84' title='bbox 1429 241 1457 263; x_wconf 79' lang='lat' dir='ltr'>de</span> <span class='ocrx_word' id='word_1_85' title='bbox 1476 242 1517 263; x_wconf 85' lang='lat' dir='ltr'>hae</span> <span class='ocrx_word' id='word_1_86' title='bbox 1534 245 1556 264; x_wconf 84' lang='lat' dir='ltr'>et</span> <span class='ocrx_word' id='word_1_87' title='bbox 1572 248 1620 271; x_wconf 83' lang='lat' dir='ltr'>seq.</span> <span class='ocrx_word' id='word_1_88' title='bbox 1638 243 1674 264; x_wconf 79' lang='lat' dir='ltr'>hic</span> <span class='ocrx_word' id='word_1_89' title='bbox 1691 249 1712 271; x_wconf 87' lang='lat' dir='ltr'>q.</span> <span class='ocrx_word' id='word_1_90' title='bbox 1735 243 1752 265; x_wconf 90' lang='grc'>1.</span> 
     </span>
    </p>
   </div>
   <div class='ocr_carea' id='block_1_6' title="bbox 938 378 1139 415">
    <p class='ocr_par' dir='ltr' id='par_1_6' title="bbox 938 378 1139 415">
     <span class='ocr_line' id='line_1_10' title="bbox 938 378 1139 415; baseline -0.01 -7"><span class='ocrx_word' id='word_1_91' title='bbox 938 378 1088 415; x_wconf 86' lang='lat' dir='ltr'>QUAESTIO</span> <span class='ocrx_word' id='word_1_92' title='bbox 1110 378 1139 406; x_wconf 87' lang='lat'>11.</span> 
     </span>
    </p>
   </div>
   <div class='ocr_carea' id='block_1_7' title="bbox 517 472 1566 510">
    <p class='ocr_par' dir='ltr' id='par_1_7' title="bbox 517 472 1566 510">
     <span class='ocr_line' id='line_1_11' title="bbox 517 472 1566 510; baseline 0 -10"><span class='ocrx_word' id='word_1_93' title='bbox 517 473 620 501; x_wconf 71' lang='lat' dir='ltr'>Utrzmz</span> <span class='ocrx_word' id='word_1_94' title='bbox 643 472 792 510; x_wconf 75' lang='lat' dir='ltr'>gyeneratz&#39;o</span> <span class='ocrx_word' id='word_1_95' title='bbox 814 472 843 500; x_wconf 64' lang='grc'>111</span> <span class='ocrx_word' id='word_1_96' title='bbox 866 472 975 500; x_wconf 61' lang='lat' dir='ltr'>divinis</span> <span class='ocrx_word' id='word_1_97' title='bbox 995 472 1034 500; x_wconf 74' lang='lat' dir='ltr'>sit</span> <span class='ocrx_word' id='word_1_98' title='bbox 1053 472 1214 500; x_wconf 68' lang='lat' dir='ltr'>secundum</span> <span class='ocrx_word' id='word_1_99' title='bbox 1235 472 1380 500; x_wconf 76' lang='lat' dir='ltr'>rationem</span> <span class='ocrx_word' id='word_1_100' title='bbox 1400 472 1566 501; x_wconf 71' lang='lat' dir='ltr'>voluntatis.</span> 
     </span>
    </p>
   </div>
   <div class='ocr_carea' id='block_1_8' title="bbox 245 579 1040 617">
    <p class='ocr_par' dir='ltr' id='par_1_8' title="bbox 245 579 1040 617">
     <span class='ocr_line' id='line_1_12' title="bbox 245 579 1040 617; baseline 0 -9"><span class='ocrx_word' id='word_1_101' title='bbox 245 581 373 609; x_wconf 84' lang='lat' dir='ltr'>Secundo</span> <span class='ocrx_word' id='word_1_102' title='bbox 396 580 556 617; x_wconf 74' lang='lat' dir='ltr'>quaeritur,</span> <span class='ocrx_word' id='word_1_103' title='bbox 584 583 681 608; x_wconf 88' lang='lat' dir='ltr'>utrum</span> <span class='ocrx_word' id='word_1_104' title='bbox 714 580 856 617; x_wconf 80' lang='lat' dir='ltr'>generatio</span> <span class='ocrx_word' id='word_1_105' title='bbox 887 579 945 608; x_wconf 88' lang='lat' dir='ltr'>Filii</span> <span class='ocrx_word' id='word_1_106' title='bbox 976 579 1011 608; x_wconf 86' lang='lat' dir='ltr'>sit</span> <span class='ocrx_word' id='word_1_107' title='bbox 1038 581 1040 584; x_wconf 89' lang='lat'>&#39;</span> 
     </span>
    </p>
   </div>
   <div class='ocr_carea' id='block_1_9' title="bbox 167 626 1012 943">
    <p class='ocr_par' dir='ltr' id='par_1_9' title="bbox 167 626 1012 943">
     <span class='ocr_line' id='line_1_13' title="bbox 168 626 1012 663; baseline -0.002 -7"><span class='ocrx_word' id='word_1_108' title='bbox 168 627 322 656; x_wconf 87' lang='lat' dir='ltr'>secundum</span> <span class='ocrx_word' id='word_1_109' title='bbox 344 627 480 655; x_wconf 87' lang='lat' dir='ltr'>rationem</span> <span class='ocrx_word' id='word_1_110' title='bbox 501 626 668 655; x_wconf 71' lang='lat' dir='ltr'>voluntatis.</span> <span class='ocrx_word' id='word_1_111' title='bbox 691 627 722 655; x_wconf 91' lang='lat' dir='ltr'>Et</span> <span class='ocrx_word' id='word_1_112' title='bbox 743 627 818 663; x_wconf 86' lang='lat' dir='ltr'>quod</span> <span class='ocrx_word' id='word_1_113' title='bbox 838 634 903 661; x_wconf 77' lang='lat' dir='ltr'>non,</span> <span class='ocrx_word' id='word_1_114' title='bbox 924 629 1012 655; x_wconf 86' lang='lat' dir='ltr'>osten-</span> 
     </span>
     <span class='ocr_line' id='line_1_14' title="bbox 167 673 1009 711; baseline -0.001 -9"><span class='ocrx_word' id='word_1_115' title='bbox 167 674 244 703; x_wconf 85' lang='lat' dir='ltr'>ditur</span> <span class='ocrx_word' id='word_1_116' title='bbox 257 674 264 689; x_wconf 87' lang='lat'>¹</span> <span class='ocrx_word' id='word_1_117' title='bbox 275 674 367 711; x_wconf 90' lang='lat' dir='ltr'>primo</span> <span class='ocrx_word' id='word_1_118' title='bbox 381 682 432 711; x_wconf 88' lang='lat' dir='ltr'>per</span> <span class='ocrx_word' id='word_1_119' title='bbox 446 674 636 702; x_wconf 69' lang='lat' dir='ltr'>auctoritates</span> <span class='ocrx_word' id='word_1_120' title='bbox 647 696 655 707; x_wconf 86' lang='lat'><em>,</em></span> <span class='ocrx_word' id='word_1_121' title='bbox 671 674 794 702; x_wconf 89' lang='lat' dir='ltr'>secundo</span> <span class='ocrx_word' id='word_1_122' title='bbox 808 681 858 710; x_wconf 92' lang='lat' dir='ltr'>per</span> <span class='ocrx_word' id='word_1_123' title='bbox 872 673 1009 701; x_wconf 75' lang='lat' dir='ltr'>rationes.</span> 
     </span>
     <span class='ocr_line' id='line_1_15' title="bbox 245 719 1010 757; baseline -0.001 -8"><span class='ocrx_word' id='word_1_124' title='bbox 245 720 337 749; x_wconf 87' lang='lat' dir='ltr'>Primo</span> <span class='ocrx_word' id='word_1_125' title='bbox 357 720 514 749; x_wconf 79' lang='lat' dir='ltr'>ostenditur</span> <span class='ocrx_word' id='word_1_126' title='bbox 536 728 586 757; x_wconf 89' lang='lat' dir='ltr'>per</span> <span class='ocrx_word' id='word_1_127' title='bbox 608 720 814 749; x_wconf 69' lang='lat' dir='ltr'>auctoritatem</span> <span class='ocrx_word' id='word_1_128' title='bbox 829 719 942 754; x_wconf 77' lang='lat' dir='ltr'>Hilarii,</span> <span class='ocrx_word' id='word_1_129' title='bbox 962 720 1010 756; x_wconf 90' lang='lat' dir='ltr'>qui</span> 
     </span>
     <span class='ocr_line' id='line_1_16' title="bbox 167 766 1011 803; baseline -0.001 -8"><span class='ocrx_word' id='word_1_130' title='bbox 167 766 233 796; x_wconf 88' lang='lat' dir='ltr'>dicit</span> <span class='ocrx_word' id='word_1_131' title='bbox 253 767 281 795; x_wconf 92' lang='lat' dir='ltr'>in</span> <span class='ocrx_word' id='word_1_132' title='bbox 304 767 375 795; x_wconf 86' lang='lat' dir='ltr'>libro</span> <span class='ocrx_word' id='word_1_133' title='bbox 390 766 424 795; x_wconf 90' lang='lat' dir='ltr'>de</span> <span class='ocrx_word' id='word_1_134' title='bbox 439 767 555 803; x_wconf 86' lang='lat' dir='ltr'>Synodis</span> <span class='ocrx_word' id='word_1_135' title='bbox 569 766 592 794; x_wconf 68' lang='lat'>²:</span> <span class='ocrx_word' id='word_1_136' title='bbox 622 778 633 790; x_wconf 88' lang='lat'>«</span> <span class='ocrx_word' id='word_1_137' title='bbox 648 766 783 794; x_wconf 82' lang='lat' dir='ltr'>Omnibus</span> <span class='ocrx_word' id='word_1_138' title='bbox 798 766 933 794; x_wconf 76' lang='lat' dir='ltr'>creaturis</span> <span class='ocrx_word' id='word_1_139' title='bbox 948 766 1011 794; x_wconf 90' lang='lat' dir='ltr'>sub-</span> 
     </span>
     <span class='ocr_line' id='line_1_17' title="bbox 167 812 1011 847; baseline -0.001 -6"><span class='ocrx_word' id='word_1_140' title='bbox 167 813 297 842; x_wconf 80' lang='lat' dir='ltr'>stantiam</span> <span class='ocrx_word' id='word_1_141' title='bbox 334 814 382 842; x_wconf 89' lang='lat' dir='ltr'>Dei</span> <span class='ocrx_word' id='word_1_142' title='bbox 415 813 544 841; x_wconf 80' lang='lat' dir='ltr'>voluntas</span> <span class='ocrx_word' id='word_1_143' title='bbox 578 812 686 847; x_wconf 71' lang='lat' dir='ltr'>attulit⁷</span> <span class='ocrx_word' id='word_1_144' title='bbox 724 812 771 841; x_wconf 89' lang='lat' dir='ltr'>sed</span> <span class='ocrx_word' id='word_1_145' title='bbox 809 812 875 840; x_wconf 88' lang='lat' dir='ltr'>Filio</span> <span class='ocrx_word' id='word_1_146' title='bbox 910 815 1011 841; x_wconf 84' lang='lat' dir='ltr'>natura</span> 
     </span>
     <span class='ocr_line' id='line_1_18' title="bbox 167 859 285 888; baseline 0 0"><span class='ocrx_word' id='word_1_147' title='bbox 167 859 244 888; x_wconf 80' lang='lat' dir='ltr'>dedit</span> <span class='ocrx_word' id='word_1_148' title='bbox 258 871 285 888; x_wconf 85' lang='lat'>».</span> 
     </span>
     <span class='ocr_line' id='line_1_19' title="bbox 247 905 1011 943; baseline -0.001 -8"><span class='ocrx_word' id='word_1_149' title='bbox 247 907 273 934; x_wconf 61' lang='grc' dir='ltr'>ἱ).</span> <span class='ocrx_word' id='word_1_150' title='bbox 287 906 367 940; x_wconf 75' lang='lat' dir='ltr'>Item,</span> <span class='ocrx_word' id='word_1_151' title='bbox 383 907 553 943; x_wconf 84' lang='lat' dir='ltr'>Augustinus</span> <span class='ocrx_word' id='word_1_152' title='bbox 568 907 675 935; x_wconf 89' lang='lat' dir='ltr'>decimo</span> <span class='ocrx_word' id='word_1_153' title='bbox 694 907 791 943; x_wconf 88' lang='lat' dir='ltr'>quinto</span> <span class='ocrx_word' id='word_1_154' title='bbox 806 906 841 935; x_wconf 89' lang='lat' dir='ltr'>de</span> <span class='ocrx_word' id='word_1_155' title='bbox 855 906 988 934; x_wconf 87' lang='lat' dir='ltr'>Trinitate</span> <span class='ocrx_word' id='word_1_156' title='bbox 1001 905 1011 921; x_wconf 75' lang='lat'>³</span> 
     </span>
    </p>
   </div>
   <div class='ocr_carea' id='block_1_10' title="bbox 166 944 1039 990">
    <p class='ocr_par' dir='ltr' id='par_1_10' title="bbox 166 944 1039 990">
     <span class='ocr_line' id='line_1_20' title="bbox 166 944 1039 990; baseline 0 -9"><span class='ocrx_word' id='word_1_157' title='bbox 166 953 348 990; x_wconf 78' lang='lat' dir='ltr'>reprehendit</span> <span class='ocrx_word' id='word_1_158' title='bbox 370 953 551 988; x_wconf 77' lang='lat' dir='ltr'>Eunomium,</span> <span class='ocrx_word' id='word_1_159' title='bbox 573 953 620 990; x_wconf 89' lang='lat' dir='ltr'>qui</span> <span class='ocrx_word' id='word_1_160' title='bbox 642 953 735 990; x_wconf 88' lang='lat' dir='ltr'>posuit</span> <span class='ocrx_word' id='word_1_161' title='bbox 760 953 859 981; x_wconf 90' lang='lat' dir='ltr'>Filium</span> <span class='ocrx_word' id='word_1_162' title='bbox 880 953 928 981; x_wconf 92' lang='lat' dir='ltr'>Dei</span> <span class='ocrx_word' id='word_1_163' title='bbox 950 960 1010 981; x_wconf 84' lang='lat' dir='ltr'>esse</span> <span class='ocrx_word' id='word_1_164' title='bbox 1038 944 1039 953; x_wconf 48' lang='lat'>¹</span> 
     </span>
    </p>
   </div>
   <div class='ocr_carea' id='block_1_11' title="bbox 165 999 1013 2153">
    <p class='ocr_par' dir='ltr' id='par_1_11' title="bbox 166 999 1012 1075">
     <span class='ocr_line' id='line_1_21' title="bbox 166 999 1012 1037; baseline 0.001 -10"><span class='ocrx_word' id='word_1_165' title='bbox 166 999 265 1027; x_wconf 88' lang='lat' dir='ltr'>Filium</span> <span class='ocrx_word' id='word_1_166' title='bbox 287 999 453 1028; x_wconf 84' lang='lat' dir='ltr'>voluntatis:</span> <span class='ocrx_word' id='word_1_167' title='bbox 475 1007 542 1036; x_wconf 78' lang='lat' dir='ltr'>ergo</span> <span class='ocrx_word' id='word_1_168' title='bbox 563 1000 586 1028; x_wconf 88' lang='lat' dir='ltr'>si</span> <span class='ocrx_word' id='word_1_169' title='bbox 607 1003 681 1028; x_wconf 91' lang='lat' dir='ltr'>recte</span> <span class='ocrx_word' id='word_1_170' title='bbox 713 999 911 1037; x_wconf 74' lang='lat' dir='ltr'>reprehendit,</span> <span class='ocrx_word' id='word_1_171' title='bbox 933 1007 1012 1036; x_wconf 84' lang='lat' dir='ltr'>gene-</span> 
     </span>
     <span class='ocr_line' id='line_1_22' title="bbox 167 1038 1009 1075; baseline -0.001 -1"><span class='ocrx_word' id='word_1_172' title='bbox 167 1046 237 1074; x_wconf 87' lang='lat' dir='ltr'>ratio</span> <span class='ocrx_word' id='word_1_173' title='bbox 258 1046 316 1074; x_wconf 85' lang='lat' dir='ltr'>Filii</span> <span class='ocrx_word' id='word_1_174' title='bbox 337 1054 392 1074; x_wconf 89' lang='lat' dir='ltr'>non</span> <span class='ocrx_word' id='word_1_175' title='bbox 413 1048 455 1074; x_wconf 87' lang='lat' dir='ltr'>est</span> <span class='ocrx_word' id='word_1_176' title='bbox 477 1046 631 1075; x_wconf 90' lang='lat' dir='ltr'>secundum</span> <span class='ocrx_word' id='word_1_177' title='bbox 651 1038 836 1075; x_wconf 85' lang='lat' dir='ltr'>conditionem</span> <span class='ocrx_word' id='word_1_178' title='bbox 851 1046 1009 1075; x_wconf 88' lang='lat' dir='ltr'>voluntatis.</span> 
     </span>
    </p>

    <p class='ocr_par' dir='ltr' id='par_1_12' title="bbox 166 1092 1012 1270">
     <span class='ocr_line' id='line_1_23' title="bbox 245 1092 1010 1127; baseline 0.001 -7"><span class='ocrx_word' id='word_1_179' title='bbox 245 1092 270 1121; x_wconf 85' lang='lat'>3.</span> <span class='ocrx_word' id='word_1_180' title='bbox 293 1093 376 1127; x_wconf 85' lang='lat' dir='ltr'>Item,</span> <span class='ocrx_word' id='word_1_181' title='bbox 399 1092 565 1121; x_wconf 70' lang='lat' dir='ltr'>rationibus</span> <span class='ocrx_word' id='word_1_182' title='bbox 586 1093 743 1121; x_wconf 87' lang='lat' dir='ltr'>ostenditur</span> <span class='ocrx_word' id='word_1_183' title='bbox 770 1093 828 1123; x_wconf 75' lang='lat' dir='ltr'>sic:,</span> <span class='ocrx_word' id='word_1_184' title='bbox 851 1093 1010 1127; x_wconf 85' lang='lat' dir='ltr'>Generatio,</span> 
     </span>
     <span class='ocr_line' id='line_1_24' title="bbox 168 1139 1011 1177; baseline 0 -10"><span class='ocrx_word' id='word_1_185' title='bbox 168 1143 305 1176; x_wconf 86' lang='lat' dir='ltr'>quantum</span> <span class='ocrx_word' id='word_1_186' title='bbox 326 1142 367 1168; x_wconf 85' lang='lat' dir='ltr'>est</span> <span class='ocrx_word' id='word_1_187' title='bbox 389 1139 423 1168; x_wconf 89' lang='lat' dir='ltr'>de</span> <span class='ocrx_word' id='word_1_188' title='bbox 447 1147 492 1174; x_wconf 80' lang='lat' dir='ltr'>se,</span> <span class='ocrx_word' id='word_1_189' title='bbox 520 1142 561 1169; x_wconf 90' lang='lat' dir='ltr'>est</span> <span class='ocrx_word' id='word_1_190' title='bbox 582 1140 676 1169; x_wconf 82' lang='lat' dir='ltr'>exitus</span> <span class='ocrx_word' id='word_1_191' title='bbox 706 1139 843 1169; x_wconf 81' lang='lat' dir='ltr'>naturalis</span> <span class='ocrx_word' id='word_1_192' title='bbox 873 1140 931 1168; x_wconf 90' lang='lat' dir='ltr'>sive</span> <span class='ocrx_word' id='word_1_193' title='bbox 960 1147 1011 1177; x_wconf 88' lang='lat' dir='ltr'>per</span> 
     </span>
     <span class='ocr_line' id='line_1_25' title="bbox 166 1185 1012 1223; baseline 0.001 -9"><span class='ocrx_word' id='word_1_194' title='bbox 166 1185 282 1214; x_wconf 85' lang='lat' dir='ltr'>modum</span> <span class='ocrx_word' id='word_1_195' title='bbox 303 1188 420 1214; x_wconf 87' lang='lat' dir='ltr'>naturae</span> <span class='ocrx_word' id='word_1_196' title='bbox 432 1197 439 1220; x_wconf 80' lang='lat'><em>3</em></span> <span class='ocrx_word' id='word_1_197' title='bbox 461 1186 509 1215; x_wconf 87' lang='lat' dir='ltr'>sed</span> <span class='ocrx_word' id='word_1_198' title='bbox 531 1187 582 1216; x_wconf 89' lang='lat' dir='ltr'>iste</span> <span class='ocrx_word' id='word_1_199' title='bbox 596 1186 605 1201; x_wconf 72' lang='lat'>⁴¹</span> <span class='ocrx_word' id='word_1_200' title='bbox 626 1189 668 1215; x_wconf 86' lang='lat' dir='ltr'>est</span> <span class='ocrx_word' id='word_1_201' title='bbox 688 1186 760 1215; x_wconf 84' lang='lat' dir='ltr'>alius</span> <span class='ocrx_word' id='word_1_202' title='bbox 787 1186 888 1215; x_wconf 89' lang='lat' dir='ltr'>modus</span> <span class='ocrx_word' id='word_1_203' title='bbox 909 1186 1012 1223; x_wconf 90' lang='lat' dir='ltr'>produ-</span> 
     </span>
     <span class='ocr_line' id='line_1_26' title="bbox 166 1232 794 1270; baseline 0.002 -10"><span class='ocrx_word' id='word_1_204' title='bbox 166 1232 245 1260; x_wconf 88' lang='lat' dir='ltr'>cendi</span> <span class='ocrx_word' id='word_1_205' title='bbox 268 1240 353 1269; x_wconf 88' lang='lat' dir='ltr'>quam</span> <span class='ocrx_word' id='word_1_206' title='bbox 374 1240 425 1269; x_wconf 91' lang='lat' dir='ltr'>per</span> <span class='ocrx_word' id='word_1_207' title='bbox 446 1233 635 1261; x_wconf 86' lang='lat' dir='ltr'>voluntatem:</span> <span class='ocrx_word' id='word_1_208' title='bbox 656 1241 723 1270; x_wconf 86' lang='lat' dir='ltr'>ergo</span> <span class='ocrx_word' id='word_1_209' title='bbox 743 1236 794 1262; x_wconf 88' lang='lat' dir='ltr'>etc.</span> 
     </span>
    </p>

    <p class='ocr_par' dir='ltr' id='par_1_13' title="bbox 165 1278 1012 1502">
     <span class='ocr_line' id='line_1_27' title="bbox 244 1278 1011 1316; baseline 0.001 -10"><span class='ocrx_word' id='word_1_210' title='bbox 244 1278 271 1306; x_wconf 75' lang='lat' dir='ltr'>li.</span> <span class='ocrx_word' id='word_1_211' title='bbox 293 1278 379 1313; x_wconf 74' lang='lat' dir='ltr'>Item,</span> <span class='ocrx_word' id='word_1_212' title='bbox 403 1279 486 1308; x_wconf 87' lang='lat' dir='ltr'>Filius</span> <span class='ocrx_word' id='word_1_213' title='bbox 517 1281 559 1308; x_wconf 91' lang='lat' dir='ltr'>est</span> <span class='ocrx_word' id='word_1_214' title='bbox 589 1279 724 1316; x_wconf 78' lang='lat' dir='ltr'>sapientia</span> <span class='ocrx_word' id='word_1_215' title='bbox 754 1279 858 1308; x_wconf 84' lang='lat' dir='ltr'>Patris:</span> <span class='ocrx_word' id='word_1_216' title='bbox 890 1287 957 1316; x_wconf 85' lang='lat' dir='ltr'>ergo</span> <span class='ocrx_word' id='word_1_217' title='bbox 988 1279 1011 1308; x_wconf 93' lang='lat' dir='ltr'>si</span> 
     </span>
     <span class='ocr_line' id='line_1_28' title="bbox 165 1325 1012 1361; baseline 0.002 -9"><span class='ocrx_word' id='word_1_218' title='bbox 165 1325 291 1361; x_wconf 80' lang='lat' dir='ltr'>procedit</span> <span class='ocrx_word' id='word_1_219' title='bbox 311 1325 468 1354; x_wconf 87' lang='lat' dir='ltr'>secundum</span> <span class='ocrx_word' id='word_1_220' title='bbox 488 1325 624 1354; x_wconf 86' lang='lat' dir='ltr'>rationem</span> <span class='ocrx_word' id='word_1_221' title='bbox 638 1325 804 1360; x_wconf 76' lang='lat' dir='ltr'>voluntatis,</span> <span class='ocrx_word' id='word_1_222' title='bbox 826 1325 955 1354; x_wconf 84' lang='lat' dir='ltr'>voluntas</span> <span class='ocrx_word' id='word_1_223' title='bbox 969 1328 1012 1354; x_wconf 91' lang='lat' dir='ltr'>est</span> 
     </span>
     <span class='ocr_line' id='line_1_29' title="bbox 165 1371 1011 1409; baseline 0.001 -10"><span class='ocrx_word' id='word_1_224' title='bbox 165 1371 243 1408; x_wconf 85' lang='lat' dir='ltr'>prior</span> <span class='ocrx_word' id='word_1_225' title='bbox 264 1372 399 1408; x_wconf 84' lang='lat' dir='ltr'>sapientia</span> <span class='ocrx_word' id='word_1_226' title='bbox 406 1383 414 1406; x_wconf 79' lang='lat'>3</span> <span class='ocrx_word' id='word_1_227' title='bbox 435 1372 484 1400; x_wconf 88' lang='lat' dir='ltr'>sed</span> <span class='ocrx_word' id='word_1_228' title='bbox 505 1372 558 1400; x_wconf 91' lang='lat' dir='ltr'>hoc</span> <span class='ocrx_word' id='word_1_229' title='bbox 578 1374 620 1401; x_wconf 85' lang='lat' dir='ltr'>est</span> <span class='ocrx_word' id='word_1_230' title='bbox 644 1372 858 1407; x_wconf 77' lang='lat' dir='ltr'>inconveniens,</span> <span class='ocrx_word' id='word_1_231' title='bbox 883 1372 949 1409; x_wconf 83' lang='lat' dir='ltr'>quia</span> <span class='ocrx_word' id='word_1_232' title='bbox 969 1380 1011 1401; x_wconf 90' lang='lat' dir='ltr'>co-</span> 
     </span>
     <span class='ocr_line' id='line_1_30' title="bbox 168 1417 1009 1456; baseline 0.002 -11"><span class='ocrx_word' id='word_1_233' title='bbox 168 1417 252 1455; x_wconf 86' lang='lat' dir='ltr'>gnitio</span> <span class='ocrx_word' id='word_1_234' title='bbox 288 1418 444 1447; x_wconf 87' lang='lat' dir='ltr'>secundum</span> <span class='ocrx_word' id='word_1_235' title='bbox 469 1418 627 1447; x_wconf 82' lang='lat' dir='ltr'>naturalem</span> <span class='ocrx_word' id='word_1_236' title='bbox 657 1419 809 1447; x_wconf 84' lang='lat' dir='ltr'>ordinem⁵</span> <span class='ocrx_word' id='word_1_237' title='bbox 838 1419 1009 1456; x_wconf 85' lang='lat' dir='ltr'>intelligendi</span> 
     </span>
     <span class='ocr_line' id='line_1_31' title="bbox 168 1464 950 1502; baseline 0.001 -10"><span class='ocrx_word' id='word_1_238' title='bbox 168 1464 310 1501; x_wconf 87' lang='lat' dir='ltr'>praecedit</span> <span class='ocrx_word' id='word_1_239' title='bbox 331 1465 504 1494; x_wconf 82' lang='lat' dir='ltr'>affectionem</span> <span class='ocrx_word' id='word_1_240' title='bbox 525 1465 584 1494; x_wconf 90' lang='lat' dir='ltr'>sive</span> <span class='ocrx_word' id='word_1_241' title='bbox 604 1465 790 1493; x_wconf 87' lang='lat' dir='ltr'>voluntatem:</span> <span class='ocrx_word' id='word_1_242' title='bbox 812 1472 879 1502; x_wconf 85' lang='lat' dir='ltr'>ergo</span> <span class='ocrx_word' id='word_1_243' title='bbox 900 1468 950 1494; x_wconf 87' lang='lat' dir='ltr'>etc.</span> 
     </span>
    </p>

    <p class='ocr_par' dir='ltr' id='par_1_14' title="bbox 167 1510 1013 1780">
     <span class='ocr_line' id='line_1_32' title="bbox 246 1510 1012 1548; baseline 0.003 -10"><span class='ocrx_word' id='word_1_244' title='bbox 246 1510 299 1538; x_wconf 82' lang='lat' dir='ltr'>SED</span> <span class='ocrx_word' id='word_1_245' title='bbox 322 1518 450 1539; x_wconf 74' lang='lat' dir='ltr'>CONTRA:</span> <span class='ocrx_word' id='word_1_246' title='bbox 476 1512 499 1539; x_wconf 88' lang='grc'>1.</span> <span class='ocrx_word' id='word_1_247' title='bbox 520 1511 550 1539; x_wconf 90' lang='grc'>111</span> <span class='ocrx_word' id='word_1_248' title='bbox 570 1511 645 1540; x_wconf 85' lang='grc'>0111111</span> <span class='ocrx_word' id='word_1_249' title='bbox 676 1514 778 1539; x_wconf 88' lang='lat' dir='ltr'>natura</span> <span class='ocrx_word' id='word_1_250' title='bbox 808 1511 936 1540; x_wconf 84' lang='lat' dir='ltr'>ordinata</span> <span class='ocrx_word' id='word_1_251' title='bbox 966 1520 1012 1548; x_wconf 92' lang='lat' dir='ltr'>po-</span> 
     </span>
     <span class='ocr_line' id='line_1_33' title="bbox 168 1557 1012 1592; baseline 0.001 -7"><span class='ocrx_word' id='word_1_252' title='bbox 168 1557 253 1585; x_wconf 89' lang='lat' dir='ltr'>tentia</span> <span class='ocrx_word' id='word_1_253' title='bbox 273 1557 410 1586; x_wconf 88' lang='lat' dir='ltr'>naturalis</span> <span class='ocrx_word' id='word_1_254' title='bbox 431 1558 556 1586; x_wconf 86' lang='lat' dir='ltr'>subiacet</span> <span class='ocrx_word' id='word_1_255' title='bbox 575 1558 727 1592; x_wconf 83' lang='lat' dir='ltr'>voluntati,</span> <span class='ocrx_word' id='word_1_256' title='bbox 748 1558 792 1586; x_wconf 90' lang='lat' dir='ltr'>vel</span> <span class='ocrx_word' id='word_1_257' title='bbox 822 1558 920 1587; x_wconf 90' lang='lat' dir='ltr'>saltem</span> <span class='ocrx_word' id='word_1_258' title='bbox 951 1566 1012 1587; x_wconf 91' lang='lat' dir='ltr'>con-</span> 
     </span>
     <span class='ocr_line' id='line_1_34' title="bbox 167 1603 1011 1642; baseline 0.002 -11"><span class='ocrx_word' id='word_1_259' title='bbox 167 1603 305 1632; x_wconf 87' lang='lat' dir='ltr'>formatur</span> <span class='ocrx_word' id='word_1_260' title='bbox 326 1604 480 1639; x_wconf 86' lang='lat' dir='ltr'>voluntati,</span> <span class='ocrx_word' id='word_1_261' title='bbox 502 1605 573 1633; x_wconf 90' lang='lat' dir='ltr'>sicut</span> <span class='ocrx_word' id='word_1_262' title='bbox 602 1607 678 1642; x_wconf 84' lang='lat' dir='ltr'>patet</span> <span class='ocrx_word' id='word_1_263' title='bbox 708 1605 735 1633; x_wconf 92' lang='lat' dir='ltr'>in</span> <span class='ocrx_word' id='word_1_264' title='bbox 765 1605 857 1642; x_wconf 90' lang='lat' dir='ltr'>primo</span> <span class='ocrx_word' id='word_1_265' title='bbox 878 1605 1011 1639; x_wconf 86' lang='lat' dir='ltr'>homine;</span> 
     </span>
     <span class='ocr_line' id='line_1_35' title="bbox 169 1650 1012 1689; baseline 0.002 -11"><span class='ocrx_word' id='word_1_266' title='bbox 169 1650 218 1679; x_wconf 90' lang='lat' dir='ltr'>sed</span> <span class='ocrx_word' id='word_1_267' title='bbox 240 1650 266 1678; x_wconf 91' lang='lat' dir='ltr'>in</span> <span class='ocrx_word' id='word_1_268' title='bbox 288 1650 345 1679; x_wconf 88' lang='lat' dir='ltr'>Deo</span> <span class='ocrx_word' id='word_1_269' title='bbox 366 1654 408 1679; x_wconf 88' lang='lat' dir='ltr'>est</span> <span class='ocrx_word' id='word_1_270' title='bbox 429 1654 530 1679; x_wconf 85' lang='lat' dir='ltr'>natura</span> <span class='ocrx_word' id='word_1_271' title='bbox 550 1651 770 1680; x_wconf 84' lang='lat' dir='ltr'>ordinatissima:</span> <span class='ocrx_word' id='word_1_272' title='bbox 791 1659 858 1689; x_wconf 83' lang='lat' dir='ltr'>ergo</span> <span class='ocrx_word' id='word_1_273' title='bbox 878 1651 949 1680; x_wconf 85' lang='lat' dir='ltr'>nihil</span> <span class='ocrx_word' id='word_1_274' title='bbox 970 1654 1012 1680; x_wconf 85' lang='lat' dir='ltr'>est</span> 
     </span>
     <span class='ocr_line' id='line_1_36' title="bbox 169 1697 1013 1735; baseline 0.001 -10"><span class='ocrx_word' id='word_1_275' title='bbox 169 1704 185 1725; x_wconf 87' lang='lat' dir='ltr'>a</span> <span class='ocrx_word' id='word_1_276' title='bbox 205 1699 307 1725; x_wconf 88' lang='lat' dir='ltr'>natura</span> <span class='ocrx_word' id='word_1_277' title='bbox 329 1697 373 1725; x_wconf 90' lang='lat' dir='ltr'>vel</span> <span class='ocrx_word' id='word_1_278' title='bbox 394 1705 445 1734; x_wconf 92' lang='lat' dir='ltr'>per</span> <span class='ocrx_word' id='word_1_279' title='bbox 465 1700 611 1732; x_wconf 81' lang='lat' dir='ltr'>naturam,</span> <span class='ocrx_word' id='word_1_280' title='bbox 632 1698 708 1734; x_wconf 85' lang='lat' dir='ltr'>quod</span> <span class='ocrx_word' id='word_1_281' title='bbox 730 1706 784 1726; x_wconf 87' lang='lat' dir='ltr'>non</span> <span class='ocrx_word' id='word_1_282' title='bbox 803 1698 838 1727; x_wconf 87' lang='lat' dir='ltr'>sit</span> <span class='ocrx_word' id='word_1_283' title='bbox 852 1706 902 1735; x_wconf 88' lang='lat' dir='ltr'>per</span> <span class='ocrx_word' id='word_1_284' title='bbox 917 1698 1013 1727; x_wconf 91' lang='lat' dir='ltr'>volun-</span> 
     </span>
     <span class='ocr_line' id='line_1_37' title="bbox 169 1746 431 1780; baseline 0.004 -9"><span class='ocrx_word' id='word_1_285' title='bbox 169 1746 269 1772; x_wconf 85' lang='lat' dir='ltr'>tatem:</span> <span class='ocrx_word' id='word_1_286' title='bbox 292 1751 359 1780; x_wconf 80' lang='lat' dir='ltr'>ergo</span> <span class='ocrx_word' id='word_1_287' title='bbox 380 1747 431 1773; x_wconf 86' lang='lat' dir='ltr'>etc.</span> 
     </span>
    </p>

    <p class='ocr_par' dir='ltr' id='par_1_15' title="bbox 168 1791 1012 2153">
     <span class='ocr_line' id='line_1_38' title="bbox 247 1791 1011 1828; baseline 0.001 -10"><span class='ocrx_word' id='word_1_288' title='bbox 247 1791 273 1819; x_wconf 71' lang='lat'>2.</span> <span class='ocrx_word' id='word_1_289' title='bbox 294 1791 377 1825; x_wconf 76' lang='lat' dir='ltr'>Item,</span> <span class='ocrx_word' id='word_1_290' title='bbox 405 1791 556 1819; x_wconf 88' lang='lat' dir='ltr'>consimilis</span> <span class='ocrx_word' id='word_1_291' title='bbox 580 1794 622 1820; x_wconf 90' lang='lat' dir='ltr'>est</span> <span class='ocrx_word' id='word_1_292' title='bbox 652 1791 753 1820; x_wconf 90' lang='lat' dir='ltr'>modus</span> <span class='ocrx_word' id='word_1_293' title='bbox 784 1791 953 1828; x_wconf 88' lang='lat' dir='ltr'>procedendi</span> <span class='ocrx_word' id='word_1_294' title='bbox 984 1791 1011 1819; x_wconf 93' lang='lat' dir='ltr'>in</span> 
     </span>
     <span class='ocr_line' id='line_1_39' title="bbox 168 1837 1012 1874; baseline 0.001 -9"><span class='ocrx_word' id='word_1_295' title='bbox 168 1837 311 1874; x_wconf 61' lang='grc' dir='ltr'>11110τέ1110ὃ</span> <span class='ocrx_word' id='word_1_296' title='bbox 336 1840 428 1866; x_wconf 89' lang='lat' dir='ltr'>creata</span> <span class='ocrx_word' id='word_1_297' title='bbox 456 1840 482 1865; x_wconf 90' lang='lat' dir='ltr'>et</span> <span class='ocrx_word' id='word_1_298' title='bbox 513 1837 540 1865; x_wconf 94' lang='lat' dir='ltr'>in</span> <span class='ocrx_word' id='word_1_299' title='bbox 571 1837 704 1866; x_wconf 88' lang='lat' dir='ltr'>Trinitate</span> <span class='ocrx_word' id='word_1_300' title='bbox 735 1838 876 1871; x_wconf 78' lang='lat' dir='ltr'>increata3</span> <span class='ocrx_word' id='word_1_301' title='bbox 904 1837 953 1866; x_wconf 88' lang='lat' dir='ltr'>sed</span> <span class='ocrx_word' id='word_1_302' title='bbox 984 1837 1012 1865; x_wconf 91' lang='lat' dir='ltr'>in</span> 
     </span>
     <span class='ocr_line' id='line_1_40' title="bbox 168 1882 1010 1920; baseline 0.001 -9"><span class='ocrx_word' id='word_1_303' title='bbox 168 1882 288 1920; x_wconf 77' lang='lat' dir='ltr'>imagine</span> <span class='ocrx_word' id='word_1_304' title='bbox 309 1883 406 1911; x_wconf 89' lang='lat' dir='ltr'>notitia</span> <span class='ocrx_word' id='word_1_305' title='bbox 427 1884 517 1912; x_wconf 88' lang='lat' dir='ltr'>oritur</span> <span class='ocrx_word' id='word_1_306' title='bbox 538 1884 678 1912; x_wconf 83' lang='lat' dir='ltr'>mediante</span> <span class='ocrx_word' id='word_1_307' title='bbox 699 1884 841 1912; x_wconf 87' lang='lat' dir='ltr'>voluntate</span> <span class='ocrx_word' id='word_1_308' title='bbox 861 1892 877 1912; x_wconf 87' lang='lat' dir='ltr'>a</span> <span class='ocrx_word' id='word_1_309' title='bbox 901 1887 1010 1912; x_wconf 89' lang='lat' dir='ltr'>mente:</span> 
     </span>
     <span class='ocr_line' id='line_1_41' title="bbox 169 1929 1012 1967; baseline 0.001 -9"><span class='ocrx_word' id='word_1_310' title='bbox 169 1937 235 1966; x_wconf 82' lang='lat' dir='ltr'>ergo</span> <span class='ocrx_word' id='word_1_311' title='bbox 257 1932 284 1958; x_wconf 87' lang='lat' dir='ltr'>et</span> <span class='ocrx_word' id='word_1_312' title='bbox 305 1929 389 1958; x_wconf 82' lang='lat' dir='ltr'>Filius</span> <span class='ocrx_word' id='word_1_313' title='bbox 410 1938 426 1958; x_wconf 87' lang='lat' dir='ltr'>a</span> <span class='ocrx_word' id='word_1_314' title='bbox 447 1930 526 1958; x_wconf 83' lang='lat' dir='ltr'>Patre</span> <span class='ocrx_word' id='word_1_315' title='bbox 546 1930 686 1959; x_wconf 80' lang='lat' dir='ltr'>mediante</span> <span class='ocrx_word' id='word_1_316' title='bbox 706 1930 849 1959; x_wconf 86' lang='lat' dir='ltr'>voluntate</span> <span class='ocrx_word' id='word_1_317' title='bbox 877 1931 935 1959; x_wconf 86' lang='lat' dir='ltr'>sive</span> <span class='ocrx_word' id='word_1_318' title='bbox 962 1938 1012 1967; x_wconf 87' lang='lat' dir='ltr'>per</span> 
     </span>
     <span class='ocr_line' id='line_1_42' title="bbox 168 1976 1012 2016; baseline 0.001 -12"><span class='ocrx_word' id='word_1_319' title='bbox 168 1976 349 2005; x_wconf 83' lang='lat' dir='ltr'>voluntatem.</span> <span class='ocrx_word' id='word_1_320' title='bbox 372 1976 468 2004; x_wconf 64' lang='lat' dir='ltr'>Mittor</span> <span class='ocrx_word' id='word_1_321' title='bbox 485 1979 565 2016; x_wconf 80' lang='lat' dir='ltr'>patet</span> <span class='ocrx_word' id='word_1_322' title='bbox 588 1984 639 2013; x_wconf 87' lang='lat' dir='ltr'>per</span> <span class='ocrx_word' id='word_1_323' title='bbox 669 1977 853 2013; x_wconf 82' lang='lat' dir='ltr'>Augustinum</span> <span class='ocrx_word' id='word_1_324' title='bbox 885 1985 957 2005; x_wconf 91' lang='lat' dir='ltr'>nono</span> <span class='ocrx_word' id='word_1_325' title='bbox 978 1977 1012 2005; x_wconf 87' lang='lat' dir='ltr'>de</span> 
     </span>
     <span class='ocr_line' id='line_1_43' title="bbox 171 2023 1012 2060; baseline 0.001 -9"><span class='ocrx_word' id='word_1_326' title='bbox 171 2023 350 2051; x_wconf 88' lang='lat' dir='ltr'>Trinitate⁷:</span> <span class='ocrx_word' id='word_1_327' title='bbox 380 2034 393 2048; x_wconf 88' lang='lat'>«</span> <span class='ocrx_word' id='word_1_328' title='bbox 413 2023 525 2051; x_wconf 83' lang='lat' dir='ltr'>Partum</span> <span class='ocrx_word' id='word_1_329' title='bbox 557 2023 657 2052; x_wconf 89' lang='lat' dir='ltr'>mentis</span> <span class='ocrx_word' id='word_1_330' title='bbox 687 2024 829 2060; x_wconf 86' lang='lat' dir='ltr'>praecedit</span> <span class='ocrx_word' id='word_1_331' title='bbox 858 2024 1012 2060; x_wconf 81' lang='lat' dir='ltr'>appetitus,</span> 
     </span>
     <span class='ocr_line' id='line_1_44' title="bbox 170 2069 1012 2107; baseline 0.001 -10"><span class='ocrx_word' id='word_1_332' title='bbox 170 2077 234 2106; x_wconf 71' lang='lat' dir='ltr'>quo,</span> <span class='ocrx_word' id='word_1_333' title='bbox 250 2069 318 2097; x_wconf 92' lang='lat' dir='ltr'>dum</span> <span class='ocrx_word' id='word_1_334' title='bbox 340 2069 501 2106; x_wconf 84' lang='lat' dir='ltr'>quaerendo</span> <span class='ocrx_word' id='word_1_335' title='bbox 517 2070 674 2098; x_wconf 84' lang='lat' dir='ltr'>invenimus</span> <span class='ocrx_word' id='word_1_336' title='bbox 689 2070 763 2107; x_wconf 90' lang='lat' dir='ltr'>quod</span> <span class='ocrx_word' id='word_1_337' title='bbox 778 2078 859 2098; x_wconf 86' lang='lat' dir='ltr'>nosse</span> <span class='ocrx_word' id='word_1_338' title='bbox 873 2070 1012 2104; x_wconf 76' lang='lat' dir='ltr'>volumus,</span> 
     </span>
     <span class='ocr_line' id='line_1_45' title="bbox 169 2116 668 2153; baseline 0 -10"><span class='ocrx_word' id='word_1_339' title='bbox 169 2116 293 2144; x_wconf 85' lang='lat' dir='ltr'>nascitur</span> <span class='ocrx_word' id='word_1_340' title='bbox 315 2116 427 2153; x_wconf 82' lang='lat' dir='ltr'>proles,</span> <span class='ocrx_word' id='word_1_341' title='bbox 449 2116 509 2153; x_wconf 85' lang='lat' dir='ltr'>ipsa</span> <span class='ocrx_word' id='word_1_342' title='bbox 530 2116 668 2145; x_wconf 73' lang='lat' dir='ltr'>notitia».</span> 
     </span>
    </p>
   </div>
   <div class='ocr_carea' id='block_1_12' title="bbox 1066 579 1914 1455">
    <p class='ocr_par' dir='ltr' id='par_1_16' title="bbox 1068 579 1911 803">
     <span class='ocr_line' id='line_1_46' title="bbox 1145 579 1910 616; baseline 0.005 -8"><span class='ocrx_word' id='word_1_343' title='bbox 1145 580 1172 608; x_wconf 82' lang='lat'>3.</span> <span class='ocrx_word' id='word_1_344' title='bbox 1193 580 1260 609; x_wconf 89' lang='lat' dir='ltr'>ltem</span> <span class='ocrx_word' id='word_1_345' title='bbox 1277 603 1283 614; x_wconf 79' lang='lat'><strong><em>,</em></strong></span> <span class='ocrx_word' id='word_1_346' title='bbox 1304 579 1353 608; x_wconf 90' lang='lat' dir='ltr'>ubi</span> <span class='ocrx_word' id='word_1_347' title='bbox 1374 583 1416 608; x_wconf 89' lang='lat' dir='ltr'>est</span> <span class='ocrx_word' id='word_1_348' title='bbox 1437 581 1525 609; x_wconf 86' lang='lat' dir='ltr'>maior</span> <span class='ocrx_word' id='word_1_349' title='bbox 1553 582 1778 616; x_wconf 69' lang='lat' dir='ltr'>conmunicatio,</span> <span class='ocrx_word' id='word_1_350' title='bbox 1810 583 1847 611; x_wconf 92' lang='lat' dir='ltr'>ibi</span> <span class='ocrx_word' id='word_1_351' title='bbox 1868 586 1910 612; x_wconf 88' lang='lat' dir='ltr'>est</span> 
     </span>
     <span class='ocr_line' id='line_1_47' title="bbox 1068 625 1910 664; baseline 0.005 -10"><span class='ocrx_word' id='word_1_352' title='bbox 1068 625 1220 655; x_wconf 83' lang='lat' dir='ltr'>liberalitas</span> <span class='ocrx_word' id='word_1_353' title='bbox 1240 627 1347 661; x_wconf 76' lang='lat' dir='ltr'>1naior3</span> <span class='ocrx_word' id='word_1_354' title='bbox 1369 627 1417 655; x_wconf 89' lang='lat' dir='ltr'>sed</span> <span class='ocrx_word' id='word_1_355' title='bbox 1439 627 1518 655; x_wconf 83' lang='lat' dir='ltr'>Pater</span> <span class='ocrx_word' id='word_1_356' title='bbox 1549 627 1613 664; x_wconf 91' lang='lat' dir='ltr'>plus</span> <span class='ocrx_word' id='word_1_357' title='bbox 1638 629 1824 658; x_wconf 79' lang='lat' dir='ltr'>communicat</span> <span class='ocrx_word' id='word_1_358' title='bbox 1844 630 1910 658; x_wconf 87' lang='lat' dir='ltr'>Filio</span> 
     </span>
     <span class='ocr_line' id='line_1_48' title="bbox 1068 673 1911 710; baseline 0.004 -9"><span class='ocrx_word' id='word_1_359' title='bbox 1068 673 1303 710; x_wconf 85' lang='lat' dir='ltr'>quam-omnibus</span> <span class='ocrx_word' id='word_1_360' title='bbox 1325 673 1479 702; x_wconf 81' lang='lat' dir='ltr'>creaturis:</span> <span class='ocrx_word' id='word_1_361' title='bbox 1501 682 1568 710; x_wconf 83' lang='lat' dir='ltr'>ergo</span> <span class='ocrx_word' id='word_1_362' title='bbox 1589 674 1678 702; x_wconf 91' lang='lat' dir='ltr'>maior</span> <span class='ocrx_word' id='word_1_363' title='bbox 1697 677 1739 703; x_wconf 89' lang='lat' dir='ltr'>est</span> <span class='ocrx_word' id='word_1_364' title='bbox 1760 675 1798 703; x_wconf 94' lang='lat' dir='ltr'>ibi</span> <span class='ocrx_word' id='word_1_365' title='bbox 1814 676 1911 705; x_wconf 86' lang='lat' dir='ltr'>libera-</span> 
     </span>
     <span class='ocr_line' id='line_1_49' title="bbox 1068 719 1909 758; baseline 0.005 -11"><span class='ocrx_word' id='word_1_366' title='bbox 1068 719 1147 747; x_wconf 89' lang='lat' dir='ltr'>litas:</span> <span class='ocrx_word' id='word_1_367' title='bbox 1171 727 1237 756; x_wconf 86' lang='lat' dir='ltr'>ergo</span> <span class='ocrx_word' id='word_1_368' title='bbox 1259 727 1324 748; x_wconf 88' lang='lat' dir='ltr'>cum</span> <span class='ocrx_word' id='word_1_369' title='bbox 1356 723 1501 748; x_wconf 83' lang='lat' dir='ltr'>creaturae</span> <span class='ocrx_word' id='word_1_370' title='bbox 1532 721 1684 757; x_wconf 86' lang='lat' dir='ltr'>procedant</span> <span class='ocrx_word' id='word_1_371' title='bbox 1714 729 1765 758; x_wconf 88' lang='lat' dir='ltr'>per</span> <span class='ocrx_word' id='word_1_372' title='bbox 1795 722 1909 751; x_wconf 90' lang='lat' dir='ltr'>modum</span> 
     </span>
     <span class='ocr_line' id='line_1_50' title="bbox 1068 765 1784 803; baseline 0.004 -10"><span class='ocrx_word' id='word_1_373' title='bbox 1068 765 1259 799; x_wconf 84' lang='lat' dir='ltr'>liberalitatis,</span> <span class='ocrx_word' id='word_1_374' title='bbox 1281 765 1370 794; x_wconf 88' lang='lat' dir='ltr'>multo</span> <span class='ocrx_word' id='word_1_375' title='bbox 1390 766 1479 803; x_wconf 83' lang='lat' dir='ltr'>magis</span> <span class='ocrx_word' id='word_1_376' title='bbox 1500 766 1602 801; x_wconf 85' lang='lat' dir='ltr'>Filius,</span> <span class='ocrx_word' id='word_1_377' title='bbox 1624 769 1650 795; x_wconf 91' lang='lat' dir='ltr'>et</span> <span class='ocrx_word' id='word_1_378' title='bbox 1672 767 1711 796; x_wconf 90' lang='lat' dir='ltr'>sic</span> <span class='ocrx_word' id='word_1_379' title='bbox 1732 770 1784 796; x_wconf 88' lang='lat' dir='ltr'>etc.</span> 
     </span>
    </p>

    <p class='ocr_par' dir='ltr' id='par_1_17' title="bbox 1067 812 1913 1027">
     <span class='ocr_line' id='line_1_51' title="bbox 1145 812 1913 850; baseline 0.005 -11"><span class='ocrx_word' id='word_1_380' title='bbox 1145 812 1171 840; x_wconf 71' lang='lat' dir='ltr'>lt.</span> <span class='ocrx_word' id='word_1_381' title='bbox 1192 812 1275 846; x_wconf 71' lang='lat' dir='ltr'>Item,</span> <span class='ocrx_word' id='word_1_382' title='bbox 1298 812 1325 840; x_wconf 94' lang='lat' dir='ltr'>in</span> <span class='ocrx_word' id='word_1_383' title='bbox 1346 813 1483 841; x_wconf 87' lang='lat' dir='ltr'>creaturis</span> <span class='ocrx_word' id='word_1_384' title='bbox 1497 813 1506 828; x_wconf 79' lang='lat'>⁸</span> <span class='ocrx_word' id='word_1_385' title='bbox 1528 813 1555 841; x_wconf 92' lang='lat' dir='ltr'>in</span> <span class='ocrx_word' id='word_1_386' title='bbox 1575 816 1640 842; x_wconf 86' lang='lat' dir='ltr'>actu</span> <span class='ocrx_word' id='word_1_387' title='bbox 1668 814 1854 850; x_wconf 84' lang='lat' dir='ltr'>generationis</span> <span class='ocrx_word' id='word_1_388' title='bbox 1879 815 1913 844; x_wconf 94' lang='lat' dir='ltr'>si-</span> 
     </span>
     <span class='ocr_line' id='line_1_52' title="bbox 1068 859 1911 895; baseline 0.005 -9"><span class='ocrx_word' id='word_1_389' title='bbox 1068 859 1127 887; x_wconf 92' lang='lat' dir='ltr'>mul</span> <span class='ocrx_word' id='word_1_390' title='bbox 1148 861 1241 887; x_wconf 87' lang='lat' dir='ltr'>movet</span> <span class='ocrx_word' id='word_1_391' title='bbox 1261 862 1362 887; x_wconf 84' lang='lat' dir='ltr'>natura</span> <span class='ocrx_word' id='word_1_392' title='bbox 1383 862 1411 887; x_wconf 82' lang='lat' dir='ltr'>et</span> <span class='ocrx_word' id='word_1_393' title='bbox 1431 859 1575 895; x_wconf 75' lang='lat' dir='ltr'>voluntas,</span> <span class='ocrx_word' id='word_1_394' title='bbox 1597 863 1624 889; x_wconf 91' lang='lat' dir='ltr'>et</span> <span class='ocrx_word' id='word_1_395' title='bbox 1647 861 1718 889; x_wconf 90' lang='lat' dir='ltr'>nihil</span> <span class='ocrx_word' id='word_1_396' title='bbox 1736 869 1772 890; x_wconf 85' lang='lat' dir='ltr'>ex</span> <span class='ocrx_word' id='word_1_397' title='bbox 1788 862 1839 891; x_wconf 84' lang='lat' dir='ltr'>hoc</span> <span class='ocrx_word' id='word_1_398' title='bbox 1854 862 1911 890; x_wconf 88' lang='lat' dir='ltr'>filio</span> 
     </span>
     <span class='ocr_line' id='line_1_53' title="bbox 1068 906 1911 944; baseline 0.004 -10"><span class='ocrx_word' id='word_1_399' title='bbox 1068 906 1236 943; x_wconf 80' lang='lat' dir='ltr'>derogatur:</span> <span class='ocrx_word' id='word_1_400' title='bbox 1258 914 1324 942; x_wconf 85' lang='lat' dir='ltr'>ergo</span> <span class='ocrx_word' id='word_1_401' title='bbox 1346 906 1367 934; x_wconf 88' lang='lat' dir='ltr'>si</span> <span class='ocrx_word' id='word_1_402' title='bbox 1390 906 1469 935; x_wconf 85' lang='lat' dir='ltr'>Pater</span> <span class='ocrx_word' id='word_1_403' title='bbox 1490 907 1579 943; x_wconf 83' lang='lat' dir='ltr'>magis</span> <span class='ocrx_word' id='word_1_404' title='bbox 1600 908 1731 944; x_wconf 86' lang='lat' dir='ltr'>producit</span> <span class='ocrx_word' id='word_1_405' title='bbox 1755 909 1911 937; x_wconf 86' lang='lat' dir='ltr'>secundum</span> 
     </span>
     <span class='ocr_line' id='line_1_54' title="bbox 1067 954 1913 992; baseline 0.004 -12"><span class='ocrx_word' id='word_1_406' title='bbox 1067 959 1097 980; x_wconf 89' lang='lat' dir='ltr'>se</span> <span class='ocrx_word' id='word_1_407' title='bbox 1118 955 1207 981; x_wconf 89' lang='lat' dir='ltr'>totum</span> <span class='ocrx_word' id='word_1_408' title='bbox 1229 960 1314 989; x_wconf 89' lang='lat' dir='ltr'>quam</span> <span class='ocrx_word' id='word_1_409' title='bbox 1336 956 1482 981; x_wconf 86' lang='lat' dir='ltr'>creatura:</span> <span class='ocrx_word' id='word_1_410' title='bbox 1515 960 1581 990; x_wconf 84' lang='lat' dir='ltr'>ergo</span> <span class='ocrx_word' id='word_1_411' title='bbox 1612 954 1701 982; x_wconf 89' lang='lat' dir='ltr'>multo</span> <span class='ocrx_word' id='word_1_412' title='bbox 1732 954 1832 983; x_wconf 87' lang='lat' dir='ltr'>fortius</span> <span class='ocrx_word' id='word_1_413' title='bbox 1862 963 1913 992; x_wconf 90' lang='lat' dir='ltr'>per</span> 
     </span>
     <span class='ocr_line' id='line_1_55' title="bbox 1067 999 1448 1027; baseline 0 0"><span class='ocrx_word' id='word_1_414' title='bbox 1067 1001 1197 1027; x_wconf 87' lang='lat' dir='ltr'>naturam</span> <span class='ocrx_word' id='word_1_415' title='bbox 1218 1002 1245 1027; x_wconf 87' lang='lat' dir='ltr'>et</span> <span class='ocrx_word' id='word_1_416' title='bbox 1266 999 1448 1027; x_wconf 87' lang='lat' dir='ltr'>voluntatem.</span> 
     </span>
    </p>

    <p class='ocr_par' dir='ltr' id='par_1_18' title="bbox 1067 1045 1914 1260">
     <span class='ocr_line' id='line_1_56' title="bbox 1147 1045 1912 1079; baseline 0.003 -6"><span class='ocrx_word' id='word_1_417' title='bbox 1147 1046 1172 1073; x_wconf 72' lang='grc' dir='ltr'>ό.</span> <span class='ocrx_word' id='word_1_418' title='bbox 1193 1045 1276 1079; x_wconf 86' lang='lat' dir='ltr'>Item,</span> <span class='ocrx_word' id='word_1_419' title='bbox 1298 1045 1334 1074; x_wconf 89' lang='lat' dir='ltr'>ad</span> <span class='ocrx_word' id='word_1_420' title='bbox 1355 1046 1407 1074; x_wconf 89' lang='lat' dir='ltr'>hoc</span> <span class='ocrx_word' id='word_1_421' title='bbox 1429 1048 1470 1075; x_wconf 89' lang='lat' dir='ltr'>est</span> <span class='ocrx_word' id='word_1_422' title='bbox 1491 1047 1642 1075; x_wconf 89' lang='lat' dir='ltr'>auctoritas</span> <span class='ocrx_word' id='word_1_423' title='bbox 1663 1046 1755 1075; x_wconf 84' lang='lat' dir='ltr'>Hilarii</span> <span class='ocrx_word' id='word_1_424' title='bbox 1777 1047 1805 1075; x_wconf 93' lang='lat' dir='ltr'>in</span> <span class='ocrx_word' id='word_1_425' title='bbox 1831 1048 1912 1076; x_wconf 89' lang='lat' dir='ltr'>tertio</span> 
     </span>
     <span class='ocr_line' id='line_1_57' title="bbox 1068 1091 1912 1131; baseline 0.004 -12"><span class='ocrx_word' id='word_1_426' title='bbox 1068 1091 1103 1120; x_wconf 89' lang='lat' dir='ltr'>de</span> <span class='ocrx_word' id='word_1_427' title='bbox 1124 1092 1297 1120; x_wconf 77' lang='lat' dir='ltr'>Trinitate⁰:</span> <span class='ocrx_word' id='word_1_428' title='bbox 1324 1092 1432 1120; x_wconf 86' lang='lat' dir='ltr'>«Pater</span> <span class='ocrx_word' id='word_1_429' title='bbox 1464 1096 1527 1122; x_wconf 85' lang='lat' dir='ltr'>ante</span> <span class='ocrx_word' id='word_1_430' title='bbox 1558 1101 1640 1122; x_wconf 91' lang='lat' dir='ltr'>omne</span> <span class='ocrx_word' id='word_1_431' title='bbox 1670 1096 1781 1131; x_wconf 89' lang='lat' dir='ltr'>tempus</span> <span class='ocrx_word' id='word_1_432' title='bbox 1813 1094 1912 1123; x_wconf 92' lang='lat' dir='ltr'>Filium</span> 
     </span>
     <span class='ocr_line' id='line_1_58' title="bbox 1068 1138 1914 1177; baseline 0.004 -11"><span class='ocrx_word' id='word_1_433' title='bbox 1068 1138 1243 1175; x_wconf 81' lang='lat' dir='ltr'>procreavit,</span> <span class='ocrx_word' id='word_1_434' title='bbox 1264 1146 1346 1167; x_wconf 91' lang='lat' dir='ltr'>omne</span> <span class='ocrx_word' id='word_1_435' title='bbox 1367 1139 1443 1176; x_wconf 89' lang='lat' dir='ltr'>quod</span> <span class='ocrx_word' id='word_1_436' title='bbox 1464 1142 1506 1168; x_wconf 89' lang='lat' dir='ltr'>est</span> <span class='ocrx_word' id='word_1_437' title='bbox 1526 1139 1601 1169; x_wconf 88' lang='lat' dir='ltr'>Deus</span> <span class='ocrx_word' id='word_1_438' title='bbox 1621 1148 1672 1177; x_wconf 88' lang='lat' dir='ltr'>per</span> <span class='ocrx_word' id='word_1_439' title='bbox 1703 1140 1847 1169; x_wconf 84' lang='lat' dir='ltr'>caritatem</span> <span class='ocrx_word' id='word_1_440' title='bbox 1868 1149 1914 1170; x_wconf 85' lang='lat' dir='ltr'>na-</span> 
     </span>
     <span class='ocr_line' id='line_1_59' title="bbox 1067 1184 1912 1225; baseline 0.004 -12"><span class='ocrx_word' id='word_1_441' title='bbox 1067 1184 1166 1213; x_wconf 88' lang='lat' dir='ltr'>tivitati</span> <span class='ocrx_word' id='word_1_442' title='bbox 1187 1185 1248 1213; x_wconf 92' lang='lat' dir='ltr'>eius</span> <span class='ocrx_word' id='word_1_443' title='bbox 1263 1185 1425 1222; x_wconf 88' lang='lat' dir='ltr'>impartiens</span> <span class='ocrx_word' id='word_1_444' title='bbox 1439 1196 1452 1211; x_wconf 91' lang='lat'>»</span> <span class='ocrx_word' id='word_1_445' title='bbox 1468 1197 1476 1220; x_wconf 77' lang='lat'><em>3</em></span> <span class='ocrx_word' id='word_1_446' title='bbox 1499 1186 1521 1215; x_wconf 85' lang='lat' dir='ltr'>si</span> <span class='ocrx_word' id='word_1_447' title='bbox 1537 1194 1588 1223; x_wconf 90' lang='lat' dir='ltr'>per</span> <span class='ocrx_word' id='word_1_448' title='bbox 1603 1187 1764 1215; x_wconf 85' lang='lat' dir='ltr'>caritatem:</span> <span class='ocrx_word' id='word_1_449' title='bbox 1780 1195 1847 1224; x_wconf 83' lang='lat' dir='ltr'>ergo</span> <span class='ocrx_word' id='word_1_450' title='bbox 1860 1195 1912 1225; x_wconf 86' lang='lat' dir='ltr'>per</span> 
     </span>
     <span class='ocr_line' id='line_1_60' title="bbox 1067 1231 1247 1260; baseline 0 -1"><span class='ocrx_word' id='word_1_451' title='bbox 1067 1231 1247 1260; x_wconf 87' lang='lat' dir='ltr'>voluntatem.</span> 
     </span>
    </p>

    <p class='ocr_par' dir='ltr' id='par_1_19' title="bbox 1066 1277 1914 1455">
     <span class='ocr_line' id='line_1_61' title="bbox 1147 1277 1914 1315; baseline 0.005 -10"><span class='ocrx_word' id='word_1_452' title='bbox 1147 1279 1171 1306; x_wconf 87' lang='grc'>6.</span> <span class='ocrx_word' id='word_1_453' title='bbox 1193 1278 1276 1313; x_wconf 80' lang='lat' dir='ltr'>Item,</span> <span class='ocrx_word' id='word_1_454' title='bbox 1299 1277 1433 1315; x_wconf 85' lang='lat' dir='ltr'>Origenes</span> <span class='ocrx_word' id='word_1_455' title='bbox 1454 1278 1571 1315; x_wconf 86' lang='lat' dir='ltr'>loquens</span> <span class='ocrx_word' id='word_1_456' title='bbox 1592 1279 1626 1308; x_wconf 91' lang='lat' dir='ltr'>de</span> <span class='ocrx_word' id='word_1_457' title='bbox 1647 1282 1739 1308; x_wconf 87' lang='lat' dir='ltr'>mente</span> <span class='ocrx_word' id='word_1_458' title='bbox 1760 1280 1854 1309; x_wconf 80' lang='lat' dir='ltr'>divina</span> <span class='ocrx_word' id='word_1_459' title='bbox 1875 1280 1914 1309; x_wconf 88' lang='lat' dir='ltr'>di-</span> 
     </span>
     <span class='ocr_line' id='line_1_62' title="bbox 1067 1324 1914 1362; baseline 0.004 -10"><span class='ocrx_word' id='word_1_460' title='bbox 1067 1324 1120 1352; x_wconf 88' lang='lat' dir='ltr'>cit:</span> <span class='ocrx_word' id='word_1_461' title='bbox 1155 1334 1169 1351; x_wconf 89' lang='lat'>«</span> <span class='ocrx_word' id='word_1_462' title='bbox 1189 1324 1308 1353; x_wconf 85' lang='lat' dir='ltr'>Germen</span> <span class='ocrx_word' id='word_1_463' title='bbox 1338 1325 1483 1362; x_wconf 88' lang='lat' dir='ltr'>proferens</span> <span class='ocrx_word' id='word_1_464' title='bbox 1510 1325 1661 1354; x_wconf 84' lang='lat' dir='ltr'>voluntatis</span> <span class='ocrx_word' id='word_1_465' title='bbox 1691 1326 1723 1354; x_wconf 90' lang='lat' dir='ltr'>fit</span> <span class='ocrx_word' id='word_1_466' title='bbox 1754 1327 1837 1355; x_wconf 86' lang='lat' dir='ltr'>Verbi</span> <span class='ocrx_word' id='word_1_467' title='bbox 1868 1327 1914 1355; x_wconf 87' lang='lat' dir='ltr'>Pa-</span> 
     </span>
     <span class='ocr_line' id='line_1_63' title="bbox 1067 1371 1912 1409; baseline 0.006 -11"><span class='ocrx_word' id='word_1_468' title='bbox 1067 1373 1110 1399; x_wconf 92' lang='lat' dir='ltr'>ter</span> <span class='ocrx_word' id='word_1_469' title='bbox 1123 1371 1143 1385; x_wconf 88' lang='lat'>¹⁰</span> <span class='ocrx_word' id='word_1_470' title='bbox 1156 1381 1183 1398; x_wconf 68' lang='grc' dir='ltr'>»ς</span> <span class='ocrx_word' id='word_1_471' title='bbox 1205 1378 1272 1408; x_wconf 83' lang='lat' dir='ltr'>ergo</span> <span class='ocrx_word' id='word_1_472' title='bbox 1293 1371 1423 1407; x_wconf 81' lang='lat' dir='ltr'>videtur,</span> <span class='ocrx_word' id='word_1_473' title='bbox 1445 1372 1520 1409; x_wconf 86' lang='lat' dir='ltr'>qnod</span> <span class='ocrx_word' id='word_1_474' title='bbox 1541 1372 1625 1401; x_wconf 92' lang='lat' dir='ltr'>Filius</span> <span class='ocrx_word' id='word_1_475' title='bbox 1639 1376 1789 1409; x_wconf 82' lang='lat' dir='ltr'>generetur</span> <span class='ocrx_word' id='word_1_476' title='bbox 1803 1382 1819 1402; x_wconf 89' lang='lat' dir='ltr'>a</span> <span class='ocrx_word' id='word_1_477' title='bbox 1833 1374 1912 1403; x_wconf 89' lang='lat' dir='ltr'>Patre</span> 
     </span>
     <span class='ocr_line' id='line_1_64' title="bbox 1066 1417 1793 1455; baseline 0.004 -10"><span class='ocrx_word' id='word_1_478' title='bbox 1066 1424 1116 1454; x_wconf 88' lang='lat' dir='ltr'>per</span> <span class='ocrx_word' id='word_1_479' title='bbox 1137 1417 1309 1446; x_wconf 80' lang='lat' dir='ltr'>voluntatem</span> <span class='ocrx_word' id='word_1_480' title='bbox 1330 1421 1358 1447; x_wconf 86' lang='lat' dir='ltr'>et</span> <span class='ocrx_word' id='word_1_481' title='bbox 1378 1418 1453 1455; x_wconf 89' lang='lat' dir='ltr'>quod</span> <span class='ocrx_word' id='word_1_482' title='bbox 1474 1418 1509 1447; x_wconf 92' lang='lat' dir='ltr'>sit</span> <span class='ocrx_word' id='word_1_483' title='bbox 1530 1419 1614 1448; x_wconf 89' lang='lat' dir='ltr'>Filius</span> <span class='ocrx_word' id='word_1_484' title='bbox 1634 1420 1793 1448; x_wconf 84' lang='lat' dir='ltr'>voluntatis.</span> 
     </span>
    </p>
   </div>
   <div class='ocr_carea' id='block_1_13' title="bbox 1382 1519 1593 1540">
    <p class='ocr_par' dir='ltr' id='par_1_20' title="bbox 1382 1519 1593 1540">
     <span class='ocr_line' id='line_1_65' title="bbox 1382 1519 1593 1540; baseline -0.005 0"><span class='ocrx_word' id='word_1_485' title='bbox 1382 1519 1593 1540; x_wconf 87' lang='lat' dir='ltr'>CONCLUSIO.</span> 
     </span>
    </p>
   </div>
   <div class='ocr_carea' id='block_1_14' title="bbox 1073 1603 1916 1865">
    <p class='ocr_par' dir='ltr' id='par_1_21' title="bbox 1073 1603 1916 1865">
     <span class='ocr_line' id='line_1_66' title="bbox 1073 1603 1914 1633; baseline 0.002 -2"><span class='ocrx_word' id='word_1_486' title='bbox 1073 1603 1229 1632; x_wconf 73' lang='lat' dir='ltr'>Genercttz&#39;o</span> <span class='ocrx_word' id='word_1_487' title='bbox 1251 1604 1323 1632; x_wconf 77' lang='lat' dir='ltr'>Filii</span> <span class='ocrx_word' id='word_1_488' title='bbox 1342 1608 1384 1632; x_wconf 78' lang='lat' dir='ltr'>est</span> <span class='ocrx_word' id='word_1_489' title='bbox 1403 1605 1564 1633; x_wconf 61' lang='lat' dir='ltr'>secundum</span> <span class='ocrx_word' id='word_1_490' title='bbox 1577 1605 1754 1633; x_wconf 73' lang='lat' dir='ltr'>voluntatem</span> <span class='ocrx_word' id='word_1_491' title='bbox 1774 1609 1807 1633; x_wconf 80' lang='lat' dir='ltr'>ut</span> <span class='ocrx_word' id='word_1_492' title='bbox 1822 1606 1852 1633; x_wconf 64' lang='grc'>111</span> <span class='ocrx_word' id='word_1_493' title='bbox 1868 1614 1914 1633; x_wconf 85' lang='lat' dir='ltr'>ra-</span> 
     </span>
     <span class='ocr_line' id='line_1_67' title="bbox 1148 1650 1914 1687; baseline 0.001 -9"><span class='ocrx_word' id='word_1_494' title='bbox 1148 1651 1221 1679; x_wconf 76' lang='lat' dir='ltr'>tione</span> <span class='ocrx_word' id='word_1_495' title='bbox 1246 1650 1455 1687; x_wconf 70' lang='lat' dir='ltr'>approbantis,</span> <span class='ocrx_word' id='word_1_496' title='bbox 1486 1660 1546 1679; x_wconf 68' lang='lat' dir='ltr'>‘non</span> <span class='ocrx_word' id='word_1_497' title='bbox 1575 1659 1643 1679; x_wconf 78' lang='lat' dir='ltr'>vero</span> <span class='ocrx_word' id='word_1_498' title='bbox 1675 1655 1709 1679; x_wconf 73' lang='lat' dir='ltr'>ut</span> <span class='ocrx_word' id='word_1_499' title='bbox 1738 1651 1769 1679; x_wconf 74' lang='lat' dir='ltr'>iit</span> <span class='ocrx_word' id='word_1_500' title='bbox 1800 1651 1914 1680; x_wconf 69' lang='lat' dir='ltr'>ratione</span> 
     </span>
     <span class='ocr_line' id='line_1_68' title="bbox 1144 1697 1916 1735; baseline 0.001 -10"><span class='ocrx_word' id='word_1_501' title='bbox 1144 1697 1348 1734; x_wconf 70' lang='lat' dir='ltr'>producentis,</span> <span class='ocrx_word' id='word_1_502' title='bbox 1369 1697 1430 1725; x_wconf 70' lang='lat' dir='ltr'>nisi</span> <span class='ocrx_word' id='word_1_503' title='bbox 1442 1701 1585 1735; x_wconf 75' lang='lat' dir='ltr'>quatenus</span> <span class='ocrx_word' id='word_1_504' title='bbox 1605 1698 1741 1726; x_wconf 72' lang='lat' dir='ltr'>voluntas</span> <span class='ocrx_word' id='word_1_505' title='bbox 1755 1702 1795 1726; x_wconf 72' lang='lat' dir='ltr'>cst</span> <span class='ocrx_word' id='word_1_506' title='bbox 1805 1698 1916 1735; x_wconf 76' lang='lat' dir='ltr'>princi-</span> 
     </span>
     <span class='ocr_line' id='line_1_69' title="bbox 1145 1744 1914 1783; baseline 0.003 -11"><span class='ocrx_word' id='word_1_507' title='bbox 1145 1744 1232 1780; x_wconf 73' lang='lat' dir='ltr'>pium</span> <span class='ocrx_word' id='word_1_508' title='bbox 1253 1744 1440 1772; x_wconf 69' lang='lat' dir='ltr'>coniunctum</span> <span class='ocrx_word' id='word_1_509' title='bbox 1460 1748 1589 1772; x_wconf 72' lang='lat' dir='ltr'>naturae</span> <span class='ocrx_word' id='word_1_510' title='bbox 1609 1748 1635 1773; x_wconf 73' lang='lat' dir='ltr'>et</span> <span class='ocrx_word' id='word_1_511' title='bbox 1658 1745 1774 1783; x_wconf 75' lang='lat' dir='ltr'>quidem</span> <span class='ocrx_word' id='word_1_512' title='bbox 1797 1746 1857 1779; x_wconf 75' lang='lat' dir='ltr'>sic,</span> <span class='ocrx_word' id='word_1_513' title='bbox 1881 1749 1914 1774; x_wconf 73' lang='lat' dir='ltr'>ut</span> 
     </span>
     <span class='ocr_line' id='line_1_70' title="bbox 1147 1790 1915 1827; baseline 0.003 -9"><span class='ocrx_word' id='word_1_514' title='bbox 1147 1794 1261 1819; x_wconf 70' lang='lat' dir='ltr'>natura</span> <span class='ocrx_word' id='word_1_515' title='bbox 1278 1791 1428 1827; x_wconf 76' lang='lat' dir='ltr'>producat·</span> <span class='ocrx_word' id='word_1_516' title='bbox 1444 1790 1671 1827; x_wconf 54' lang='grc' dir='ltr'>ρνῑῖηοψαίίτεν,</span> <span class='ocrx_word' id='word_1_517' title='bbox 1691 1791 1837 1820; x_wconf 75' lang='lat' dir='ltr'>voluntate</span> <span class='ocrx_word' id='word_1_518' title='bbox 1851 1800 1915 1820; x_wconf 71' lang='lat' dir='ltr'>eon-</span> 
     </span>
     <span class='ocr_line' id='line_1_71' title="bbox 1147 1837 1309 1865; baseline 0 0"><span class='ocrx_word' id='word_1_519' title='bbox 1147 1837 1309 1865; x_wconf 75' lang='lat' dir='ltr'>comitante.</span> 
     </span>
    </p>
   </div>
   <div class='ocr_carea' id='block_1_15' title="bbox 1069 1929 2053 2104">
    <p class='ocr_par' dir='ltr' id='par_1_22' title="bbox 1069 1929 2053 2104">
     <span class='ocr_line' id='line_1_72' title="bbox 1148 1929 2035 1981; baseline 0.002 -24"><span class='ocrx_word' id='word_1_520' title='bbox 1148 1929 1327 1958; x_wconf 65' lang='lat' dir='ltr'>REsponmso:</span> <span class='ocrx_word' id='word_1_521' title='bbox 1350 1929 1522 1963; x_wconf 74' lang='lat' dir='ltr'>DIcendum,</span> <span class='ocrx_word' id='word_1_522' title='bbox 1557 1930 1633 1966; x_wconf 83' lang='lat' dir='ltr'>quod</span> <span class='ocrx_word' id='word_1_523' title='bbox 1664 1930 1794 1959; x_wconf 85' lang='lat' dir='ltr'>voluntas</span> <span class='ocrx_word' id='word_1_524' title='bbox 1825 1932 1915 1967; x_wconf 89' lang='lat' dir='ltr'>potest</span> <span class='ocrx_word' id='word_1_525' title='bbox 1936 1935 2035 1981; x_wconf 38' lang='lat' dir='ltr'>&amp;Qasr</span> 
     </span>
     <span class='ocr_line' id='line_1_73' title="bbox 1069 1976 2053 2013; baseline 0.001 -9"><span class='ocrx_word' id='word_1_526' title='bbox 1069 1976 1218 2012; x_wconf 86' lang='lat' dir='ltr'>dupliciter</span> <span class='ocrx_word' id='word_1_527' title='bbox 1238 1976 1409 2005; x_wconf 89' lang='lat' dir='ltr'>considerari</span> <span class='ocrx_word' id='word_1_528' title='bbox 1430 1979 1559 2013; x_wconf 89' lang='lat' dir='ltr'>respectu</span> <span class='ocrx_word' id='word_1_529' title='bbox 1582 1976 1675 2011; x_wconf 77' lang='lat' dir='ltr'>voliti‚</span> <span class='ocrx_word' id='word_1_530' title='bbox 1697 1977 1802 2005; x_wconf 89' lang='lat' dir='ltr'>scilicet</span> <span class='ocrx_word' id='word_1_531' title='bbox 1826 1980 1857 2005; x_wconf 90' lang='lat' dir='ltr'>ut</span> <span class='ocrx_word' id='word_1_532' title='bbox 1886 1977 2053 2005; x_wconf 62' lang='lat' dir='ltr'>inconsideratu-</span> 
     </span>
     <span class='ocr_line' id='line_1_74' title="bbox 1070 2023 1915 2060; baseline 0.002 -10"><span class='ocrx_word' id='word_1_533' title='bbox 1070 2023 1176 2050; x_wconf 85' lang='lat' dir='ltr'>ratione</span> <span class='ocrx_word' id='word_1_534' title='bbox 1197 2023 1389 2059; x_wconf 74' lang='lat' dir='ltr'>approbantis</span> <span class='ocrx_word' id='word_1_535' title='bbox 1410 2026 1437 2051; x_wconf 90' lang='lat' dir='ltr'>et</span> <span class='ocrx_word' id='word_1_536' title='bbox 1458 2023 1614 2060; x_wconf 84' lang='lat' dir='ltr'>diligentis;</span> <span class='ocrx_word' id='word_1_537' title='bbox 1635 2026 1662 2052; x_wconf 88' lang='lat' dir='ltr'>et</span> <span class='ocrx_word' id='word_1_538' title='bbox 1684 2024 1723 2052; x_wconf 90' lang='lat' dir='ltr'>sic</span> <span class='ocrx_word' id='word_1_539' title='bbox 1754 2027 1796 2052; x_wconf 91' lang='lat' dir='ltr'>est</span> <span class='ocrx_word' id='word_1_540' title='bbox 1824 2031 1915 2060; x_wconf 88' lang='lat' dir='ltr'>respe—</span> 
     </span>
     <span class='ocr_line' id='line_1_75' title="bbox 1070 2062 1918 2104; baseline 0.002 -8"><span class='ocrx_word' id='word_1_541' title='bbox 1070 2072 1117 2097; x_wconf 90' lang='lat' dir='ltr'>ctu</span> <span class='ocrx_word' id='word_1_542' title='bbox 1137 2069 1227 2097; x_wconf 89' lang='lat' dir='ltr'>omnis</span> <span class='ocrx_word' id='word_1_543' title='bbox 1249 2069 1313 2097; x_wconf 91' lang='lat' dir='ltr'>boni</span> <span class='ocrx_word' id='word_1_544' title='bbox 1325 2062 1335 2104; x_wconf 43' lang='lat'>‚¹</span> <span class='ocrx_word' id='word_1_545' title='bbox 1353 2070 1412 2098; x_wconf 91' lang='lat' dir='ltr'>sive</span> <span class='ocrx_word' id='word_1_546' title='bbox 1433 2070 1468 2098; x_wconf 88' lang='lat' dir='ltr'>sit</span> <span class='ocrx_word' id='word_1_547' title='bbox 1488 2070 1677 2098; x_wconf 87' lang='lat' dir='ltr'>necessarium</span> <span class='ocrx_word' id='word_1_548' title='bbox 1693 2070 1752 2099; x_wconf 91' lang='lat' dir='ltr'>sive</span> <span class='ocrx_word' id='word_1_549' title='bbox 1767 2070 1801 2099; x_wconf 90' lang='lat' dir='ltr'>sit</span> <span class='ocrx_word' id='word_1_550' title='bbox 1816 2070 1833 2085; x_wconf 81' lang='lat'>¹¹</span> <span class='ocrx_word' id='word_1_551' title='bbox 1855 2077 1918 2102; x_wconf 84' lang='grc'>0011-</span> 
     </span>
    </p>
   </div>
   <div class='ocr_carea' id='block_1_16' title="bbox 1070 2116 1917 2152">
    <p class='ocr_par' dir='ltr' id='par_1_23' title="bbox 1070 2116 1917 2152">
     <span class='ocr_line' id='line_1_76' title="bbox 1070 2116 1917 2152; baseline 0.002 -9"><span class='ocrx_word' id='word_1_552' title='bbox 1070 2116 1193 2152; x_wconf 79' lang='lat' dir='ltr'>tingens,</span> <span class='ocrx_word' id='word_1_553' title='bbox 1216 2116 1273 2145; x_wconf 84' lang='lat' dir='ltr'>sive</span> <span class='ocrx_word' id='word_1_554' title='bbox 1295 2119 1421 2145; x_wconf 89' lang='lat' dir='ltr'>creatum</span> <span class='ocrx_word' id='word_1_555' title='bbox 1449 2116 1507 2145; x_wconf 86' lang='lat' dir='ltr'>sive</span> <span class='ocrx_word' id='word_1_556' title='bbox 1529 2117 1683 2145; x_wconf 86' lang='lat' dir='ltr'>increatum</span> <span class='ocrx_word' id='word_1_557' title='bbox 1715 2117 1773 2145; x_wconf 84' lang='lat' dir='ltr'>sive</span> <span class='ocrx_word' id='word_1_558' title='bbox 1797 2116 1832 2145; x_wconf 84' lang='lat' dir='ltr'>ab</span> <span class='ocrx_word' id='word_1_559' title='bbox 1863 2116 1917 2144; x_wconf 86' lang='lat' dir='ltr'>alio</span> 
     </span>
    </p>
   </div>
   <div class='ocr_carea' id='block_1_17' title="bbox 758 2187 1319 2191">
    <p class='ocr_par' dir='ltr' id='par_1_24' title="bbox 758 2187 1319 2191">
     <span class='ocr_line' id='line_1_77' title="bbox 758 2187 1319 2191; baseline 0 0"><span class='ocrx_word' id='word_1_560' title='bbox 758 2187 1319 2191; x_wconf 95' lang='lat' dir='ltr'> </span> 
     </span>
    </p>
   </div>
   <div class='ocr_carea' id='block_1_18' title="bbox 168 2224 1018 2910">
    <p class='ocr_par' dir='ltr' id='par_1_25' title="bbox 171 2224 1013 2286">
     <span class='ocr_line' id='line_1_78' title="bbox 233 2224 1013 2253; baseline 0.004 -7"><span class='ocrx_word' id='word_1_561' title='bbox 233 2224 240 2238; x_wconf 87' lang='lat'><strong>¹</strong></span> <span class='ocrx_word' id='word_1_562' title='bbox 258 2224 312 2247; x_wconf 84' lang='lat' dir='ltr'>Fide</span> <span class='ocrx_word' id='word_1_563' title='bbox 330 2226 482 2247; x_wconf 78' lang='lat' dir='ltr'>vetustiorum</span> <span class='ocrx_word' id='word_1_564' title='bbox 499 2231 554 2247; x_wconf 86' lang='lat' dir='ltr'>mss.</span> <span class='ocrx_word' id='word_1_565' title='bbox 571 2229 593 2248; x_wconf 87' lang='lat' dir='ltr'>et</span> <span class='ocrx_word' id='word_1_566' title='bbox 610 2225 645 2247; x_wconf 83' lang='lat' dir='ltr'>ed.</span> <span class='ocrx_word' id='word_1_567' title='bbox 663 2226 667 2247; x_wconf 91' lang='grc'>1</span> <span class='ocrx_word' id='word_1_568' title='bbox 690 2226 810 2253; x_wconf 83' lang='lat' dir='ltr'>posuimus</span> <span class='ocrx_word' id='word_1_569' title='bbox 822 2226 953 2249; x_wconf 74' lang='lat' dir='ltr'>ostenditur</span> <span class='ocrx_word' id='word_1_570' title='bbox 964 2226 1013 2248; x_wconf 86' lang='lat' dir='ltr'>loco</span> 
     </span>
     <span class='ocr_line' id='line_1_79' title="bbox 171 2263 268 2286; baseline -0.01 0"><span class='ocrx_word' id='word_1_571' title='bbox 171 2263 268 2286; x_wconf 73' lang='lat' dir='ltr'>videtur.</span> 
     </span>
    </p>

    <p class='ocr_par' dir='ltr' id='par_1_26' title="bbox 168 2301 1015 2484">
     <span class='ocr_line' id='line_1_80' title="bbox 231 2301 1015 2325; baseline 0.001 -1"><span class='ocrx_word' id='word_1_572' title='bbox 231 2301 240 2315; x_wconf 80' lang='lat'><strong>²</strong></span> <span class='ocrx_word' id='word_1_573' title='bbox 258 2302 284 2324; x_wconf 77' lang='lat' dir='ltr'>N.</span> <span class='ocrx_word' id='word_1_574' title='bbox 304 2302 342 2324; x_wconf 78' lang='lat'>58.</span> <span class='ocrx_word' id='word_1_575' title='bbox 362 2302 453 2324; x_wconf 77' lang='lat' dir='ltr'>XXIV:</span> <span class='ocrx_word' id='word_1_576' title='bbox 471 2302 583 2325; x_wconf 81' lang='lat' dir='ltr'>Omnibus</span> <span class='ocrx_word' id='word_1_577' title='bbox 604 2303 714 2325; x_wconf 75' lang='lat' dir='ltr'>creaturis</span> <span class='ocrx_word' id='word_1_578' title='bbox 738 2303 887 2325; x_wconf 81' lang='lat' dir='ltr'>substantiam</span> <span class='ocrx_word' id='word_1_579' title='bbox 908 2303 1015 2325; x_wconf 79' lang='lat' dir='ltr'>voluntas</span> 
     </span>
     <span class='ocr_line' id='line_1_81' title="bbox 169 2339 1014 2369; baseline 0.001 -7"><span class='ocrx_word' id='word_1_580' title='bbox 169 2339 210 2362; x_wconf 93' lang='lat' dir='ltr'>Dei</span> <span class='ocrx_word' id='word_1_581' title='bbox 227 2341 314 2368; x_wconf 80' lang='lat' dir='ltr'>attulit,</span> <span class='ocrx_word' id='word_1_582' title='bbox 333 2340 373 2362; x_wconf 86' lang='lat' dir='ltr'>sed</span> <span class='ocrx_word' id='word_1_583' title='bbox 391 2344 496 2363; x_wconf 86' lang='lat' dir='ltr'>naturam</span> <span class='ocrx_word' id='word_1_584' title='bbox 514 2340 567 2362; x_wconf 82' lang='lat' dir='ltr'>Filio</span> <span class='ocrx_word' id='word_1_585' title='bbox 585 2341 647 2363; x_wconf 85' lang='lat' dir='ltr'>dedit</span> <span class='ocrx_word' id='word_1_586' title='bbox 663 2347 689 2363; x_wconf 84' lang='lat' dir='ltr'>ex</span> <span class='ocrx_word' id='word_1_587' title='bbox 706 2341 840 2369; x_wconf 86' lang='lat' dir='ltr'>impassibili</span> <span class='ocrx_word' id='word_1_588' title='bbox 858 2348 884 2363; x_wconf 85' lang='lat' dir='ltr'>ac</span> <span class='ocrx_word' id='word_1_589' title='bbox 901 2347 946 2363; x_wconf 91' lang='lat' dir='ltr'>non</span> <span class='ocrx_word' id='word_1_590' title='bbox 963 2344 1014 2363; x_wconf 85' lang='lat' dir='ltr'>nata</span> 
     </span>
     <span class='ocr_line' id='line_1_82' title="bbox 168 2378 1015 2407; baseline 0.001 -6"><span class='ocrx_word' id='word_1_591' title='bbox 168 2378 295 2401; x_wconf 81' lang='lat' dir='ltr'>substantia</span> <span class='ocrx_word' id='word_1_592' title='bbox 312 2379 413 2407; x_wconf 81' lang='lat' dir='ltr'>perfecta</span> <span class='ocrx_word' id='word_1_593' title='bbox 431 2380 543 2401; x_wconf 81' lang='lat' dir='ltr'>nativitas.</span> <span class='ocrx_word' id='word_1_594' title='bbox 567 2379 597 2401; x_wconf 79' lang='lat' dir='ltr'>Ex</span> <span class='ocrx_word' id='word_1_595' title='bbox 615 2380 650 2401; x_wconf 86' lang='lat' dir='ltr'>his</span> <span class='ocrx_word' id='word_1_596' title='bbox 675 2379 753 2401; x_wconf 64' lang='lat' dir='ltr'>verbis</span> <span class='ocrx_word' id='word_1_597' title='bbox 770 2382 846 2407; x_wconf 82' lang='lat' dir='ltr'>patet,</span> <span class='ocrx_word' id='word_1_598' title='bbox 864 2381 1015 2407; x_wconf 79' lang='lat' dir='ltr'>posteriorem</span> 
     </span>
     <span class='ocr_line' id='line_1_83' title="bbox 172 2418 1015 2447; baseline 0.002 -8"><span class='ocrx_word' id='word_1_599' title='bbox 172 2418 336 2445; x_wconf 83' lang='lat' dir='ltr'>propositionis</span> <span class='ocrx_word' id='word_1_600' title='bbox 353 2420 442 2445; x_wconf 85' lang='lat' dir='ltr'>partem</span> <span class='ocrx_word' id='word_1_601' title='bbox 460 2424 472 2439; x_wconf 83' lang='lat' dir='ltr'>a</span> <span class='ocrx_word' id='word_1_602' title='bbox 490 2418 512 2439; x_wconf 87' lang='lat' dir='ltr'>S.</span> <span class='ocrx_word' id='word_1_603' title='bbox 530 2418 689 2440; x_wconf 73' lang='lat' dir='ltr'>Bonaventura</span> <span class='ocrx_word' id='word_1_604' title='bbox 712 2418 789 2447; x_wconf 83' lang='lat' dir='ltr'>quoad</span> <span class='ocrx_word' id='word_1_605' title='bbox 810 2425 903 2441; x_wconf 84' lang='lat' dir='ltr'>sensum</span> <span class='ocrx_word' id='word_1_606' title='bbox 927 2421 1015 2441; x_wconf 80' lang='lat' dir='ltr'>tantum</span> 
     </span>
     <span class='ocr_line' id='line_1_84' title="bbox 174 2456 369 2484; baseline 0 -6"><span class='ocrx_word' id='word_1_607' title='bbox 174 2462 225 2478; x_wconf 83' lang='lat' dir='ltr'>esse</span> <span class='ocrx_word' id='word_1_608' title='bbox 242 2456 369 2484; x_wconf 79' lang='lat' dir='ltr'>allegatam.</span> 
     </span>
    </p>

    <p class='ocr_par' dir='ltr' id='par_1_27' title="bbox 174 2494 1017 2601">
     <span class='ocr_line' id='line_1_85' title="bbox 233 2494 1016 2525; baseline 0.003 -8"><span class='ocrx_word' id='word_1_609' title='bbox 233 2494 243 2509; x_wconf 76' lang='lat'>³</span> <span class='ocrx_word' id='word_1_610' title='bbox 260 2494 315 2523; x_wconf 85' lang='lat' dir='ltr'>Cap.</span> <span class='ocrx_word' id='word_1_611' title='bbox 334 2496 369 2517; x_wconf 80' lang='lat'>20.</span> <span class='ocrx_word' id='word_1_612' title='bbox 389 2502 411 2517; x_wconf 93' lang='lat' dir='ltr'>n.</span> <span class='ocrx_word' id='word_1_613' title='bbox 430 2496 466 2518; x_wconf 83' lang='lat'>38.</span> <span class='ocrx_word' id='word_1_614' title='bbox 485 2495 562 2518; x_wconf 84' lang='lat' dir='ltr'>Verba</span> <span class='ocrx_word' id='word_1_615' title='bbox 579 2497 651 2524; x_wconf 83' lang='lat' dir='ltr'>ipsius</span> <span class='ocrx_word' id='word_1_616' title='bbox 673 2496 727 2518; x_wconf 68' lang='lat' dir='ltr'>vide</span> <span class='ocrx_word' id='word_1_617' title='bbox 751 2497 787 2518; x_wconf 91' lang='grc'>1110</span> <span class='ocrx_word' id='word_1_618' title='bbox 812 2497 834 2519; x_wconf 91' lang='lat' dir='ltr'>in</span> <span class='ocrx_word' id='word_1_619' title='bbox 860 2497 890 2519; x_wconf 86' lang='lat' dir='ltr'>lit.</span> <span class='ocrx_word' id='word_1_620' title='bbox 916 2497 1016 2525; x_wconf 82' lang='lat' dir='ltr'>Magistri</span> 
     </span>
     <span class='ocr_line' id='line_1_86' title="bbox 175 2534 1017 2562; baseline 0.004 -7"><span class='ocrx_word' id='word_1_621' title='bbox 175 2534 235 2555; x_wconf 85' lang='lat' dir='ltr'>cirea</span> <span class='ocrx_word' id='word_1_622' title='bbox 252 2534 348 2556; x_wconf 87' lang='lat' dir='ltr'>initium.</span> <span class='ocrx_word' id='word_1_623' title='bbox 365 2546 397 2550; x_wconf 97' lang='lat'><strong>—</strong></span> <span class='ocrx_word' id='word_1_624' title='bbox 413 2534 436 2556; x_wconf 91' lang='lat' dir='ltr'>In</span> <span class='ocrx_word' id='word_1_625' title='bbox 453 2534 497 2556; x_wconf 87' lang='lat' dir='ltr'>fine</span> <span class='ocrx_word' id='word_1_626' title='bbox 515 2535 643 2562; x_wconf 83' lang='lat' dir='ltr'>argumenti</span> <span class='ocrx_word' id='word_1_627' title='bbox 660 2535 710 2557; x_wconf 81' lang='lat' dir='ltr'>Vat.</span> <span class='ocrx_word' id='word_1_628' title='bbox 729 2541 782 2557; x_wconf 89' lang='lat' dir='ltr'>cum</span> <span class='ocrx_word' id='word_1_629' title='bbox 799 2535 850 2557; x_wconf 86' lang='lat' dir='ltr'>eod.</span> <span class='ocrx_word' id='word_1_630' title='bbox 863 2541 888 2557; x_wconf 88' lang='grc'>00</span> <span class='ocrx_word' id='word_1_631' title='bbox 899 2535 1017 2559; x_wconf 76' lang='lat' dir='ltr'>rationem</span> 
     </span>
     <span class='ocr_line' id='line_1_87' title="bbox 174 2571 914 2601; baseline 0.003 -7"><span class='ocrx_word' id='word_1_632' title='bbox 174 2572 224 2594; x_wconf 86' lang='lat' dir='ltr'>loco</span> <span class='ocrx_word' id='word_1_633' title='bbox 242 2571 413 2601; x_wconf 74' lang='lat' dir='ltr'>conditionem,</span> <span class='ocrx_word' id='word_1_634' title='bbox 433 2573 474 2595; x_wconf 87' lang='lat' dir='ltr'>sed</span> <span class='ocrx_word' id='word_1_635' title='bbox 490 2573 580 2595; x_wconf 82' lang='lat' dir='ltr'>obstant</span> <span class='ocrx_word' id='word_1_636' title='bbox 597 2574 665 2596; x_wconf 83' lang='lat' dir='ltr'>ceteri</span> <span class='ocrx_word' id='word_1_637' title='bbox 683 2573 750 2596; x_wconf 84' lang='lat' dir='ltr'>codd.</span> <span class='ocrx_word' id='word_1_638' title='bbox 769 2580 822 2596; x_wconf 84' lang='grc'>011111</span> <span class='ocrx_word' id='word_1_639' title='bbox 839 2574 875 2596; x_wconf 88' lang='lat' dir='ltr'>ed.</span> <span class='ocrx_word' id='word_1_640' title='bbox 894 2574 914 2596; x_wconf 61' lang='lat' dir='ltr'>sl.</span> 
     </span>
    </p>

    <p class='ocr_par' dir='ltr' id='par_1_28' title="bbox 234 2609 1016 2641">
     <span class='ocr_line' id='line_1_88' title="bbox 234 2609 1016 2641; baseline 0.004 -9"><span class='ocrx_word' id='word_1_641' title='bbox 234 2609 244 2625; x_wconf 75' lang='grc'>4</span> <span class='ocrx_word' id='word_1_642' title='bbox 260 2610 428 2633; x_wconf 81' lang='lat' dir='ltr'>Substituimus</span> <span class='ocrx_word' id='word_1_643' title='bbox 444 2618 488 2639; x_wconf 85' lang='lat' dir='ltr'>ope</span> <span class='ocrx_word' id='word_1_644' title='bbox 505 2613 660 2641; x_wconf 87' lang='lat' dir='ltr'>antiquiorum</span> <span class='ocrx_word' id='word_1_645' title='bbox 677 2618 731 2634; x_wconf 88' lang='lat' dir='ltr'>mss.</span> <span class='ocrx_word' id='word_1_646' title='bbox 750 2616 772 2635; x_wconf 86' lang='lat' dir='ltr'>et</span> <span class='ocrx_word' id='word_1_647' title='bbox 782 2612 818 2634; x_wconf 90' lang='lat' dir='ltr'>ed.</span> <span class='ocrx_word' id='word_1_648' title='bbox 833 2613 840 2634; x_wconf 58' lang='grc'>’1</span> <span class='ocrx_word' id='word_1_649' title='bbox 857 2612 899 2635; x_wconf 81' lang='lat' dir='ltr'>z&#39;sle</span> <span class='ocrx_word' id='word_1_650' title='bbox 911 2619 953 2640; x_wconf 86' lang='lat' dir='ltr'>pro</span> <span class='ocrx_word' id='word_1_651' title='bbox 969 2612 1016 2635; x_wconf 76' lang='lat' dir='ltr'>ille.</span> 
     </span>
    </p>

    <p class='ocr_par' dir='ltr' id='par_1_29' title="bbox 174 2650 1017 2713">
     <span class='ocr_line' id='line_1_89' title="bbox 234 2650 1017 2680; baseline 0.001 -8"><span class='ocrx_word' id='word_1_652' title='bbox 234 2650 243 2664; x_wconf 87' lang='lat'>⁵</span> <span class='ocrx_word' id='word_1_653' title='bbox 260 2650 291 2672; x_wconf 89' lang='lat' dir='ltr'>Ita</span> <span class='ocrx_word' id='word_1_654' title='bbox 308 2651 445 2673; x_wconf 73' lang='lat' dir='ltr'>vetustiores</span> <span class='ocrx_word' id='word_1_655' title='bbox 463 2650 530 2673; x_wconf 85' lang='lat' dir='ltr'>codd.</span> <span class='ocrx_word' id='word_1_656' title='bbox 549 2657 602 2673; x_wconf 89' lang='lat' dir='ltr'>cum</span> <span class='ocrx_word' id='word_1_657' title='bbox 620 2651 656 2673; x_wconf 87' lang='lat' dir='ltr'>cd.</span> <span class='ocrx_word' id='word_1_658' title='bbox 675 2652 683 2672; x_wconf 61' lang='lat' dir='ltr'>sl</span> <span class='ocrx_word' id='word_1_659' title='bbox 698 2669 703 2680; x_wconf 87' lang='lat'>,</span> <span class='ocrx_word' id='word_1_660' title='bbox 721 2651 761 2673; x_wconf 83' lang='lat' dir='ltr'>sed</span> <span class='ocrx_word' id='word_1_661' title='bbox 779 2651 829 2673; x_wconf 88' lang='lat' dir='ltr'>Vat.</span> <span class='ocrx_word' id='word_1_662' title='bbox 847 2657 900 2674; x_wconf 88' lang='lat' dir='ltr'>eum</span> <span class='ocrx_word' id='word_1_663' title='bbox 919 2651 969 2673; x_wconf 86' lang='lat' dir='ltr'>cod.</span> <span class='ocrx_word' id='word_1_664' title='bbox 992 2658 1017 2673; x_wconf 86' lang='grc'>00</span> 
     </span>
     <span class='ocr_line' id='line_1_90' title="bbox 174 2687 642 2713; baseline 0.002 -2"><span class='ocrx_word' id='word_1_665' title='bbox 174 2687 290 2711; x_wconf 74' lang='lat' dir='ltr'>rationem</span> <span class='ocrx_word' id='word_1_666' title='bbox 309 2689 358 2711; x_wconf 86' lang='lat' dir='ltr'>loco</span> <span class='ocrx_word' id='word_1_667' title='bbox 375 2688 512 2713; x_wconf 74' lang='lat' dir='ltr'>naturalem</span> <span class='ocrx_word' id='word_1_668' title='bbox 528 2689 642 2713; x_wconf 77' lang='lat' dir='ltr'>ordinem.</span> 
     </span>
    </p>

    <p class='ocr_par' dir='ltr' id='par_1_30' title="bbox 176 2726 1018 2910">
     <span class='ocr_line' id='line_1_91' title="bbox 234 2726 1018 2758; baseline 0.004 -9"><span class='ocrx_word' id='word_1_669' title='bbox 234 2726 244 2741; x_wconf 83' lang='lat'><strong>⁶</strong></span> <span class='ocrx_word' id='word_1_670' title='bbox 262 2727 313 2749; x_wconf 84' lang='lat' dir='ltr'>Vat.</span> <span class='ocrx_word' id='word_1_671' title='bbox 332 2733 386 2749; x_wconf 87' lang='lat' dir='ltr'>eum</span> <span class='ocrx_word' id='word_1_672' title='bbox 404 2727 455 2750; x_wconf 84' lang='lat' dir='ltr'>cod.</span> <span class='ocrx_word' id='word_1_673' title='bbox 473 2734 499 2750; x_wconf 88' lang='grc'>00</span> <span class='ocrx_word' id='word_1_674' title='bbox 514 2728 662 2758; x_wconf 72' lang='lat' dir='ltr'>producendi</span> <span class='ocrx_word' id='word_1_675' title='bbox 684 2728 709 2751; x_wconf 76' lang='lat' dir='ltr'>in</span> <span class='ocrx_word' id='word_1_676' title='bbox 734 2728 838 2752; x_wconf 73' lang='lat' dir='ltr'>trinitate</span> <span class='ocrx_word' id='word_1_677' title='bbox 864 2729 913 2751; x_wconf 86' lang='lat' dir='ltr'>loco</span> <span class='ocrx_word' id='word_1_678' title='bbox 937 2734 1018 2758; x_wconf 76' lang='lat' dir='ltr'>procc-</span> 
     </span>
     <span class='ocr_line' id='line_1_92' title="bbox 177 2765 1017 2795; baseline 0.001 -7"><span class='ocrx_word' id='word_1_679' title='bbox 177 2765 247 2788; x_wconf 66' lang='lat' dir='ltr'>dandi</span> <span class='ocrx_word' id='word_1_680' title='bbox 262 2765 286 2788; x_wconf 75' lang='lat' dir='ltr'>in</span> <span class='ocrx_word' id='word_1_681' title='bbox 303 2766 417 2795; x_wconf 72' lang='lat' dir='ltr'>imaqine,</span> <span class='ocrx_word' id='word_1_682' title='bbox 435 2766 477 2789; x_wconf 84' lang='lat' dir='ltr'>sed</span> <span class='ocrx_word' id='word_1_683' title='bbox 493 2769 570 2789; x_wconf 85' lang='lat' dir='ltr'>contra</span> <span class='ocrx_word' id='word_1_684' title='bbox 587 2769 675 2789; x_wconf 85' lang='lat' dir='ltr'>eeteros</span> <span class='ocrx_word' id='word_1_685' title='bbox 692 2767 759 2789; x_wconf 86' lang='lat' dir='ltr'>codd.</span> <span class='ocrx_word' id='word_1_686' title='bbox 785 2770 806 2789; x_wconf 85' lang='lat' dir='ltr'>et</span> <span class='ocrx_word' id='word_1_687' title='bbox 823 2767 859 2790; x_wconf 87' lang='lat' dir='ltr'>ed.</span> <span class='ocrx_word' id='word_1_688' title='bbox 879 2768 886 2789; x_wconf 82' lang='grc'>1</span> <span class='ocrx_word' id='word_1_689' title='bbox 909 2773 950 2789; x_wconf 82' lang='lat' dir='ltr'>nec</span> <span class='ocrx_word' id='word_1_690' title='bbox 973 2774 1017 2789; x_wconf 92' lang='lat' dir='ltr'>non</span> 
     </span>
     <span class='ocr_line' id='line_1_93' title="bbox 178 2804 1018 2836; baseline 0.004 -10"><span class='ocrx_word' id='word_1_691' title='bbox 178 2807 255 2826; x_wconf 81' lang='lat' dir='ltr'>eontra</span> <span class='ocrx_word' id='word_1_692' title='bbox 273 2804 375 2827; x_wconf 84' lang='lat' dir='ltr'>subnexa</span> <span class='ocrx_word' id='word_1_693' title='bbox 386 2823 391 2833; x_wconf 85' lang='grc'>,</span> <span class='ocrx_word' id='word_1_694' title='bbox 409 2806 431 2827; x_wconf 90' lang='grc'>111</span> <span class='ocrx_word' id='word_1_695' title='bbox 449 2805 534 2834; x_wconf 86' lang='lat' dir='ltr'>quibus</span> <span class='ocrx_word' id='word_1_696' title='bbox 550 2811 642 2833; x_wconf 85' lang='lat' dir='ltr'>semper</span> <span class='ocrx_word' id='word_1_697' title='bbox 659 2806 688 2828; x_wconf 87' lang='lat' dir='ltr'>de</span> <span class='ocrx_word' id='word_1_698' title='bbox 704 2806 774 2829; x_wconf 79' lang='lat' dir='ltr'>modo</span> <span class='ocrx_word' id='word_1_699' title='bbox 783 2806 926 2836; x_wconf 72' lang='lat' dir='ltr'>procedendi</span> <span class='ocrx_word' id='word_1_700' title='bbox 936 2807 1018 2834; x_wconf 84' lang='lat' dir='ltr'>agitur.</span> 
     </span>
     <span class='ocr_line' id='line_1_94' title="bbox 177 2843 1018 2874; baseline 0.004 -10"><span class='ocrx_word' id='word_1_701' title='bbox 177 2843 247 2865; x_wconf 82' lang='lat' dir='ltr'>Paulo</span> <span class='ocrx_word' id='word_1_702' title='bbox 264 2843 321 2865; x_wconf 79' lang='lat' dir='ltr'>infra</span> <span class='ocrx_word' id='word_1_703' title='bbox 339 2846 391 2872; x_wconf 83' lang='lat' dir='ltr'>post</span> <span class='ocrx_word' id='word_1_704' title='bbox 408 2850 464 2873; x_wconf 67' lang='lat' dir='ltr'>erqo</span> <span class='ocrx_word' id='word_1_705' title='bbox 482 2845 622 2867; x_wconf 83' lang='lat' dir='ltr'>restituimus</span> <span class='ocrx_word' id='word_1_706' title='bbox 639 2850 666 2866; x_wconf 85' lang='lat' dir='ltr'>ex</span> <span class='ocrx_word' id='word_1_707' title='bbox 683 2845 850 2874; x_wconf 80' lang='lat' dir='ltr'>antiquioribus</span> <span class='ocrx_word' id='word_1_708' title='bbox 872 2851 926 2867; x_wconf 87' lang='lat' dir='ltr'>mss.</span> <span class='ocrx_word' id='word_1_709' title='bbox 944 2848 966 2867; x_wconf 90' lang='lat' dir='ltr'>et</span> <span class='ocrx_word' id='word_1_710' title='bbox 982 2845 1018 2868; x_wconf 85' lang='lat' dir='ltr'>ed.</span> 
     </span>
     <span class='ocr_line' id='line_1_95' title="bbox 176 2882 388 2910; baseline 0.009 -7"><span class='ocrx_word' id='word_1_711' title='bbox 176 2882 184 2903; x_wconf 62' lang='grc'>»1</span> <span class='ocrx_word' id='word_1_712' title='bbox 207 2882 343 2910; x_wconf 78' lang='lat' dir='ltr'>particulam</span> <span class='ocrx_word' id='word_1_713' title='bbox 360 2884 388 2905; x_wconf 75' lang='lat' dir='ltr'>et.</span> 
     </span>
    </p>
   </div>
   <div class='ocr_carea' id='block_1_19' title="bbox 1038 587 1048 2909">
    <p class='ocr_par' dir='ltr' id='par_1_31' title="bbox 1038 587 1048 2909">
     <span class='ocr_line' id='line_1_96' title="bbox 1038 587 1048 2909; baseline 0 0"><span class='ocrx_word' id='word_1_714' title='bbox 1038 587 1048 2909; x_wconf 95' lang='lat' dir='ltr'> </span> 
     </span>
    </p>
   </div>
   <div class='ocr_carea' id='block_1_20' title="bbox 1071 2225 1958 2912">
    <p class='ocr_par' dir='ltr' id='par_1_32' title="bbox 1132 2225 1958 2253">
     <span class='ocr_line' id='line_1_97' title="bbox 1132 2225 1958 2253; baseline 0 -6"><span class='ocrx_word' id='word_1_715' title='bbox 1132 2225 1143 2239; x_wconf 89' lang='lat'><em>⁷</em></span> <span class='ocrx_word' id='word_1_716' title='bbox 1160 2225 1215 2253; x_wconf 85' lang='lat' dir='ltr'>Cap.</span> <span class='ocrx_word' id='word_1_717' title='bbox 1235 2226 1270 2247; x_wconf 54' lang='lat'>112.</span> <span class='ocrx_word' id='word_1_718' title='bbox 1289 2225 1347 2247; x_wconf 89' lang='lat' dir='ltr'>Vide</span> <span class='ocrx_word' id='word_1_719' title='bbox 1365 2232 1435 2253; x_wconf 77' lang='lat' dir='ltr'>supra</span> <span class='ocrx_word' id='word_1_720' title='bbox 1448 2225 1470 2247; x_wconf 91' lang='lat' dir='ltr'>d.</span> <span class='ocrx_word' id='word_1_721' title='bbox 1483 2225 1504 2247; x_wconf 85' lang='lat'>3.</span> <span class='ocrx_word' id='word_1_722' title='bbox 1517 2232 1538 2253; x_wconf 89' lang='lat' dir='ltr'>p.</span> <span class='ocrx_word' id='word_1_723' title='bbox 1552 2225 1575 2247; x_wconf 94' lang='grc'>11.</span> <span class='ocrx_word' id='word_1_724' title='bbox 1588 2231 1607 2247; x_wconf 79' lang='lat' dir='ltr'>a.</span> <span class='ocrx_word' id='word_1_725' title='bbox 1621 2226 1642 2247; x_wconf 75' lang='lat'>2.</span> <span class='ocrx_word' id='word_1_726' title='bbox 1655 2232 1676 2253; x_wconf 92' lang='lat' dir='ltr'>q.</span> <span class='ocrx_word' id='word_1_727' title='bbox 1690 2226 1711 2247; x_wconf 77' lang='lat'>2.</span> <span class='ocrx_word' id='word_1_728' title='bbox 1724 2231 1772 2253; x_wconf 71' lang='lat' dir='ltr'>arg,</span> <span class='ocrx_word' id='word_1_729' title='bbox 1789 2225 1808 2246; x_wconf 85' lang='lat' dir='ltr'>t.</span> <span class='ocrx_word' id='word_1_730' title='bbox 1821 2225 1850 2247; x_wconf 83' lang='lat' dir='ltr'>ad</span> <span class='ocrx_word' id='word_1_731' title='bbox 1862 2231 1916 2253; x_wconf 71' lang='lat' dir='ltr'>opp,</span> <span class='ocrx_word' id='word_1_732' title='bbox 1955 2232 1958 2234; x_wconf 96' lang='lat'>·</span> 
     </span>
    </p>

    <p class='ocr_par' dir='ltr' id='par_1_33' title="bbox 1071 2262 1916 2371">
     <span class='ocr_line' id='line_1_98' title="bbox 1133 2262 1915 2293; baseline 0 -7"><span class='ocrx_word' id='word_1_733' title='bbox 1133 2263 1142 2278; x_wconf 83' lang='lat'>⁸</span> <span class='ocrx_word' id='word_1_734' title='bbox 1158 2264 1212 2286; x_wconf 88' lang='lat' dir='ltr'>Fide</span> <span class='ocrx_word' id='word_1_735' title='bbox 1230 2265 1387 2293; x_wconf 83' lang='lat' dir='ltr'>antiquiorum</span> <span class='ocrx_word' id='word_1_736' title='bbox 1404 2270 1459 2286; x_wconf 86' lang='lat' dir='ltr'>mss.</span> <span class='ocrx_word' id='word_1_737' title='bbox 1472 2267 1494 2286; x_wconf 90' lang='lat' dir='ltr'>et</span> <span class='ocrx_word' id='word_1_738' title='bbox 1505 2264 1540 2286; x_wconf 83' lang='lat' dir='ltr'>ed.</span> <span class='ocrx_word' id='word_1_739' title='bbox 1558 2264 1563 2285; x_wconf 92' lang='grc'>1</span> <span class='ocrx_word' id='word_1_740' title='bbox 1580 2265 1734 2292; x_wconf 78' lang='lat' dir='ltr'>expunximus</span> <span class='ocrx_word' id='word_1_741' title='bbox 1747 2262 1915 2291; x_wconf 63' lang='lat' dir='ltr'>existentibus,</span> 
     </span>
     <span class='ocr_line' id='line_1_99' title="bbox 1071 2302 1916 2331; baseline 0 -6"><span class='ocrx_word' id='word_1_742' title='bbox 1071 2303 1135 2331; x_wconf 88' lang='lat' dir='ltr'>quod</span> <span class='ocrx_word' id='word_1_743' title='bbox 1153 2303 1202 2325; x_wconf 77' lang='lat' dir='ltr'>Vat.</span> <span class='ocrx_word' id='word_1_744' title='bbox 1221 2309 1274 2325; x_wconf 88' lang='lat' dir='ltr'>cum</span> <span class='ocrx_word' id='word_1_745' title='bbox 1291 2303 1341 2325; x_wconf 81' lang='lat' dir='ltr'>cod.</span> <span class='ocrx_word' id='word_1_746' title='bbox 1360 2309 1386 2325; x_wconf 86' lang='lat' dir='ltr'>cc</span> <span class='ocrx_word' id='word_1_747' title='bbox 1402 2303 1439 2325; x_wconf 80' lang='lat' dir='ltr'>hic</span> <span class='ocrx_word' id='word_1_748' title='bbox 1456 2304 1533 2325; x_wconf 90' lang='lat' dir='ltr'>minus</span> <span class='ocrx_word' id='word_1_749' title='bbox 1551 2305 1604 2331; x_wconf 82' lang='lat' dir='ltr'>apte</span> <span class='ocrx_word' id='word_1_750' title='bbox 1620 2303 1690 2325; x_wconf 82' lang='lat' dir='ltr'>addit.</span> <span class='ocrx_word' id='word_1_751' title='bbox 1709 2303 1778 2325; x_wconf 78' lang='lat' dir='ltr'>Paulo</span> <span class='ocrx_word' id='word_1_752' title='bbox 1795 2303 1854 2325; x_wconf 80' lang='lat' dir='ltr'>infra</span> <span class='ocrx_word' id='word_1_753' title='bbox 1866 2302 1916 2325; x_wconf 83' lang='lat' dir='ltr'>cod.</span> 
     </span>
     <span class='ocr_line' id='line_1_100' title="bbox 1072 2341 1445 2371; baseline 0 -7"><span class='ocrx_word' id='word_1_754' title='bbox 1072 2341 1089 2364; x_wconf 97' lang='lat' dir='ltr'>O</span> <span class='ocrx_word' id='word_1_755' title='bbox 1107 2341 1255 2371; x_wconf 72' lang='lat' dir='ltr'>qeneratt&#39;om&#39;</span> <span class='ocrx_word' id='word_1_756' title='bbox 1268 2341 1313 2371; x_wconf 66' lang='lat' dir='ltr'>filit·</span> <span class='ocrx_word' id='word_1_757' title='bbox 1329 2348 1372 2370; x_wconf 85' lang='lat' dir='ltr'>pro</span> <span class='ocrx_word' id='word_1_758' title='bbox 1387 2341 1445 2371; x_wconf 73' lang='lat' dir='ltr'>filio.</span> 
     </span>
    </p>

    <p class='ocr_par' dir='ltr' id='par_1_34' title="bbox 1071 2380 1918 2602">
     <span class='ocr_line' id='line_1_101' title="bbox 1133 2380 1918 2409; baseline 0.001 -7"><span class='ocrx_word' id='word_1_759' title='bbox 1133 2380 1143 2394; x_wconf 75' lang='lat'><strong>9</strong></span> <span class='ocrx_word' id='word_1_760' title='bbox 1159 2380 1225 2402; x_wconf 76' lang='lat' dir='ltr'>Num.</span> <span class='ocrx_word' id='word_1_761' title='bbox 1244 2381 1273 2402; x_wconf 88' lang='lat'>3:</span> <span class='ocrx_word' id='word_1_762' title='bbox 1291 2381 1331 2403; x_wconf 90' lang='grc'>1110</span> <span class='ocrx_word' id='word_1_763' title='bbox 1357 2387 1414 2408; x_wconf 73' lang='lat' dir='ltr'>ergo</span> <span class='ocrx_word' id='word_1_764' title='bbox 1440 2382 1554 2409; x_wconf 74' lang='lat' dir='ltr'>Ingenitus</span> <span class='ocrx_word' id='word_1_765' title='bbox 1576 2384 1628 2403; x_wconf 84' lang='lat' dir='ltr'>ante</span> <span class='ocrx_word' id='word_1_766' title='bbox 1644 2387 1713 2403; x_wconf 88' lang='lat' dir='ltr'>omne</span> <span class='ocrx_word' id='word_1_767' title='bbox 1739 2383 1834 2409; x_wconf 89' lang='lat' dir='ltr'>tempus</span> <span class='ocrx_word' id='word_1_768' title='bbox 1850 2386 1877 2402; x_wconf 79' lang='lat' dir='ltr'>ex</span> <span class='ocrx_word' id='word_1_769' title='bbox 1894 2386 1918 2402; x_wconf 79' lang='lat' dir='ltr'>se</span> 
     </span>
     <span class='ocr_line' id='line_1_102' title="bbox 1071 2419 1918 2448; baseline -0.001 -7"><span class='ocrx_word' id='word_1_770' title='bbox 1071 2419 1154 2441; x_wconf 87' lang='lat' dir='ltr'>Filium</span> <span class='ocrx_word' id='word_1_771' title='bbox 1172 2420 1265 2447; x_wconf 79' lang='lat' dir='ltr'>genuit,</span> <span class='ocrx_word' id='word_1_772' title='bbox 1283 2426 1328 2441; x_wconf 93' lang='lat' dir='ltr'>non</span> <span class='ocrx_word' id='word_1_773' title='bbox 1346 2426 1373 2442; x_wconf 80' lang='lat' dir='ltr'>ex</span> <span class='ocrx_word' id='word_1_774' title='bbox 1390 2420 1465 2448; x_wconf 79' lang='lat' dir='ltr'>aliqua</span> <span class='ocrx_word' id='word_1_775' title='bbox 1482 2419 1614 2442; x_wconf 82' lang='lat' dir='ltr'>subiacente</span> <span class='ocrx_word' id='word_1_776' title='bbox 1630 2420 1749 2442; x_wconf 80' lang='lat' dir='ltr'>materia...</span> <span class='ocrx_word' id='word_1_777' title='bbox 1776 2419 1816 2441; x_wconf 85' lang='lat' dir='ltr'>sed</span> <span class='ocrx_word' id='word_1_778' title='bbox 1834 2420 1918 2441; x_wconf 89' lang='lat' dir='ltr'>incom-</span> 
     </span>
     <span class='ocr_line' id='line_1_103' title="bbox 1073 2457 1917 2486; baseline 0 -7"><span class='ocrx_word' id='word_1_779' title='bbox 1073 2457 1269 2486; x_wconf 69' lang='lat' dir='ltr'>prehensibiliter,</span> <span class='ocrx_word' id='word_1_780' title='bbox 1287 2458 1479 2486; x_wconf 82' lang='lat' dir='ltr'>inenarrabiliter,</span> <span class='ocrx_word' id='word_1_781' title='bbox 1497 2461 1548 2480; x_wconf 86' lang='lat' dir='ltr'>ante</span> <span class='ocrx_word' id='word_1_782' title='bbox 1573 2464 1641 2480; x_wconf 86' lang='grc'>0111110</span> <span class='ocrx_word' id='word_1_783' title='bbox 1664 2461 1756 2486; x_wconf 81' lang='lat' dir='ltr'>tempus</span> <span class='ocrx_word' id='word_1_784' title='bbox 1780 2460 1802 2480; x_wconf 89' lang='lat' dir='ltr'>et</span> <span class='ocrx_word' id='word_1_785' title='bbox 1820 2458 1917 2480; x_wconf 82' lang='lat' dir='ltr'>saecula.</span> 
     </span>
     <span class='ocr_line' id='line_1_104' title="bbox 1075 2496 1918 2525; baseline 0 -7"><span class='ocrx_word' id='word_1_786' title='bbox 1075 2496 1223 2524; x_wconf 83' lang='lat' dir='ltr'>Unigenitum</span> <span class='ocrx_word' id='word_1_787' title='bbox 1240 2503 1267 2518; x_wconf 83' lang='lat' dir='ltr'>ex</span> <span class='ocrx_word' id='word_1_788' title='bbox 1284 2497 1319 2519; x_wconf 88' lang='lat' dir='ltr'>his</span> <span class='ocrx_word' id='word_1_789' title='bbox 1336 2503 1396 2525; x_wconf 85' lang='lat' dir='ltr'>quae</span> <span class='ocrx_word' id='word_1_790' title='bbox 1412 2497 1512 2524; x_wconf 84' lang='lat' dir='ltr'>ingenita</span> <span class='ocrx_word' id='word_1_791' title='bbox 1524 2498 1546 2519; x_wconf 93' lang='lat' dir='ltr'>in</span> <span class='ocrx_word' id='word_1_792' title='bbox 1564 2503 1588 2519; x_wconf 89' lang='lat' dir='ltr'>se</span> <span class='ocrx_word' id='word_1_793' title='bbox 1605 2499 1669 2519; x_wconf 82' lang='lat' dir='ltr'>erant</span> <span class='ocrx_word' id='word_1_794' title='bbox 1688 2497 1830 2524; x_wconf 70' lang='lat' dir='ltr'>procreavit,</span> <span class='ocrx_word' id='word_1_795' title='bbox 1850 2502 1918 2518; x_wconf 88' lang='lat' dir='ltr'>omne</span> 
     </span>
     <span class='ocr_line' id='line_1_105' title="bbox 1075 2535 1918 2564; baseline -0.001 -7"><span class='ocrx_word' id='word_1_796' title='bbox 1075 2535 1138 2564; x_wconf 87' lang='lat' dir='ltr'>quod</span> <span class='ocrx_word' id='word_1_797' title='bbox 1154 2535 1215 2557; x_wconf 90' lang='lat' dir='ltr'>Deus</span> <span class='ocrx_word' id='word_1_798' title='bbox 1232 2537 1266 2557; x_wconf 88' lang='lat' dir='ltr'>est</span> <span class='ocrx_word' id='word_1_799' title='bbox 1282 2541 1324 2563; x_wconf 86' lang='lat' dir='ltr'>per</span> <span class='ocrx_word' id='word_1_800' title='bbox 1340 2536 1457 2558; x_wconf 79' lang='lat' dir='ltr'>caritatem</span> <span class='ocrx_word' id='word_1_801' title='bbox 1474 2538 1543 2564; x_wconf 85' lang='lat' dir='ltr'>atque</span> <span class='ocrx_word' id='word_1_802' title='bbox 1561 2537 1671 2558; x_wconf 71' lang='lat' dir='ltr'>virtutem</span> <span class='ocrx_word' id='word_1_803' title='bbox 1688 2536 1798 2558; x_wconf 74' lang='lat' dir='ltr'>nativitati</span> <span class='ocrx_word' id='word_1_804' title='bbox 1815 2536 1865 2557; x_wconf 84' lang='lat' dir='ltr'>eius</span> <span class='ocrx_word' id='word_1_805' title='bbox 1879 2536 1918 2557; x_wconf 86' lang='lat' dir='ltr'>im-</span> 
     </span>
     <span class='ocr_line' id='line_1_106' title="bbox 1073 2575 1179 2602; baseline -0.009 -6"><span class='ocrx_word' id='word_1_806' title='bbox 1073 2575 1179 2602; x_wconf 86' lang='lat' dir='ltr'>perticus.</span> 
     </span>
    </p>

    <p class='ocr_par' dir='ltr' id='par_1_35' title="bbox 1074 2612 1920 2868">
     <span class='ocr_line' id='line_1_107' title="bbox 1138 2612 1920 2641; baseline 0 -7"><span class='ocrx_word' id='word_1_807' title='bbox 1138 2612 1157 2627; x_wconf 81' lang='lat'>1⁰</span> <span class='ocrx_word' id='word_1_808' title='bbox 1175 2612 1235 2635; x_wconf 84' lang='lat' dir='ltr'>Haec</span> <span class='ocrx_word' id='word_1_809' title='bbox 1255 2612 1327 2634; x_wconf 85' lang='lat' dir='ltr'>verba</span> <span class='ocrx_word' id='word_1_810' title='bbox 1344 2613 1476 2635; x_wconf 83' lang='lat' dir='ltr'>reseruntur</span> <span class='ocrx_word' id='word_1_811' title='bbox 1493 2619 1505 2635; x_wconf 86' lang='lat' dir='ltr'>a</span> <span class='ocrx_word' id='word_1_812' title='bbox 1522 2613 1649 2641; x_wconf 77' lang='lat' dir='ltr'>Pamphylo</span> <span class='ocrx_word' id='word_1_813' title='bbox 1666 2613 1763 2640; x_wconf 71' lang='lat' dir='ltr'>lllartyre</span> <span class='ocrx_word' id='word_1_814' title='bbox 1780 2613 1838 2635; x_wconf 87' lang='lat' dir='ltr'>inter</span> <span class='ocrx_word' id='word_1_815' title='bbox 1862 2612 1920 2640; x_wconf 79' lang='lat' dir='ltr'>frag·</span> 
     </span>
     <span class='ocr_line' id='line_1_108' title="bbox 1077 2650 1920 2679; baseline -0.001 -6"><span class='ocrx_word' id='word_1_816' title='bbox 1077 2653 1153 2673; x_wconf 80' lang='lat' dir='ltr'>menta</span> <span class='ocrx_word' id='word_1_817' title='bbox 1172 2650 1277 2679; x_wconf 85' lang='lat' dir='ltr'>Origenis</span> <span class='ocrx_word' id='word_1_818' title='bbox 1294 2650 1421 2674; x_wconf 87' lang='lat' dir='ltr'>Comment.</span> <span class='ocrx_word' id='word_1_819' title='bbox 1440 2653 1462 2673; x_wconf 92' lang='lat' dir='ltr'>in</span> <span class='ocrx_word' id='word_1_820' title='bbox 1478 2652 1538 2674; x_wconf 88' lang='lat' dir='ltr'>Ioan.</span> <span class='ocrx_word' id='word_1_821' title='bbox 1557 2655 1611 2674; x_wconf 72' lang='lat' dir='ltr'>tom,</span> <span class='ocrx_word' id='word_1_822' title='bbox 1629 2652 1652 2674; x_wconf 91' lang='grc'>11,</span> <span class='ocrx_word' id='word_1_823' title='bbox 1670 2651 1713 2674; x_wconf 83' lang='grc'>5111)</span> <span class='ocrx_word' id='word_1_824' title='bbox 1731 2658 1752 2673; x_wconf 90' lang='grc'>11.</span> <span class='ocrx_word' id='word_1_825' title='bbox 1771 2652 1807 2673; x_wconf 86' lang='grc'>30.</span> <span class='ocrx_word' id='word_1_826' title='bbox 1824 2651 1860 2673; x_wconf 90' lang='lat' dir='ltr'>ed.</span> <span class='ocrx_word' id='word_1_827' title='bbox 1880 2651 1920 2672; x_wconf 80' lang='lat' dir='ltr'>nti-</span> 
     </span>
     <span class='ocr_line' id='line_1_109' title="bbox 1074 2689 1920 2719; baseline 0 -8"><span class='ocrx_word' id='word_1_828' title='bbox 1074 2696 1119 2718; x_wconf 84' lang='lat' dir='ltr'>gne</span> <span class='ocrx_word' id='word_1_829' title='bbox 1137 2690 1204 2718; x_wconf 80' lang='lat' dir='ltr'>(Patr.</span> <span class='ocrx_word' id='word_1_830' title='bbox 1223 2690 1302 2712; x_wconf 83' lang='lat' dir='ltr'>Graec.</span> <span class='ocrx_word' id='word_1_831' title='bbox 1320 2692 1374 2712; x_wconf 90' lang='lat' dir='ltr'>tom.</span> <span class='ocrx_word' id='word_1_832' title='bbox 1392 2690 1452 2712; x_wconf 88' lang='lat' dir='ltr'>XIV.</span> <span class='ocrx_word' id='word_1_833' title='bbox 1470 2691 1512 2713; x_wconf 89' lang='lat' dir='ltr'>col.</span> <span class='ocrx_word' id='word_1_834' title='bbox 1532 2690 1600 2719; x_wconf 84' lang='grc'>184),</span> <span class='ocrx_word' id='word_1_835' title='bbox 1619 2690 1749 2713; x_wconf 87' lang='lat' dir='ltr'>secundum</span> <span class='ocrx_word' id='word_1_836' title='bbox 1761 2696 1831 2718; x_wconf 85' lang='lat' dir='ltr'>quam</span> <span class='ocrx_word' id='word_1_837' title='bbox 1843 2689 1920 2712; x_wconf 89' lang='lat' dir='ltr'>editio-</span> 
     </span>
     <span class='ocr_line' id='line_1_110' title="bbox 1075 2728 1920 2759; baseline -0.001 -8"><span class='ocrx_word' id='word_1_838' title='bbox 1075 2735 1128 2752; x_wconf 85' lang='lat' dir='ltr'>nem</span> <span class='ocrx_word' id='word_1_839' title='bbox 1146 2730 1195 2751; x_wconf 86' lang='grc' dir='ltr'>10οο</span> <span class='ocrx_word' id='word_1_840' title='bbox 1212 2728 1238 2759; x_wconf 80' lang='lat' dir='ltr'>fit</span> <span class='ocrx_word' id='word_1_841' title='bbox 1256 2729 1353 2751; x_wconf 84' lang='lat' dir='ltr'>habetur</span> <span class='ocrx_word' id='word_1_842' title='bbox 1368 2728 1447 2758; x_wconf 76' lang='lat' dir='ltr'>factus</span> <span class='ocrx_word' id='word_1_843' title='bbox 1464 2730 1504 2752; x_wconf 72' lang='lat' dir='ltr'>est.</span> <span class='ocrx_word' id='word_1_844' title='bbox 1521 2741 1552 2746; x_wconf 91' lang='lat'>—-</span> <span class='ocrx_word' id='word_1_845' title='bbox 1569 2730 1619 2752; x_wconf 89' lang='lat' dir='ltr'>Vat.</span> <span class='ocrx_word' id='word_1_846' title='bbox 1638 2730 1682 2751; x_wconf 89' lang='lat' dir='ltr'>hoc</span> <span class='ocrx_word' id='word_1_847' title='bbox 1699 2732 1721 2751; x_wconf 90' lang='lat' dir='ltr'>et</span> <span class='ocrx_word' id='word_1_848' title='bbox 1734 2728 1875 2757; x_wconf 86' lang='lat' dir='ltr'>praecedens</span> <span class='ocrx_word' id='word_1_849' title='bbox 1887 2734 1920 2750; x_wconf 80' lang='lat' dir='ltr'>ar-</span> 
     </span>
     <span class='ocr_line' id='line_1_111' title="bbox 1076 2767 1919 2796; baseline -0.002 -6"><span class='ocrx_word' id='word_1_850' title='bbox 1076 2770 1213 2796; x_wconf 83' lang='lat' dir='ltr'>gumentum</span> <span class='ocrx_word' id='word_1_851' title='bbox 1232 2768 1326 2790; x_wconf 85' lang='lat' dir='ltr'>collocat</span> <span class='ocrx_word' id='word_1_852' title='bbox 1342 2768 1474 2790; x_wconf 80' lang='lat' dir='ltr'>immediate</span> <span class='ocrx_word' id='word_1_853' title='bbox 1492 2771 1542 2796; x_wconf 86' lang='lat' dir='ltr'>post</span> <span class='ocrx_word' id='word_1_854' title='bbox 1560 2769 1674 2796; x_wconf 82' lang='lat' dir='ltr'>primum,</span> <span class='ocrx_word' id='word_1_855' title='bbox 1691 2767 1732 2790; x_wconf 90' lang='lat' dir='ltr'>sed</span> <span class='ocrx_word' id='word_1_856' title='bbox 1744 2770 1821 2790; x_wconf 81' lang='lat' dir='ltr'>contra</span> <span class='ocrx_word' id='word_1_857' title='bbox 1832 2773 1887 2789; x_wconf 92' lang='lat' dir='ltr'>mss.</span> <span class='ocrx_word' id='word_1_858' title='bbox 1899 2769 1919 2788; x_wconf 81' lang='lat' dir='ltr'>et</span> 
     </span>
     <span class='ocr_line' id='line_1_112' title="bbox 1074 2805 1919 2835; baseline -0.001 -7"><span class='ocrx_word' id='word_1_859' title='bbox 1074 2808 1151 2829; x_wconf 88' lang='lat' dir='ltr'>minus</span> <span class='ocrx_word' id='word_1_860' title='bbox 1167 2806 1226 2829; x_wconf 90' lang='lat' dir='ltr'>bene</span> <span class='ocrx_word' id='word_1_861' title='bbox 1243 2807 1273 2829; x_wconf 86' lang='lat' dir='ltr'>cb</span> <span class='ocrx_word' id='word_1_862' title='bbox 1292 2808 1451 2829; x_wconf 79' lang='lat' dir='ltr'>confusionem</span> <span class='ocrx_word' id='word_1_863' title='bbox 1468 2807 1515 2829; x_wconf 88' lang='lat' dir='ltr'>scil.</span> <span class='ocrx_word' id='word_1_864' title='bbox 1534 2809 1724 2835; x_wconf 78' lang='lat' dir='ltr'>argumentorum</span> <span class='ocrx_word' id='word_1_865' title='bbox 1747 2812 1773 2828; x_wconf 85' lang='lat' dir='ltr'>ex</span> <span class='ocrx_word' id='word_1_866' title='bbox 1789 2805 1882 2828; x_wconf 71' lang='lat' dir='ltr'>ratione</span> <span class='ocrx_word' id='word_1_867' title='bbox 1899 2808 1919 2827; x_wconf 92' lang='lat' dir='ltr'>et</span> 
     </span>
     <span class='ocr_line' id='line_1_113' title="bbox 1075 2844 1222 2868; baseline -0.007 0"><span class='ocrx_word' id='word_1_868' title='bbox 1075 2844 1222 2868; x_wconf 77' lang='lat' dir='ltr'>anctoritate.</span> 
     </span>
    </p>

    <p class='ocr_par' dir='ltr' id='par_1_36' title="bbox 1138 2883 1649 2912">
     <span class='ocr_line' id='line_1_114' title="bbox 1138 2883 1649 2912; baseline 0 -6"><span class='ocrx_word' id='word_1_869' title='bbox 1138 2884 1155 2899; x_wconf 77' lang='lat'>1¹</span> <span class='ocrx_word' id='word_1_870' title='bbox 1175 2884 1197 2906; x_wconf 93' lang='lat' dir='ltr'>In</span> <span class='ocrx_word' id='word_1_871' title='bbox 1215 2884 1320 2912; x_wconf 87' lang='lat' dir='ltr'>plurimis</span> <span class='ocrx_word' id='word_1_872' title='bbox 1337 2890 1390 2906; x_wconf 90' lang='lat' dir='ltr'>mss.</span> <span class='ocrx_word' id='word_1_873' title='bbox 1408 2887 1431 2906; x_wconf 89' lang='lat' dir='ltr'>et</span> <span class='ocrx_word' id='word_1_874' title='bbox 1447 2884 1482 2906; x_wconf 86' lang='lat' dir='ltr'>ed.</span> <span class='ocrx_word' id='word_1_875' title='bbox 1502 2884 1509 2905; x_wconf 59' lang='lat' dir='ltr'>vl</span> <span class='ocrx_word' id='word_1_876' title='bbox 1534 2883 1598 2906; x_wconf 83' lang='lat' dir='ltr'>deest</span> <span class='ocrx_word' id='word_1_877' title='bbox 1614 2883 1649 2906; x_wconf 73' lang='lat' dir='ltr'>sit.</span> 
     </span>
    </p>
   </div>
  </div>
 </body>
</html>
