2253 3317
738 161 770 189 IN
791 161 808 189 1.
830 161 960 190 LIBRUM
974 161 1232 190 SENTENTIARUM.

137 240 201 263 ribus
219 240 394 267 magistrorum,
412 239 496 261 scilicet
513 240 684 267 nutaverunt-e,
707 239 795 261 'l'home
813 242 834 261 ct
851 239 908 262 Petri
926 245 978 261 cum

138 292 223 314 magno
241 285 318 308 labore
335 289 357 308 et
373 286 456 313 vigiliis
473 286 707 309 et'sollieitudinibus.

200 333 237 355 39.
254 333 352 360 Romae,
371 332 474 354 biblioth.
490 333 611 360 Vaticana,
630 332 680 354 cod.
698 332 795 355 membr.
817 333 838 354 in
865 333 894 360 8,
920 338 979 354 saec.

138 380 197 402 XIV.
215 381 324 408 ineuntis,
342 380 400 408 sign.
418 380 470 402 919.
488 379 591 402 Continet
609 383 707 408 quatuor
724 379 794 401 libros
808 385 878 407 super
889 379 980 401 Senten-

138 428 179 450 tias
196 427 349 454 abbreviatos,
368 429 392 449 ut
409 427 481 449 innuit
497 433 596 455 sequens
614 427 731 454 inscriptio
742 426 815 454 posita
833 426 870 448 sol.
883 425 927 447 74:
941 425 980 447 Bo-

138 477 263 496 naventura
280 480 351 502 super
367 476 466 503 quatuor
483 473 553 496 libros
568 474 734 496 Sententiarum
752 472 907 495 abbreviatus.
923 472 979 496 [nci-

136 521 182 551 pit:
197 521 264 550 Quod
282 522 393 550 theologia
412 525 446 544 est
457 521 486 543 de
498 521 575 543 rebus.
593 520 681 544 Desinit
693 521 729 543 sol.
747 520 804 542 1189:
821 521 887 542 etsie
903 522 980 548 patent

136 575 162 591 ea
182 575 227 598 que
244 571 372 597 queruntur
388 568 446 590 circa
465 570 572 596 quartum
590 566 682 589 librum.

200 615 235 638 40.
253 615 340 638 Romae
351 614 414 642 ibid„
435 614 485 637 eod.
497 613 595 636 membr.
606 614 629 636 in
642 614 687 642 tot,
699 619 758 636 saec.
775 613 834 641 XIII,
855 614 912 641 sign.
926 613 978 636 914.

137 661 240 685 Continet
257 662 279 683 II.
297 663 320 684 et
336 661 367 683 III.
387 661 554 684 Sententiarum
572 661 642 683 sancti
664 661 835 683 Bonaventurae
860 659 978 682 abbrevia-

136 711 177 731 tos.
194 707 285 731 Desinit
300 708 336 730 sol.
359 708 413 730 ⁴38:
434 707 463 730 ad
474 707 599 730 vindictam
611 707 737 735 malorum,
755 706 846 729 laudem
864 713 920 729 vero
937 706 978 729 bo-

136 760 218 778 norum
236 757 258 776 et
275 754 371 782 gloriam
390 754 444 782 Dei,
462 754 501 782 qui
519 756 553 776 est
570 753 704 776 benedictus
716 754 738 775 in
750 754 826 776 secula
838 754 977 776 seculorum.

135 802 215 824 Amen.
232 801 303 823 Finito
322 800 379 823 libro
396 801 424 822 sit
442 800 490 822 laus
507 802 529 822 et
545 800 616 828 gloria
634 800 730 822 Christo.

199 848 235 871 41.
253 848 339 871 Romae
356 847 424 874 ibid..
442 847 493 869 cod.
515 847 567 869 928.
592 846 696 869 Continet
720 846 884 875 compendium
909 847 931 868 111
954 847 977 869 11.

135 896 219 919 librum
240 895 414 918 Sententiarum.
439 893 535 924 Incipit:
562 893 609 922 Oui
632 892 690 916 viz-it
710 893 732 916 in
759 894 866 916 eternum
891 893 979 917 crearit

135 942 215 967 onznia
230 941 308 965 sanni.
327 942 366 964 llis
382 940 460 963 verbis
476 946 536 969 opus
547 941 666 963 creationis
682 941 821 963 sufficienter
836 941 977 968 exprimitur.

198 989 259 1012 Idem
277 995 336 1017 opus
353 988 445 1011 videtur
469 994 519 1010 esse
544 987 659 1015 Taurini,
686 987 789 1010 biblioth.
805 987 961 1010 Universitatis
972 1006 977 1014 ,

134 1036 185 1058 cod.
203 1036 224 1058 in
242 1035 292 1063 soh,
310 1041 369 1057 saec.
387 1035 450 1062 XIV,
475 1035 535 1062 sign.
553 1034 577 1056 D.
595 1034 626 1056 III.
650 1034 686 1056 28.
704 1033 807 1057 Continet
823 1036 928 1061 excerpta
950 1040 977 1056 ex

134 1082 156 1104 II.
174 1084 196 1104 et
212 1082 242 1103 111.
260 1081 330 1103 sancti
347 1081 432 1103 Bonav.
446 1080 490 1102 Fol.
513 1080 546 1102 18.
564 1087 581 1102 1.
601 1080 643 1102 001.
663 1081 682 1102 11.
700 1079 796 1109 incipit:
818 1081 908 1108 primus
925 1080 975 1109 (sic)

133 1127 190 1150 liber
207 1127 371 1149 Bonaventure.
390 1125 438 1154 Qui
452 1125 508 1149 vivit
524 1126 549 1149 iri
566 1127 673 1149 eternum
691 1125 780 1149 crearit
798 1125 878 1149 omnia
896 1126 975 1150 simul.

133 1172 236 1195 Verbum
253 1172 314 1195 istud
331 1172 437 1194 scribitur
454 1175 495 1194 etc.
513 1172 631 1200 Queritur,
650 1176 726 1195 utrum
745 1172 846 1195 mundus
864 1173 930 1195 suerit
947 1173 976 1196 ab

133 1223 216 1243 eterno.
237 1219 337 1243 Desinit:
355 1220 445 1248 explicit
464 1219 580 1241 secundus
600 1219 759 1242 Bonaventure
773 1222 904 1248 exceptatus
917 1220 975 1249 (sic).

133 1268 166 1290 111,
183 1267 240 1290 liber
257 1266 350 1296 incipit:
369 1267 431 1289 Deus
447 1267 539 1294 autem,
561 1266 602 1296 qui
618 1266 680 1289 dz'ves
692 1268 726 1289 est
737 1269 778 1289 etc.
792 1266 894 1290 Desinit:
906 1268 976 1295 expli-

132 1315 161 1337 cit
178 1315 256 1336 tertius
273 1314 432 1336 Bonaventure
450 1316 588 1341 exceptatus.

195 1360 231 1382 42.
249 1360 353 1388 Romae,
381 1360 483 1382 biblioth.
509 1359 679 1387 Casanatensis,
706 1360 756 1382 cod.
780 1360 878 1383 membr.
900 1361 922 1382 in
946 1361 974 1388 S,

131 1413 189 1429 saec.
216 1407 280 1434 XIV,
297 1407 356 1435 sign.
374 1407 399 1428 Α.
418 1407 444 1428 V.
467 1407 483 1428 Ι.
502 1406 566 1435 Opus
583 1406 742 1429 abbreviatum
764 1413 790 1429 ex
808 1406 934 1430 Commeat.
953 1408 974 1429 in

131 1455 229 1482 quatuor
245 1453 316 1475 libros
332 1453 392 1475 Seni.
410 1452 506 1482 Incipit:
525 1453 613 1475 Veteris
631 1459 656 1475 ac
673 1459 732 1476 nove
749 1454 806 1481 legis
823 1456 865 1476 etc.

194 1498 230 1521 43.
250 1498 365 1527 Taurini,
392 1498 495 1522 biblioth.
521 1499 692 1525 Universitatis‚
710 1500 761 1522 cod.
780 1499 877 1522 membr.
904 1501 926 1522 in
945 1500 973 1527 4,

131 1552 189 1568 saec.
210 1546 264 1574 XV,
276 1547 335 1574 sign.
353 1547 376 1568 E.
394 1546 421 1568 V.
440 1546 468 1568 48
479 1564 484 1574 ,
497 1547 563 1569 cuius
575 1546 684 1569 initium:
701 1547 796 1569 Summa
814 1547 974 1570 Bonaventure

130 1593 151 1614 in
170 1593 183 1615 I.
201 1593 375 1616 Sententiarum.
392 1593 542 1616 Commendat
558 1596 634 1616 autem
653 1594 762 1617 Dominus
780 1595 895 1617 caritatem
908 1601 973 1617 suam

130 1642 172 1662 etc.
190 1639 292 1663 Desinit:
310 1641 472 1662 consentiendo
489 1644 511 1663 et
527 1641 548 1662 in
567 1644 642 1663 actum
661 1641 839 1669 progrediendo.

194 1686 230 1709 44.
255 1686 333 1710 Trecis
361 1687 478 1715 (Troyes)
502 1688 523 1709 in
544 1687 628 1715 Gallia,
651 1687 754 1710 biblioth.
782 1686 898 1716 CivitatiS,
923 1688 973 1710 cod.

130 1733 228 1756 membr.
254 1734 275 1755 in
300 1734 336 1756 sol.
359 1734 463 1761 minore,
488 1735 547 1762 sign.
570 1734 621 1761 829,
640 1735 738 1756 continet
762 1734 926 1762 compendium
952 1736 972 1757 in

131 1780 167 1802 IV.
191 1779 274 1802 librum
292 1780 467 1802 Sententiarum.
485 1779 574 1802 Desinit
590 1779 668 1802 verbis
690 1781 761 1803 sancti
784 1780 973 1803 Bonaventurae:

130 1827 183 1848 tunc
200 1825 343 1853 videbimus,
362 1825 493 1848 amabimus
510 1828 531 1847 et
549 1825 703 1853 laudabimus,
716 1832 769 1848 cum
782 1826 901 1854 apparebit
913 1825 973 1849 Chri-

130 1874 178 1894 stus
195 1872 241 1894 vita
255 1875 343 1899 nostra,
360 1874 381 1894 et
399 1878 440 1894 nos
457 1871 621 1900 apparebimus
638 1874 680 1894 etc.

192 1918 261 1942 Nota.
285 1919 307 1940 In
332 1918 414 1940 eadem
432 1918 567 1940 bibliotheca
585 1921 617 1940 est
635 1918 686 1941 cod.
704 1918 801 1941 membr.
819 1919 841 1940 in
867 1919 895 1947 8,
914 1920 972 1947 sign.

132 1966 200 1993 4862,
217 1966 255 1994 qui
273 1965 317 1987 sub
335 1966 427 1987 nomine
445 1965 466 1987 S.
490 1965 663 1987 Bonaventurae
688 1965 757 1987 refert
782 1967 972 1988 commentarium

130 2013 151 2035 in
169 2013 202 2034 111.
219 2015 241 2034 01
253 2012 294 2034 IV.
311 2012 385 2039 Sent.;
403 2012 443 2034 sed
461 2015 540 2034 auctor
551 2013 600 2034 eius
617 2014 651 2034 est
663 2012 713 2035 Odo
724 2012 835 2040 Rigaldus
845 2012 899 2035 Ord.
913 2013 971 2041 111111,

129 2060 322 2087 Arcbiepiscopus
338 2059 535 2087 nothomagensis.

193 2106 228 2129 45.
243 2105 350 2133 Tuderti,
369 2105 472 2128 biblioth.
485 2105 650 2134 Commnnalis,
663 2106 713 2128 cod.
727 2106 824 2129 membr.
837 2108 858 2129 in
872 2108 884 2129 8
895 2126 900 2135 ,
912 2114 971 2130 saec.

130 2154 180 2176 XIV
206 2155 311 2181 ineuntis,
328 2154 387 2181 sign.
412 2153 459 2175 137.
472 2152 573 2175 Continet
586 2154 644 2175 inter
655 2153 696 2175 alia
709 2153 893 2176 abbreviationes
905 2154 972 2176 Com-

129 2201 233 2224 mentarii
259 2200 329 2222 sancti
354 2200 439 2222 Bonav.
464 2205 534 2227 super
551 2199 581 2221 111.
601 2201 623 2221 01
639 2199 675 2221 IV.
693 2200 867 2222 Sententiarum.
889 2201 973 2230 Incipit

130 2247 166 2269 101.
184 2247 224 2269 83:
242 2246 325 2269 Natura
342 2246 419 2268 divina
438 2246 510 2273 potuit
530 2246 589 2268 uniri
612 2252 665 2268 cum
690 2247 789 2269 humana
815 2249 857 2269 etc.
885 2247 972 2270 Desinit

130 2294 166 2316 fol.
188 2294 237 2315 ¹21.
259 2293 344 2315 Deinde
365 2293 512 2321 prosequitur
529 2295 639 2321 quartus:
657 2293 812 2315 Samaritanus
834 2296 876 2316 ete.
894 2294 971 2322 Queri-

129 2343 165 2364 1111
180 2359 185 2367 ,
204 2343 280 2362 utrum
298 2340 443 2362 Sacramenta
461 2339 581 2361 debuerint
598 2340 690 2361 institui.
707 2339 796 2362 Desinit
812 2340 848 2362 101.
867 2340 919 2363 244.
937 2347 954 2363 r.

194 2386 230 2408 46.
251 2386 293 2408 Tm
302 2385 352 2408 onis
369 2386 391 2407 in
409 2385 490 2413 Gallia,
511 2384 613 2407 biblioth.
631 2384 743 2413 Civitatis,
760 2385 810 2408 cod.
823 2387 893 2408 chart.
906 2387 927 2408 in
942 2388 969 2413 8,

129 2439 188 2456 saec.
202 2432 243 2454 XV
254 2450 259 2460 ‚
276 2432 334 2459 sign.
352 2430 403 2453 409.
422 2431 466 2453 Fol.
484 2431 520 2453 38.
533 2437 550 2453 r.
569 2431 636 2453 refert
647 2432 753 2459 excerpta
765 2437 791 2453 ex
805 2432 826 2453 II.
839 2432 897 2454 libro
916 2433 971 2455 Sen-

130 2479 250 2501 tentiarum
268 2478 338 2499 sancti
356 2477 536 2499 Bonaventurac.

193 2524 228 2546 47.
250 2522 362 2551 Venetiis,
381 2522 484 2544 biblioth.
507 2524 578 2545 sancti
598 2523 677 2551 Marci,
695 2523 746 2545 cod.
759 2523 856 2546 membr.
874 2525 896 2546 in
917 2524 969 2552 101,

129 2577 188 2593 saec.
206 2570 269 2598 XIV,
287 2571 346 2598 sign.
372 2569 424 2592 clas.
443 2570 474 2591 111.
497 2570 534 2591 93.
560 2570 621 2591 Initio
647 2571 813 2598 praemittitur:
831 2571 852 2592 in
870 2571 912 2593 isto
929 2577 970 2593 vo-

129 2617 213 2639 lumine
239 2617 382 2639 continentur
406 2616 428 2637 1:.
454 2618 477 2638 01
502 2615 532 2637 ΙΙΙ.
558 2616 717 2639 Bonaventure
742 2616 836 2639 ordinis·
854 2618 969 2639 minorum

129 2663 256 2691 Presbyteri
274 2662 413 2691 Cartlinalis,
431 2668 530 2691 quorum
543 2663 654 2690 principia
672 2665 757 2685 mutata
774 2666 827 2686 sunt
847 2663 876 2686 ab
893 2664 969 2692 aliquo

128 2710 213 2733 invido.
230 2709 326 2739 Incipit:
344 2708 443 2738 Sapiens
459 2708 546 2731 mulier
562 2708 671 2739 aedificat
686 2709 782 2733 domum
807 2713 849 2732 etc.
876 2710 969 2738 Questio

129 2757 142 2779 I.
160 2757 194 2779 Ad
211 2757 322 2778 maiorem
339 2755 477 2778 evidentiam
495 2761 588 2783 eorum,
613 2762 659 2784 que
682 2756 718 2778 hic
739 2756 846 2780 dicuntur
863 2756 891 2778 de
908 2757 968 2778 exitu

128 2809 205 2825 rerum
222 2804 243 2824 in
256 2809 313 2825 esse.
326 2801 415 2825 Desinit
432 2802 469 2824 sol.
487 2801 523 2823 65.
536 2808 569 2823 xz:
590 2803 624 2824 isti
645 2808 701 2830 ergo
718 2802 848 2825 beatissime
866 2803 968 2825 Trinitati

128 2850 156 2872 sit
172 2850 310 2877 sempIterna
323 2849 371 2871 laus
383 2851 405 2870 et
416 2849 487 2876 gloria
500 2854 542 2876 pro
556 2848 600 2870 fine
613 2849 681 2871 huius
698 2848 756 2871 libri.
769 2849 849 2871 Amen.
861 2849 969 2878 Sequitur

128 2895 204 2917 tabula
229 2896 397 2923 quaestionum.
424 2895 514 2916 Tertius
540 2894 597 2916 liber
617 2894 699 2924 incipit
715 2895 751 2917 sol.
769 2895 805 2917 68.
823 2901 856 2917 r.:
878 2895 969 2918 Veritas

127 2941 155 2965 de
171 2943 235 2964 terra
248 2943 299 2965 orla
314 2943 348 2965 est
359 2945 400 2964 etc.
413 2941 506 2969 Questio
519 2941 532 2963 1.
543 2940 577 2963 Ad
589 2941 699 2963 maiorem
716 2940 877 2964 evidentiam...
891 2945 967 2964 utrum

1804 163 1878 192 LXIX

1037 239 1113 261 divina
1132 242 1210 262 natura
1229 241 1286 262 uniri
1306 241 1403 268 potuerit
1421 246 1473 262 cuin
1493 241 1599 262 humana.
1618 239 1706 263 Desinit
1723 241 1759 263 sol.
1782 241 1830 263 134.
1848 247 1878 263 r.:

1038 286 1081 307 hoc
1098 290 1175 308 autem
1193 287 1214 308 in
1232 289 1314 315 quarto
1332 286 1389 309 libro
1402 287 1491 315 plenius
1503 287 1663 315 declarabitur,
1676 287 1798 310 adiuvante
1808 289 1880 316 gratia

1037 332 1085 354 Iesu
1103 332 1197 359 Christi,
1215 334 1251 355 cui
1269 339 1322 356 cum
1340 333 1404 356 Patre
1421 336 1443 356 et
1464 334 1548 361 Spiritu
1575 336 1652 356 sancto
1678 340 1721 362 pro
1743 334 1787 356 sine
1813 336 1880 357 huius

1037 378 1087 401 libri
1105 380 1131 401 sit
1150 380 1222 401 1101101·
1239 382 1260 401 01
1278 380 1349 408 gloria
1367 386 1420 402 cum
1439 380 1505 402 laude
1523 381 1625 408 perenni.
1644 381 1723 403 Anien.

1100 425 1135 447 48.
1157 425 1258 449 Viennae
1276 427 1297 448 in
1315 427 1416 454 Austria,
1443 426 1545 449 biblioth.
1570 427 1679 455 Palatina,
1701 427 1751 450 cod.
1775 428 1844 450 chart.
1858 428 1878 449 in

1037 472 1086 499 fol.,
1105 472 1197 494 miscell.
1216 478 1275 495 saec.
1294 473 1352 495 XIV.
1371 473 1423 495 XV.
1440 477 1462 496 et
1479 473 1538 501 XVI,
1555 474 1613 501 sign.
1640 474 1707 496 387-2.
1725 474 1771 495 Fol.
1790 474 1842 495 209.
1860 480 1878 495 r.

1037 516 1143 545 (charact.
1161 523 1220 540 saec.
1238 518 1306 546 XVI.)
1325 518 1404 541 habet:
1422 519 1452 541 Ex
1468 520 1543 547 primo
1561 519 1727 542 Sententiarum
1751 519 1878 542 secundum

1036 565 1138 587 Doctoris
1155 566 1272 593 Seraphici
1289 566 1412 594 palestram
1424 572 1451 588 ac
1462 566 1603 588 subtilissimi
1615 567 1677 589 Scoti
1689 567 1803 589 annotatio
1820 572 1879 589 com-

1035 611 1152 639 pendiosa.
1171 612 1269 641 Incipit:
1286 611 1386 635 Flavius
1397 612 1559 642 ayt-edicbatur
1571 612 1598 636 de
1611 612 1660 637 loco
1672 613 1805 643 voluptatis.
1819 613 1878 635 llaec

1035 659 1149 681 annotatio
1166 660 1313 688 prosequitur
1329 660 1397 682 etiam
1416 661 1437 682 111
1454 659 1538 682 librum
1558 660 1580 682 11.
1599 663 1620 682 01
1638 660 1673 683 IV.
1691 661 1866 683 Sententiarum.

1099 704 1135 727 49.
1157 704 1258 728 Viennae
1275 707 1403 729 tamisa-ia
1421 706 1488 735 ibid,
1502 706 1552 729 cod.
1565 708 1635 730 chart.
1647 708 1669 729 in
1682 707 1726 735 sol„
1739 714 1798 730 saec.
1812 708 1877 736 XIV,

1034 752 1093 780 sign.
1107 751 1174 775 4363.
1187 752 1302 775 Continet:
1315 753 1519 776 Determinationes
1529 754 1557 776 de
1566 754 1713 777 Sacramento
1725 755 1878 777 Eucharistiae

1035 805 1061 821 ac
1078 800 1230 827 poenitentiae
1248 804 1289 823 etc.
1307 807 1334 823 ex
1346 799 1473 823 Commeat.
1491 801 1513 822 in
1526 801 1561 823 IV.
1580 801 1640 823 Sent.
1658 801 1680 823 S.
1698 801 1876 823 Bonax‘enturae.

1098 845 1134 868 50.
1152 845 1247 869 Vorat'ii
1259 847 1355 875 (Vorau)
1366 848 1387 869 in
1397 847 1470 875 Stiria,
1481 847 1583 869 biblioth.
1593 846 1706 875 Canonic.,
1716 847 1767 870 eod.
1781 848 1877 870 membr.

1035 893 1056 914 in
1075 893 1118 921 1“01.,
1131 899 1190 915 saec.
1203 893 1254 916 XIV
1265 912 1269 921 ,
1282 894 1340 922 sign.
1353 889 1447 921 CXCV„
1461 895 1572 917 continet:
1590 895 1725 923 Questiones
1743 895 1804 917 Bone
1822 894 1878 917 Ven-

1035 942 1084 961 ture
1101 946 1172 967 super
1190 938 1224 962 IV.
1243 940 1327 963 librum
1345 942 1515 964 sententiarum.

1064 1032 1151 1055 Indices
1168 1032 1216 1055 sive
1233 1032 1325 1056 tabulae
1342 1034 1408 1063 saper
1425 1033 1599 1057 commentarios
1616 1034 1638 1058 S.
1662 1034 1842 1057 Bonaventurae.

1096 1126 1133 1148 51.
1151 1127 1317 1150 Romu-enarra
1335 1133 1349 1150 (1
1368 1127 1408 1150 Cin
1423 1126 1501 1156 ribus,
1514 1128 1592 1156 Italus,
1605 1128 1695 1156 scripsit
1707 1127 1795 1150 tabulas
1807 1133 1877 1155 super

1033 1172 1227 1195 Commentariun]
1246 1174 1268 1195 S.
1286 1173 1467 1196 Bonaventurae.
1485 1174 1620 1196 Mentionem
1645 1174 1718 1202 ipsius
1735 1175 1818 1197 faciunt
1836 1174 1877 1195 Ro-

1033 1218 1134 1247 (lulphus
1152 1219 1194 1244 (III.
1212 1219 1240 1241 ad
1261 1225 1296 1241 an.
1316 1219 1400 1248 t586),
1419 1219 1580 1248 Waddingus,
1598 1219 1712 1242 Sbaralea.
1731 1220 1877 1248 Waddingus

1033 1266 1124 1293 asserit,
1143 1272 1195 1287 eum
1213 1269 1304 1294 praeter
1321 1265 1421 1288 tabulam
1439 1265 1581 1288 ubei'l'ilnam
1599 1266 1620 1287 in
1641 1267 1717 1288 omma
1735 1272 1804 1294 opera
1825 1266 1878 1288 scri-

1032 1312 1118 1339 psisse:
1143 1310 1262 1340 Epitonwn
1280 1317 1378 1339 operum
1396 1311 1575 1334 Bonax‘enturae.
1593 1311 1637 1333 Sed
1659 1312 1699 1334 iste
1717 1312 1875 1334 Bonavcntura

1033 1357 1124 1380 videtur
1142 1360 1228 1380 tantum
1245 1358 1365 1386 scripsisse
1382 1357 1498 1385 duplicem
1516 1357 1624 1385 tabulam,
1640 1364 1699 1387 quae
1716 1358 1836 1380 exhibetur
1853 1359 1874 1379 in

1032 1404 1110 1426 codice
1128 1405 1229 1426 Senensi.
1246 1406 1356 1426 Auctores
1374 1405 1432 1426 citati
1445 1404 1575 1432 saeculum,
1594 1411 1640 1433 quo
1658 1405 1693 1427 1110
1711 1405 1793 1432 11011111,
1811 1406 1877 1433 igno-

1032 1453 1096 1477 rant,·
1113 1450 1154 1472 5011
1172 1457 1198 1472 ex
1215 1450 1334 1473 codicibus
1351 1453 1449 1479 constat,
1475 1457 1528 1473 011111
1553 1452 1636 1473 vixisse
1657 1451 1737 1473 saltem
1755 1457 1799 1473 11011
1825 1454 1876 1479 post

1031 1497 1149 1519 saeculum
1166 1497 1225 1519 XIV.
1243 1497 1353 1519 medium.

1094 1543 1162 1567 Senis
1179 1545 1201 1566 in
1219 1544 1315 1567 Tuscia.
1335 1544 1438 1566 biblioth.
1456 1543 1570 1572 Civitatis,
1589 1544 1639 1566 cod.
1660 1544 1758 1567 membr.
1775 1545 1796 1566 in
1822 1545 1874 1573 101,

1031 1597 1090 1614 saec.
1117 1592 1168 1613 XIV
1181 1610 1186 1619 ,

1032 1638 1206 1665 Sententiarum,
1232 1638 1367 1666 compilatas
1384 1644 1396 1660 a
1421 1639 1488 1660 stati-e
1514 1638 1674 1660 Bonaventura
1698 1638 1726 1660 de
1749 1637 1875 1661 Cineribus.

1219 1592 1277 1620 sign.
1305 1592 1325 1614 F.
1353 1592 1379 1613 V.
1410 1592 1442 1614 ta.
1468 1591 1572 1614 Continet
1596 1591 1685 1614 tabulas
1710 1598 1781 1620 super
1806 1592 1876 1614 libros

1031 1684 1115 1714 Incipit
1136 1685 1171 1707 tot.
1191 1685 1248 1707 ι137;
1266 1685 1343 1713 Incipit
1360 1691 1431 1713 super
1448 1686 1549 1713 primum
1568 1685 1642 1707 fratris
1664 1685 1830 1708 Bonnventure.
1852 1686 1873 1707 ln

1031 1731 1075 1753 fine
1093 1731 1183 1754 1111111110
1209 1732 1266 1754 tertii
1285 1731 1335 1753 libri
1361 1731 1454 1759 legitur:
1480 1732 1574 1759 Explicit
1591 1731 1668 1754 tabula
1685 1732 1745 1755 edita
1770 1739 1781 1754 a
1808 1732 1874 1754 tratre

1031 1778 1190 1800 Bonaventura
1209 1778 1237 1800 de
1255 1777 1375 1800 Cineribus
1387 1778 1473 1800 ordinis
1485 1778 1597 1800 Minoi-um
1610 1785 1680 1806 super
1697 1779 1787 1801 tertium
1800 1779 1875 1801 fratris

1032 1824 1189 1846 Bonax'enture
1208 1824 1236 1846 de
1254 1823 1338 1846 Ordine
1356 1824 1495 1852 supradicto.

1094 1871 1196 1893 Tabulae
1213 1872 1235 1893 in
1258 1872 1361 1899 singulos
1383 1871 1455 1893 libros
1480 1872 1550 1894 sancti
1578 1872 1750 1895 Bonaventurae
1769 1874 1874 1900 praemit-

1030 1919 1083 1941 titur
1100 1918 1166 1941 index
1192 1925 1280 1946 rerum,
1306 1925 1366 1947 quae
1388 1918 1540 1941 discutiuntur
1557 1925 1568 1941 a
1586 1919 1719 1942 doctoribus
1736 1922 1785 1942 tum
1803 1927 1873 1949 super

1030 1964 1100 1987 llbros
1117 1966 1291 1993 Sententiarum,
1309 1968 1358 1988 tum
1375 1966 1397 1987 in
1409 1966 1542 1994 theologicis
1554 1966 1703 1995 quodlibetis;
1721 1969 1800 1995 estque
1823 1974 1872 1989 exa-

1030 2014 1092 2034 ratus
1116 2011 1145 2034 ab
1170 2011 1251 2034 eadem
1269 2018 1338 2034 manu
1361 2012 1445 2034 saeculi
1464 2012 1522 2034 XIV.
1540 2016 1568 2040 et,
1587 2015 1609 2035 ut
1628 2013 1725 2041 videtur,
1743 2012 1772 2035 ab
1790 2013 1871 2035 eodem

1029 2061 1121 2081 auctore
1139 2058 1225 2087 editus,
1243 2059 1326 2081 scilicet
1345 2058 1504 2081 Bonavcntura
1531 2059 1559 2081 de
1580 2058 1706 2082 Cincribus.
1730 2059 1813 2089 Incipit
1835 2061 1871 2082 tol.

1030 2105 1050 2127 I.
1068 2112 1098 2127 r.:
1116 2105 1255 2128 Abstinentia
1274 2105 1405 2133 (absolutio)
1423 2112 1435 2127 a
1453 2106 1527 2133 culpa.
1546 2106 1626 2128 Utrum
1644 2105 1738 2135 quilibet
1765 2107 1873 2129 sacerdos

1029 2153 1100 2180 possit
1117 2152 1242 2181 quemlibet
1259 2151 1387 2174 absolvere.
1405 2151 1494 2175 Desinit
1511 2152 1547 2174 sol.
1570 2152 1618 2174 136.
1635 2159 1658 2174 v.

1092 2198 1152 2220 Idem
1170 2205 1229 2226 opus
1246 2199 1361 2220 invenitur
1379 2197 1489 2226 Tuder-ti,
1510 2198 1612 2221 biblioth.
1630 2199 1652 2222 S.
1673 2199 1802 2228 roxum-ati,
1820 2201 1870 2223 cod.

1028 2244 1125 2267 membr.
1144 2245 1165 2266 in
1184 2245 1236 2272 sol..
1255 2251 1314 2267 saec.
1332 2245 1399 2273 XIV,
1417 2246 1475 2273 sign.
1495 2245 1530 2267 ³14.
1549 2245 1653 2268 Continet
1678 2245 1780 2268 tabulam
1798 2247 1872 2274 alpha-

1027 2291 1125 2313 beticam
1143 2297 1220 2313 rerum
1238 2294 1258 2313 et
1282 2298 1324 2320 pro
1348 2298 1486 2320 unaquaque
1509 2298 1533 2314 rc
1556 2292 1634 2320 plures
1657 2294 1819 2321 quaestiones,
1843 2294 1871 2315 ad

1027 2345 1125 2367 quarum
1149 2339 1251 2366 singulas
1268 2338 1365 2360 citantur
1381 2341 1498 2365 auctores,
1516 2338 1573 2360 inter
1590 2344 1649 2366 quos
1670 2344 1739 2365 saepe
1757 2338 1871 2361 13011111·οη-

1028 2387 1077 2407 tura
1096 2387 1116 2406 et
1134 2385 1227 2412 saepius
1245 2384 1353 2406 Thomas.
1372 2383 1456 2413 Incipit
1478 2390 1489 2406 a
1516 2384 1601 2406 verbo:
1627 2384 1748 2407 absolutio.
1767 2384 1869 2408 Desinit:

1028 2431 1099 2453 verbo
1117 2431 1174 2459 Xps.

1090 2477 1151 2499 Idem
1169 2483 1229 2505 opus
1245 2478 1313 2499 etiam
1337 2477 1434 2499 liabetur
1453 2476 1545 2506 Hispali
1563 2478 1585 2499 111
1609 2477 1723 2505 Hispania,
1740 2476 1869 2500 bibliothec.

1027 2523 1161 2547 Columbina
1179 2523 1286 2552 Capituli,
1304 2523 1354 2546 cod.
1372 2523 1471 2546 membr.
1484 2524 1505 2545 in
1524 2524 1560 2545 101.
1574 2524 1663 2549 11111101.,
1676 2529 1735 2545 saec.
1749 2523 1799 2551 XV,
1811 2525 1868 2552 sign.

1028 2570 1072 2592 tal).
1094 2570 1143 2592 t30.
1161 2576 1182 2591 11.
1201 2569 1245 2597 35.,
1263 2570 1285 2591 111
1307 2575 1353 2598 quo
1370 2573 1460 2591 exarata
1478 2572 1511 2592 est
1528 2569 1611 2597 tabula,
1629 2569 1772 2597 alphabetico
1789 2569 1869 2592 01111110

1027 2616 1145 2644 disposita,
1158 2621 1228 2644 super
1240 2619 1339 2644 quatuor
1350 2615 1420 2637 libros
1433 2615 1607 2637 Sententiarum.
1620 2615 1654 2637 Ad
1671 2615 1756 2637 calcem
1774 2615 1869 2643 legitur:

1026 2664 1051 2685 Α,
1070 2662 1098 2685 de
1115 2663 1209 2684 Solucar
1226 2668 1295 2683 manu
1313 2662 1413 2690 propria.

1090 2709 1151 2731 Idem
1170 2714 1228 2736 opus
1253 2708 1368 2729 invenitur
1385 2706 1518 2735 Monstcltii,
1538 2706 1641 2729 biblioth.
1659 2707 1745 2736 Regia,
1769 2707 1818 2730 cod.
1845 2708 1867 2730 L.

1026 2755 1096 2777 chart.
1114 2755 1136 2776 in
1154 2754 1205 2782 soh,
1224 2759 1282 2776 saec.
1300 2753 1358 2781 XV,
1375 2754 1434 2781 sign.
1452 2754 1536 2775 22110.
1553 2752 1657 2776 Continet
1679 2755 1823 2782 quaestiones
1846 2756 1866 2776 in

1026 2802 1049 2824 ΙΙ.
1067 2804 1087 2824 et
1106 2802 1137 2823 III.
1156 2801 1330 2823 Sententiarum.
1348 2800 1393 2822 Fol.
1413 2801 1463 2822 128.
1482 2807 1520 2823 v.:
1539 2800 1650 2828 Incipiunt
1672 2801 1768 2829 capitula
1787 2803 1808 2823 et
1833 2808 1867 2823 111-

1025 2848 1087 2870 brice
1105 2847 1199 2870 secundi
1218 2847 1268 2869 libri
1285 2847 1431 2876 questionum
1449 2847 1510 2868 Bone
1533 2849 1628 2869 venture
1646 2846 1771 2869 Cardinalis
1796 2848 1868 2869 mino-

1025 2901 1077 2917 rum
1103 2895 1197 2916 fratrum
1215 2894 1324 2916 existens:
1342 2893 1431 2916 Desinit
1449 2893 1485 2915 101.
1505 2893 1555 2915 173.
1574 2899 1607 2916 r.:
1625 2893 1751 2921 Expliciunt
1769 2894 1865 2921 capituli

1025 2944 1046 2963 et
1063 2941 1153 2963 rubrice
1171 2939 1264 2962 secundi
1282 2943 1303 2962 et
1320 2941 1369 2962 terti
1385 2939 1435 2962 libri
1454 2941 1616 2962 sententiarum
1633 2941 1779 2969 questionum
1798 2940 1867 2962 Bona-
