2253 3317
36 1023 146 1043 Distinctio.

18 1451 117 1471 Conclusio
129 1451 145 1469 l.

723 97 805 125 DtST.
829 97 880 125 vlt.
902 96 974 124 ART.
997 94 1113 124 UNICUS
1133 94 1268 130 QUAEST.
1289 93 1330 122 lv.

159 189 208 210 nec
229 180 390 210 diversitas:
406 186 472 214 ergo
486 185 550 206 cuni
571 183 652 213 posse
673 175 761 204 creari
776 177 804 202 et
821 168 905 210 posse¹
923 180 1002 209 gene-

160 228 214 257 rari
238 228 273 256 ab
294 229 406 255 aeterno
427 226 490 252 ante
511 222 697 252 conditionem
718 223 864 249 creaturae
884 219 1000 252 fuerint,

159 283 225 311 ergo
246 281 299 302 non
314 273 321 285 ¹
344 271 447 300 habent
468 268 727 306 multiplicationem
749 267 777 295 in
791 266 850 303 ipsa
869 264 999 302 potentia.

237 320 262 348 3.
285 319 364 352 Item,
387 325 451 346 cum
467 317 541 345 dico:
558 318 687 344 creatura
700 315 791 351 potest
809 312 910 346 creari,
932 311 1000 339 nihil

157 367 238 396 dico²
259 368 400 398 creatum3
421 364 487 400 quia
507 362 578 391 illud
601 360 789 402 vererdicitur
810 359 844 388 de
866 366 898 387 eo
926 358 1000 395 quod

157 413 269 442 omnino
298 411 367 440 nihil
390 413 446 443 est,
474 410 546 438 sicut
566 409 600 437 de
629 408 722 436 anima
743 405 911 435 antichristi:
934 413 1000 441 ergo

157 460 248 489 solum
269 459 331 487 dico
352 457 503 495 potentiam
525 455 644 493 agentis:
673 454 721 483 sed
747 452 869 491 potentia
890 452 937 480 Dei
959 454 1002 480 est

156 507 252 540 unica,
280 513 336 534 non
370 504 475 533 habens
503 503 626 540 aliquam
659 499 906 537 multiplicitatem:
935 506 1001 535 ergo

157 553 218 582 eius
243 560 323 590 posse
355 551 506 580 univocum
528 552 569 578 est
590 549 625 577 ad
650 555 731 585 posse
756 546 845 575 creari
867 548 894 574 et
920 553 1001 582 posse

158 598 293 636 generari.

485 695 674 718 CONCLUSIO.

157 786 247 814 Posse
264 784 407 823 generari
426 787 452 812 et
469 791 554 820 posse
585 781 686 810 creari
715 780 814 819 quoad
839 779 1003 817 principale

233 831 435 870 significatam
456 838 488 858 re
509 829 585 857 idem
610 831 680 856 sunt
710 831 735 856 et
755 827 876 855 univoce
904 826 1004 854 dietm-

236 882 305 913 tur,
327 877 426 916 quoad
445 879 634 905 convocatum
653 883 721 903 vero
743 873 903 911 amilogziee.

234 973 411 1001 Rasponnsso:
434 970 606 1000 Dicendum,
634 969 709 1006 quod
732 976 797 997 cum
829 968 890 997 dico
918 976 1003 1005 posse

156 1019 256 1048 creari
276 1021 303 1047 et
321 1026 406 1055 posse
424 1016 584 1055 qeizerari,
611 1015 673 1045 dico
695 1014 862 1052 principale
892 1014 1004 1052 myrtili-

156 1069 256 1094 catum
277 1068 304 1094 et
325 1064 387 1093 dico
408 1066 604 1092 comtotatum.
624 1063 765 1099 Quantum
787 1062 823 1090 ad
835 1061 1003 1098 principale

155 1112 371 1151 siynificatum,
394 1111 472 1146 dico,
493 1110 567 1148 quod
594 1117 676 1147 posse
707 1109 798 1138 creari
831 1109 903 1137 idern
936 1108 1003 1137 dicit

155 1167 199 1194 re,
221 1159 297 1196 quod
318 1166 400 1196 posse
422 1165 531 1192 creare,
553 1157 684 1185 differens
715 1155 807 1184 solum
821 1155 830 1170 ³
861 1155 944 1184 modo
966 1155 1002 1183 lo-

154 1206 259 1243 quendi
280 1205 324 1234 vel
346 1204 474 1234 dicendi:
496 1204 562 1241 quia
582 1203 658 1240 quod
679 1202 782 1231 dicitur
813 1210 864 1239 per
884 1202 1000 1231 modum

155 1252 270 1282 actionis
291 1260 342 1290 per
363 1259 444 1289 posse
475 1258 586 1285 creare,
618 1250 685 1279 dicit
716 1257 797 1287 posse
828 1250 916 1278 creari
950 1257 1001 1286 per

155 1300 271 1329 modum
298 1298 444 1336 passionis.
475 1298 616 1334 Quantum
648 1304 715 1325 vero
745 1296 780 1325 ad
813 1300 1000 1325 connotatzmz

155 1346 222 1376 dicit
241 1346 371 1375 effectum
393 1346 421 1374 in
442 1347 580 1374 creatura.

234 1393 350 1430 Quando
365 1392 374 1407 ⁴
404 1400 471 1429 ergo
501 1394 700 1429 comparantur
730 1398 812 1428 posse
843 1390 942 1421 creari,
973 1393 1001 1418 et

155 1448 236 1478 posse
256 1440 397 1477 generari,
420 1439 442 1468 si
464 1442 662 1476 comparentur
686 1438 793 1467 ratione
820 1437 1001 1474 principalis

154 1486 331 1526 szywzifi'cati,
354 1487 428 1521 dico,
449 1486 524 1523 quod
545 1494 601 1514 non
621 1488 730 1514 tantum
752 1488 793 1514 est
824 1485 1001 1519 univocum,

157 1535 242 1563 immo
264 1534 347 1563 etiam
369 1533 511 1567 unicum,
533 1535 565 1561 ut
585 1532 677 1561 visum
699 1536 741 1561 est
755 1532 773 1566 ⁵,
794 1531 875 1560 aliter
908 1534 1000 1560 tamen

1846 90 1899 119 143

1027 171 1029 178 ¹
1057 175 1084 200 et
1103 171 1184 200 aliter
1205 170 1376 199 intellectum
1398 173 1425 199 et
1446 170 1634 203 enuntiatum,
1660 169 1731 197 sicut
1756 176 1837 205 posse
1858 177 1901 205 ge-

1056 225 1155 246 nerare
1176 219 1203 245 et
1224 224 1305 253 posse
1327 224 1430 245 creare.
1453 216 1480 244 Si
1500 219 1599 256 ,autem
1625 216 1731 244 ratione
1762 216 1901 243 connotati

1057 266 1274 300 comparentur,
1305 262 1344 291 sic
1369 262 1508 297 concedo,
1540 262 1615 299 quod
1647 265 1689 290 est
1720 261 2010 298 aaialoyzmn,(10120111510
2023 270 2041 288 2.

1056 310 1127 339 sicut
1149 310 1201 338 hoc
1222 317 1323 338 nomen
1344 318 1391 337 res
1412 310 1448 337 ad
1469 309 1592 338 fruibilia
1613 312 1640 337 et
1660 308 1777 337 utibilia.
1803 309 1903 344 Quam-

1057 357 1099 386 vis
1119 357 1194 386 enim
1215 357 1329 385 Creator
1350 358 1377 385 et
1398 358 1527 384 creatura
1548 364 1602 383 non
1620 356 1741 383 habeant
1755 363 1901 384 commune

1057 405 1221 438 univocum,
1242 403 1346 432 habent
1366 406 1459 431 tamen
1480 402 1638 438 analogum.

1135 451 1294 480 Notandum
1315 452 1427 484 tamen,
1450 449 1525 486 quod
1547 448 1653 485 duplex
1685 451 1726 476 est
1757 448 2042 484 analogianmpiqxana-

1062 498 1207 536 quaedam
1222 497 1231 512 ⁵
1251 505 1303 534 per
1324 496 1516 525 reductionem
1537 495 1571 524 ad
1606 495 1745 523 unitatem
1776 498 1904 523 naturae
1941 480 1995 502 'w'

1058 545 1214 574 secundum
1235 544 1315 581 prius
1335 547 1362 572 et
1383 543 1541 581 posterius:
1563 545 1590 571 et
1621 542 1690 570 haec
1722 544 1812 578 potest
1843 549 1903 570 esse

1058 591 1247 629 comparando
1268 594 1426 619 creaturam
1449 590 1483 618 ad
1506 592 1683 622 creaturam,
1704 591 1731 616 et
1754 588 1781 616 in
1803 588 1855 616 hac
1874 588 1908 616 si-

1059 639 1168 676 gnum⁷
1189 638 1333 667 distribuit
1358 646 1410 675 pro
1440 637 1571 665 omnibus
1602 635 1756 667 contentis.
1788 634 1840 663 nisi
1872 635 1905 662 sit

1058 685 1218 714 distributio
1240 684 1367 713 restricta
1388 692 1424 713 ex
1446 683 1605 717 additione,
1628 682 1672 711 vel
1704 690 1740 710 ex
1773 689 1827 709 usu
1848 681 1906 709 sive

1060 732 1142 761 modo
1165 731 1316 769 loquendi,
1337 731 1409 760 sicut
1431 731 1533 759 dicitur
1564 728 1724 758 distributio
1755 736 1907 756 accommo-

1059 780 1095 808 da
1108 780 1126 814 ⁸,
1148 783 1180 808 ut
1201 779 1222 808 si
1249 779 1377 807 dicatur:
1409 778 1519 807 caelum
1552 777 1620 813 tegit
1650 776 1753 808 omnia.
1776 774 1845 803 Alia
1866 778 1907 803 est

1059 826 1187 863 analogia
1207 833 1257 863 per
1278 825 1473 853 reductionem
1490 824 1526 852 ad
1540 823 1684 851 unitatem
1703 820 1907 850 similituclim's

1056 872 1304 910 proportionalis,
1319 880 1374 900 non
1389 874 1506 899 naturae
1513 881 1519 905 ;
1538 873 1565 898 et
1579 869 1654 907 quod
1679 869 1718 897 sic
1742 868 1906 904 analogatur

1060 929 1116 949 non
1137 923 1180 949 est
1200 920 1273 948 inter
1292 919 1361 953 alia,
1384 918 1433 947 sed
1457 917 1610 955 superalia
1622 916 1641 944 ⁹.
1657 915 1734 945 Unde
1749 914 1909 944 distributio

1060 966 1175 1004 proprie
1198 974 1250 1003 pro
1265 966 1313 994 illo
1327 973 1381 993 non
1398 964 1559 993 distribuit.
1574 963 1626 992 nisi
1642 962 1677 991 sit
1691 965 1817 991 extensa·
1833 960 1907 990 Unde

1059 1014 1134 1042 Deus
1155 1021 1210 1041 non
1232 1015 1274 1041 est
1294 1020 1344 1041 ens
1365 1012 1437 1040 inter
1457 1011 1569 1045 omnia,
1591 1010 1640 1039 sed
1662 1017 1747 1047 super
1768 1008 1868 1037 omnia.

1138 1060 1169 1088 Et
1190 1060 1255 1088 hinc
1276 1062 1333 1093 est,
1364 1058 1440 1096 quod
1470 1058 1646 1094 omnipotens
1677 1064 1731 1085 non
1763 1055 1907 1084 distribuit
1920 1062 2004 1081 Potentia
2017 1068 2047 1086 ge.

1920 1086 1997 1104 nei-andi
2010 1091 2046 1104 non

1058 1115 1110 1145 pro
1131 1107 1255 1144 potentia
1276 1105 1428 1143 generandi
1446 1105 1559 1142 proprie
1574 1106 1688 1141 accepta
1702 1102 1907 1135 distributione,
1939 1109 2031 1150 ead-affui»

1059 1155 1111 1183 nisi
1133 1154 1181 1183 fiat
1203 1154 1342 1191 quaedam
1368 1152 1514 1187 extensio,
1547 1155 1574 1181 et
1599 1159 1635 1180 ex
1657 1151 1705 1179 illa
1734 1158 1784 1187 per
1815 1156 1908 1178 conse·
1924 1137 2039 1174 gamm„-

1057 1210 1146 1239 quens
1168 1201 1216 1230 fiat
1236 1201 1373 1238 quaedam
1401 1199 1591 1237 appropriatio
1616 1198 1690 1227 circa
1721 1196 1906 1234 suppositum.

1058 1249 1134 1278 Unde
1152 1247 1274 1285 proprie
1293 1247 1469 1284 omnipotens
1490 1245 1619 1275 convenit
1639 1244 1731 1273 tribus
1743 1267 1750 1279 ,
1765 1244 1831 1280 quia
1851 1250 1905 1271 non

1057 1295 1201 1324 distribuit
1214 1295 1235 1308 ¹⁰
1250 1303 1302 1332 pro
1322 1294 1446 1332 potentia
1467 1293 1633 1331 generandi;
1655 1291 1847 1329 appropriate
1860 1298 1907 1318 au-

1056 1349 1114 1375 tem
1132 1365 1138 1377 ,
1161 1341 1317 1371 secundum
1340 1341 1416 1378 quod
1438 1340 1469 1369 fit
1489 1339 1633 1377 ampliatio
1653 1347 1690 1367 ex
1721 1340 1800 1375 parte
1822 1337 1911 1374 signi.

1056 1390 1144 1418 solius
1166 1391 1207 1417 est
1227 1388 1324 1417 Patris.

1140 1436 1180 1464 Ex
1202 1435 1246 1464 his
1267 1437 1362 1472 patent.
1383 1434 1476 1463 omnia
1497 1434 1604 1462 obiecta
1616 1444 1623 1467 ;
1648 1432 1804 1470 procedunt
1834 1431 1907 1460 enim

1057 1491 1107 1521 per
1128 1483 1253 1511 diversas
1275 1482 1352 1517 vias.
1374 1485 1404 1510 ut
1425 1484 1500 1518 patet
1521 1480 1646 1509 intuenti.

904 1645 1166 1681 SGHOLION.

221 1761 235 1783 Ι.
257 1760 283 1783 Ut
299 1760 389 1783 subtilis
406 1761 462 1782 haee
479 1760 598 1788 quaestio,
616 1766 676 1788 quae
693 1766 705 1781 a
723 1760 804 1787 paucis
821 1759 920 1787 antiquis
937 1758 1005 1780 Scho-

158 1801 242 1823 lasticis
259 1802 380 1827 tractatur,
393 1802 454 1821 recte
465 1799 615 1827 intelligatur,
633 1798 799 1821 attendendum
816 1800 861 1826 est,
879 1804 926 1826 quo
937 1803 1007 1819 sensu

158 1840 180 1861 S.
197 1839 282 1861 Doctor
299 1839 397 1866 accipiat
413 1838 565 1860 locutionem:
587 1843 655 1867 posse
677 1837 763 1860 creari.
788 1837 837 1859 Non
862 1838 961 1859 sumitur
983 1837 1005 1858 in

159 1884 228 1901 sensu
244 1877 355 1908 passivae
372 1878 501 1906 potentiae,
520 1883 579 1906 quae
596 1880 631 1899 est
647 1883 674 1899 ex
692 1879 757 1904 parte
775 1878 908 1904 creaturae,
925 1876 966 1898 sed
984 1876 1005 1897 in

158 1924 228 1940 sensu
247 1917 337 1940 activae
354 1917 481 1945 potentiae,
499 1922 560 1945 quae
576 1919 611 1938 est
627 1917 649 1937 in
666 1916 729 1944 Deo,
747 1918 770 1937 ut
783 1918 846 1944 patet
862 1922 888 1937 ex
901 1915 939 1937 ult.
957 1921 1006 1942 arg.

158 1957 223 1979 Ratio
241 1957 310 1978 huius
326 1956 389 1978 modi
407 1955 517 1984 loquendi
534 1955 661 1983 explicatur
678 1955 735 1976 intra
753 1954 775 1976 d.
795 1953 830 1976 42.
848 1960 870 1983 q.
890 1953 902 1975 4
913 1972 918 1982 ,
931 1953 970 1976 ubi
983 1954 1006 1975 S.

158 1996 244 2018 Doctor
260 1996 319 2018 inter
336 1995 378 2017 alia
396 1995 453 2017 haec
470 1993 539 2016 babet
556 1993 595 2021 (ad
611 1994 656 2021 2.):
678 1993 817 2016 amandum
829 1992 914 2021 creati,
928 1999 1007 2021 quam-

158 2036 194 2057 vis
210 2034 272 2057 dicat
288 2034 413 2062 potentiam
425 2040 468 2061 per
479 2033 576 2055 modum
588 2033 714 2061 passionis,
728 2035 803 2054 tamen
816 2031 945 2054 secundum
957 2038 1006 2053 rem

159 2080 204 2096 non
221 2074 276 2096 dicit
293 2074 335 2095 nisi
353 2073 479 2101 potentiam
496 2073 611 2100 activam,
628 2072 682 2100 quia
700 2074 751 2093 ante
769 2071 850 2093 mundi
867 2072 1006 2093 creationem

159 2113 214 2135 nihil
231 2116 266 2135 est
282 2113 324 2134 nisi
343 2112 443 2140 potentia
461 2112 561 2134 activa.»
581 2111 636 2133 Item
655 2110 702 2136 (ad
722 2110 767 2139 l.):
789 2109 915 2132 «Posstbile
933 2112 1008 2138 potest

161 2152 206 2174 dici
223 2152 395 2174 denominative
412 2158 423 2173 a
442 2151 543 2179 potentia
560 2150 652 2178 passiva
670 2150 706 2171 vel
725 2150 848 2177 activa3et
860 2150 914 2177 quia
925 2150 947 2170 in
959 2149 1007 2171 Deo

160 2192 254 2220 proprie
276 2193 311 2213 est
336 2190 437 2218 potentia
455 2190 542 2217 activa,
560 2189 612 2211 ideo
634 2189 717 2211 dicitur
741 2187 851 2216 possibile
875 2188 1010 2216 simpliciter

161 2230 292 2253 secundum
309 2229 373 2258 quod
391 2229 420 2251 ab
437 2229 474 2251 illa
492 2229 666 2256 denominatur,
690 2234 735 2250 non
759 2227 888 2250 secundum
909 2227 973 2256 quod
995 2233 1007 2249 a

160 2270 253 2298 passiva
263 2277 284 2291 n.
297 2269 360 2291 Hanc
379 2269 514 2290 sententiam
531 2267 615 2296 probat
626 2268 648 2289 in
665 2273 729 2295 corp.
741 2266 786 2289 Csr.
798 2267 866 2289 etiam
877 2266 939 2288 Alex.
950 2266 1007 2294 Hal„

160 2309 182 2330 S.
200 2314 223 2336 p.
240 2308 255 2330 l.
273 2315 295 2337 q.
314 2308 351 2330 20.
369 2314 400 2330 m.
419 2308 440 2329 2.
458 2310 480 2329 et
497 2307 525 2335 3,
544 2310 567 2329 et
583 2307 712 2334 S.'l'liom.,
730 2306 744 2328 l.
763 2306 823 2328 Sent.
841 2305 864 2328 d.
883 2305 919 2327 42.
941 2311 963 2334 q.
986 2306 1006 2327 2.

1062 1764 1081 1780 a.
1101 1758 1122 1779 2.
1140 1756 1206 1779 Certe
1222 1763 1260 1779 res
1277 1756 1382 1779 creabilis
1398 1759 1450 1778 ante.
1467 1761 1533 1777 suani
1551 1754 1862 1777 creationemnihilomnino
1873 1757 1905 1775 est

1062 1803 1104 1819 nec
1122 1796 1202 1825 habet,
1220 1803 1276 1824 ergo
1293 1802 1335 1818 nec
1352 1796 1477 1824 potentiam
1494 1796 1624 1823 passivam;
1637 1794 1699 1817 unde
1711 1793 1858 1816 solummodo
1870 1793 1908 1815 de-

1062 1835 1217 1857 nominatione
1234 1836 1359 1857 extrinseca
1375 1835 1390 1856 i.
1407 1840 1428 1856 e.
1445 1840 1498 1856 cum
1515 1835 1621 1861 respectu
1639 1832 1668 1854 ad
1685 1833 1784 1860 primam
1806 1837 1906 1859 eausam,

1064 1874 1197 1897 attribuitur
1214 1875 1256 1902 ipsi
1274 1880 1343 1904 posse
1359 1873 1445 1897 creari.

1127 1914 1150 1935 ll.
1168 1914 1208 1936 His
1225 1914 1358 1941 suppositis,
1377 1915 1423 1935 tres
1440 1912 1610 1940 propositiones
1627 1911 1648 1933 S.
1666 1910 1770 1932 Doctoris
1786 1914 1838 1932 sunt
1863 1915 1908 1931 ma-

1064 1953 1170 1975 nifestae:
1189 1952 1210 1974 rt.
1228 1952 1297 1974 Posse
1314 1951 1393 1975 creari
1409 1954 1431 1974 et
1448 1957 1516 1979 posse
1533 1956 1627 1978 creare,
1647 1950 1696 1971 licet
1714 1949 1820 1971 disserant
1831 1954 1908 1976 gram-

1064 1991 1208 2017 maticaliter,
1227 1996 1271 2012 non
1289 1990 1397 2012 differunt
1414 1990 1436 2011 in
1453 1995 1490 2016 re,
1509 1989 1527 2011 si
1544 1988 1668 2011 attenditur
1689 1987 1816 2016 principale
1840 1987 1908 2014 signi-

1063 2030 1167 2057 ficatum,
1186 2029 1250 2058 quod
1266 2032 1301 2052 est
1312 2030 1407 2052 creatrix
1419 2029 1515 2051 essentia
1533 2028 1618 2050 divina.
1629 2039 1662 2043 —
1673 2028 1694 2049 2.
1712 2027 1780 2049 Posse
1797 2026 1876 2050 creari
1886 2029 1906 2047 et

1063 2076 1132 2098 posse
1148 2068 1261 2099 θεων-αὴ
1269 2070 1356 2091 ratione
1368 2068 1501 2096 principalis
1512 2067 1632 2095 significati
1644 2069 1697 2089 sunt
1712 2067 1823 2094 univoca,
1835 2067 1907 2087 immo

1063 2109 1165 2131 unicum.
1187 2108 1261 2130 «Nam
1278 2109 1328 2136 ipsa
1345 2107 1423 2129 divina
1440 2106 1566 2129 substantia
1589 2105 1633 2128 sub
1655 2106 1757 2133 ratione,
1780 2111 1825 2134 qua
1847 2110 1908 2127 com-

1064 2147 1210 2170 municabilis
1226 2149 1261 2169 est
1277 2153 1319 2175 per
1331 2147 1515 2175 generationem,
1528 2147 1562 2168 est
1572 2146 1685 2173 potentia,
1697 2151 1742 2173 qua
1754 2144 1823 2166 Filios
1835 2144 1909 2172 potuit

1064 2187 1200 2215 generari»,
1217 2185 1325 2208 Richard.
1343 2186 1389 2217 (hic
1406 2192 1428 2214 q.
1446 2185 1486 2213 3.).
1502 2197 1534 2201 —
1551 2185 1571 2207 3.
1589 2185 1658 2207 Posse
1674 2183 1786 2214 qenerari
1800 2187 1822 2206 et
1838 2189 1906 2211 posse

1063 2225 1143 2249 creari
1158 2226 1245 2248 ratione
1262 2224 1383 2249 connutriti
1398 2231 1443 2247 non
1461 2224 1547 2247 habent
1563 2224 1650 2253 aliquid
1666 2229 1790 2246 commune
1802 2224 1844 2245 nisi
1856 2229 1907 2245 ana-

1064 2266 1155 2294 logum,
1173 2271 1227 2287 cum
1240 2265 1342 2292 primum
1354 2266 1460 2287 connotet
1471 2264 1552 2286 Filium
1564 2265 1682 2286 aeternum
1693 2281 1697 2291 ,
1710 2262 1839 2285 secundum
1850 2268 1906 2284 vero

1064 2308 1199 2327 ereaturam.

223 2448 231 2463 ¹
249 2448 304 2472 Cod.
325 2449 352 2470 W
370 2454 419 2471 nec.

222 2488 232 2503 ²
249 2488 299 2510 Vat.
318 2494 371 2510 cum
393 2487 444 2510 cod.
463 2493 489 2510 cc
514 2489 591 2509 contra
609 2489 697 2509 ceteros
714 2486 782 2508 codd.
807 2489 829 2509 et
845 2485 881 2508 ed.
900 2486 908 2507 l
929 2485 1005 2514 dicit,-

161 2527 212 2550 cod.
230 2527 237 2549 l
254 2527 392 2550 creaturam
405 2532 475 2556 posse
492 2525 582 2554 creari,
602 2524 662 2548 m‘hil
677 2524 728 2548 dico
745 2530 793 2548 esse
810 2525 923 2548 creatum.
936 2524 1005 2546 Paulo

123 2587 131 2588 s
161 2566 219 2588 intra
236 2568 288 2594 post
305 2565 366 2589 sicut
383 2565 434 2588 cod.
451 2565 471 2587 M
489 2565 552 2587 addit
568 2566 608 2587 est.

224 2604 234 2619 ³
253 2604 307 2627 Fide
324 2610 378 2627 mss.
397 2607 419 2627 et
435 2604 471 2626 ed.
492 2604 499 2626 vl
521 2604 675 2631 expunximus
691 2603 728 2625 hic
751 2603 855 2625 additum
879 2601 920 2631 i'n;
936 2603 1005 2631 aliqui

163 2643 230 2666 codd.
248 2643 299 2667 solo
318 2650 361 2672 pro
378 2642 465 2666 solum.
483 2643 532 2665 Mox
549 2643 612 2670 Vat.,
629 2642 798 2670 refragantibus
814 2648 869 2664 mss.
886 2643 908 2664 et
924 2641 961 2664 ed.
980 2642 987 2663 l
999 2660 1004 2670 ,

162 2681 249 2705 dicitur
262 2688 308 2711 per
325 2683 375 2704 loco
391 2681 453 2705 dicit.

226 2719 235 2735 ⁴¹
253 2720 359 2743 Mendosa
378 2721 444 2743 lectio
461 2720 512 2742 Vat.
531 2719 582 2747 Quo
599 2719 668 2743 modo
691 2726 734 2748 pro
758 2718 858 2748 thawdo
882 2719 1007 2747 castigatur

164 2766 191 2782 ex
207 2765 261 2782 mss.
279 2762 302 2781 et
316 2759 354 2781 ed.
373 2760 394 2781 l.

226 2798 236 2813 ⁵
254 2799 322 2820 Paulo
339 2804 422 2826 supra3
440 2797 494 2820 vide
511 2798 579 2820 etiam
596 2800 684 2826 quaest.
701 2797 808 2825 praeced.

227 2835 236 2848 Θ
254 2837 304 2860 Vat.
322 2843 375 2859 cum
393 2836 443 2859 eod.
461 2842 488 2859 cc
504 2837 628 2865 praemittit
651 2837 696 2864 est,
724 2836 786 2865 quod
812 2839 887 2858 tamen
912 2834 975 2858 abest
993 2841 1005 2857 a

166 2877 246 2899 ceteris
263 2882 317 2898 mss.
335 2879 357 2899 et
373 2876 409 2898 ed.
428 2876 448 2898 11.

1124 2446 1133 2460 7
1151 2445 1174 2468 ld
1199 2447 1233 2467 est
1259 2447 1345 2472 omne,
1371 2444 1435 2473 quod
1459 2444 1511 2466 ideo
1536 2445 1632 2465 vocatur
1654 2442 1761 2472 signum,
1789 2443 1842 2471 quia
1866 2448 1907 2470 per

1064 2486 1142 2513 ipsum
1159 2484 1284 2512 indicatur,
1302 2485 1414 2512 quantum
1431 2483 1489 2505 alius
1505 2483 1616 2504 terminus
1632 2482 1712 2503 valeat.

1125 2523 1134 2537 8
1152 2523 1202 2545 Vat.
1221 2525 1311 2551 praeter
1327 2522 1398 2544 fidem
1415 2522 1570 2550 antiquiorum
1587 2527 1641 2543 mss.
1664 2523 1686 2542 et
1702 2520 1738 2543 ed.
1765 2521 1773 2542 l
1803 2526 1906 2543 accomo-

1062 2561 1126 2590 data,
1141 2564 1163 2583 ct
1173 2562 1242 2590 paulo
1254 2562 1310 2583 intra
1319 2560 1482 2591 proportionis
1493 2561 1543 2582 loco
1553 2559 1746 2589 proportionata&
1758 2560 1826 2581 Pauci
1838 2559 1905 2581 codd.

1063 2601 1123 2631 reqil
1136 2607 1179 2630 pro
1191 2600 1253 2630 teylt,
1270 2600 1312 2623 scd
1326 2601 1452 2628 incongrue
1464 2603 1486 2622 et
1498 2603 1576 2622 contra
1588 2600 1645 2622 Petr.
1657 2600 1750 2627 Hispan.
1762 2599 1904 2621 Summulam

1063 2643 1126 2663 tract.
1145 2640 1173 2662 de
1191 2639 1361 2662 Distributione.
1378 2651 1410 2655 ——
1426 2639 1475 2661 Mox
1492 2641 1543 2667 post
1558 2639 1663 2661 maturae
1684 2637 1751 2660 codd.
1769 2644 1795 2659 aa
1812 2637 1844 2660 bh
1866 2638 1906 2659 ad-

1063 2679 1119 2701 dunt
1137 2680 1163 2701 ut
1182 2678 1303 2701 Creatoris
1327 2677 1359 2701 ad
1375 2679 1518 2701 creaturmn.

1125 2718 1135 2732 9
1152 2718 1182 2740 Ex
1199 2717 1364 2740 vetustioribus
1380 2723 1435 2739 mss.
1453 2720 1475 2739 et
1491 2716 1527 2739 ed.
1557 2717 1562 2738 1
1588 2716 1748 2744 supplevimus
1771 2715 1812 2738 sed
1834 2721 1906 2744 super

1063 2756 1120 2785 aliu,
1134 2760 1156 2779 et
1172 2757 1242 2784 paulo
1254 2756 1318 2783 infra,
1335 2755 1530 2778 consentientibus
1541 2754 1649 2777 omnibus
1665 2760 1719 2776 mss.
1732 2757 1753 2777 et
1766 2754 1819 2776 cdd.
1833 2754 1841 2775 Ἰῐ
1853 2771 1858 2781 ,
1876 2754 1904 2781 ⁶2,

1064 2797 1090 2824 3,
1108 2796 1122 2817 6
1140 2795 1267 2817 adiecimus
1282 2793 1323 2817 sed
1338 2800 1411 2824 super
1427 2793 1514 2816 ovinia.

1126 2834 1146 2849 ¹⁰
1162 2834 1218 2857 Cod.
1236 2834 1286 2856 MX
1304 2833 1391 2856 addunt
1405 2831 1510 2862 proprie.
