2253 3317
51 599 87 617 Pro
100 604 155 623 nega-

731 140 814 168 DIST.
837 140 875 168 III.
897 139 923 167 P.
945 140 975 167 II.
997 139 1069 167 ART.
1091 139 1119 166 ΙΙ.
1143 139 1278 175 QUAEST.
1301 138 1340 166 ΙΙΙ.
1870 135 1906 163 93

243 222 267 251 3.
284 222 360 256 Item,
373 222 399 250 in
412 222 463 249 hac
476 221 597 249 trinitate
609 222 651 248 est
661 219 738 255 origo
753 217 891 246 nascentis
905 216 1006 245 uniusl

163 269 198 296 ab
213 277 269 297 uno
283 271 310 296 et
326 268 398 296 tertii
414 267 449 295 ab
464 270 601 303 utroque:
624 273 690 303 ergo
711 272 775 294 cum
790 264 843 293 ista
867 264 922 292 sint
945 271 1007 300 pro-

163 315 224 352 pria
238 322 433 351 personarum,
448 316 523 350 patet
544 317 594 342 etc.

240 362 266 389 li.
282 361 359 394 Item,
374 361 402 388 in
418 360 469 388 hac
484 360 607 388 trinitate
621 362 664 387 est
675 358 684 371 ²
704 366 783 386 amor
798 357 889 391 tertio,
904 357 951 394 qui
967 360 1009 384 est

163 407 310 445 proprium
325 407 444 443 Spiritus
460 406 546 435 sancti
571 408 598 434 et
612 405 660 442 qui
675 407 717 433 est
731 404 766 432 ad
788 404 925 432 alterum:
942 410 1009 439 ergo

161 454 291 487 videtur,
306 453 381 490 quod
396 452 553 481 necessario
568 452 652 480 ducat
677 451 705 479 in
731 450 894 478 Trinitatem
916 456 1009 486 perso-

164 507 274 528 narum.

242 546 369 574 CONTRA:
388 547 412 573 1.
428 545 497 573 Haec
513 545 621 573 trinitas
636 543 802 580 intelligitur
826 543 853 570 in
879 544 1009 570 creatura

166 593 225 621 sine
240 592 416 620 distinctione
431 591 571 628 personali
584 600 589 617 :
605 598 671 627 ergo
686 592 777 627 potest
798 589 913 625 intelligi
929 591 956 617 et
980 588 1008 616 in

166 639 241 673 Deo;
257 638 305 667 sed
320 638 373 667 hoc
387 641 429 666 est
442 638 543 666 falsum
557 646 562 663 :
577 645 644 673 ergo
659 639 708 665 etc.

245 686 270 713 2.
286 685 352 713 Item
365 707 372 719 ,
386 684 482 712 notitia
497 686 523 712 et
538 691 616 712 amor
632 686 697 711 sunt
718 683 743 711 in
769 682 893 719 qualibet
917 690 1010 719 perso-

165 739 285 765 narum;
301 731 348 760 sed
365 739 415 767 per
429 738 461 759 ea
486 738 557 767 quae
583 732 650 758 sunt
671 730 698 757 in
720 729 868 763 omnibus,
890 736 945 756 non
966 736 1010 757 ve-

166 778 242 806 nitur
253 778 281 805 in
294 777 476 814 cognitionem
493 776 677 805 distinctionis
692 775 863 812 personalis:
880 783 946 811 ergo
957 778 1007 803 etc.

244 823 269 852 3.
291 824 377 858 Item,
399 824 538 852 intellecto
569 823 645 860 quod
669 831 726 851 una
739 825 847 851 tantum
863 825 936 851 esset
949 829 1010 859 per-

166 879 245 905 sona,
266 871 360 899 adhuc
381 873 507 899 nosceret
528 873 555 898 et
575 872 682 898 amaret
703 877 749 897 se:
772 877 839 905 ergo
859 872 910 897 etc.

243 917 269 945 4,
296 917 362 945 Item
381 940 387 952 ,
412 916 570 953 philosophi
595 916 677 944 istam
703 916 853 944 trinitatem
879 922 1011 951 cognove-

164 966 249 998 runt,
265 966 291 992 et
306 966 396 991 tamen
413 971 468 991 non
490 965 679 999 cognoverunt
695 962 856 990 Trinitatem
881 969 1011 998 persona-

164 1017 247 1038 rum:
264 1017 330 1045 ergo
345 1009 414 1038 haec
428 1017 483 1037 non
497 1009 654 1037 necessario
664 1009 673 1023 ³
688 1008 765 1037 ducit
779 1009 806 1036 in
822 1008 907 1037 illam.

467 1086 707 1115 CONCLusm.

169 1163 255 1191 Ratio
275 1162 338 1191 sola
353 1162 390 1191 ab
405 1162 460 1190 liae
476 1162 606 1190 trinitate
620 1162 741 1195 mentis,
760 1162 880 1191 notitiae
894 1166 920 1190 et
933 1171 1011 1191 cano-

244 1210 289 1238 ris
309 1218 367 1238 ηοη
389 1209 519 1237 ascendit
539 1209 579 1237 ad
600 1209 790 1246 eoyozitiovzem
818 1209 980 1238 Trinitatis.

245 1281 421 1309 Responnno:
445 1279 617 1313 Dicendum,
640 1279 714 1315 quod
736 1287 787 1316 per
811 1279 883 1308 hanc
907 1280 1012 1308 trinita-

1064 219 1118 244 tem
1134 216 1267 251 contingit
1282 222 1447 252 cognoscere
1467 214 1628 242 Trinitatem
1654 214 1681 242 in
1705 214 1779 247 Deo,
1804 216 1831 242 et
1855 214 1907 241 hoc
1921 224 2020 251 concina]

1063 265 1104 291 est
1139 262 1317 290 attribuendo
1350 269 1382 290 ea
1407 269 1478 297 quae
1501 261 1527 289 in
1554 261 1605 290 hac
1630 261 1752 289 trinitate
1777 263 1841 289 sunt
1868 260 1908 289 illi
1934 248 2033 272 ‘²⁷⁰''m'ffl'

1064 316 1191 337 summae
1212 307 1346 335 Trinitati.
1362 308 1414 336 Sed
1430 308 1481 336 hoc
1496 310 1585 344 potest
1609 315 1669 336 esse
1685 308 1842 344 dupliciter.
1858 308 1909 335 Aut

1065 354 1139 383 enim
1154 354 1206 383 ista
1230 354 1283 382 tria
1307 357 1424 390 possunt
1447 354 1503 382 Deo
1528 354 1642 382 attribui
1667 355 1821 383 secundum
1847 354 1910 382 sub-

1065 401 1195 430 stantiam
1208 423 1214 435 ,
1229 403 1261 428 ut
1285 408 1335 437 per
1360 400 1502 428 mentemst
1526 400 1714 437 intelligamus
1737 403 1859 429 mentem
1881 401 1909 428 in

1064 447 1121 475 Deo
1135 470 1141 481 ,
1156 450 1183 475 et
1198 454 1248 483 per
1262 446 1398 474 notitiam
1413 446 1440 474 in
1455 446 1548 474 anima
1563 446 1687 474 notitiam
1702 447 1730 474 in
1745 447 1814 481 Deo,
1829 450 1856 475 et
1870 447 1909 475 sic

1065 493 1099 521 de
1114 493 1214 527 terti03
1234 492 1314 521 etsie
1335 501 1389 521 non
1414 492 1490 520 ducit
1512 493 1539 520 in
1564 493 1747 529 cognitionem
1769 493 1910 522 Trinitatis
1923 503 2049 522 emensio-z,

1064 540 1117 568 nisi
1133 542 1270 576 quantum
1281 539 1317 567 ad
1330 539 1544 575 appropriata;
1555 542 1582 567 et
1594 539 1632 567 sic
1644 539 1843 568 intellexerunt
1853 540 1913 576 phi-

1065 586 1185 623 losophi.

1144 632 1261 661 Possunt
1275 632 1359 659 etiam
1380 631 1432 659 ista
1445 631 1454 643 ⁵
1480 631 1551 659 trahi
1574 632 1609 659 ad
1624 632 1713 660 Deum
1729 632 1834 661 ratione
1845 641 1913 669 pro-

1062 679 1235 716 prietatum,
1251 686 1323 715 quae
1338 681 1403 706 sunt
1417 678 1486 706 ordo
1501 680 1528 706 et
1542 678 1635 714 origo,
1651 678 1789 707 distinctio
1803 682 1830 707 et
1845 679 1914 707 rela-

1066 725 1121 759 ti03
1146 727 1173 753 et
1198 725 1236 753 sic
1261 725 1369 753 ducunt
1396 724 1423 752 in
1453 724 1636 761 cognitionem
1658 725 1798 753 Trinitatis
1820 726 1912 762 quoad

1066 771 1188 808 propria.

1144 818 1197 846 Sed
1213 817 1264 845 ista
1278 825 1382 854 ponere
1397 817 1439 845 vel
1461 817 1616 854 intelligere
1641 817 1667 845 in
1692 817 1749 846 Deo
1773 820 1863 854 potest
1884 818 1913 846 fi-
1925 827 2025 846 Conclusio
2034 828 2052 846 3.

1066 864 1115 892 des
1128 887 1134 899 ,
1151 864 1199 892 sed
1211 864 1220 878 ὃ
1235 872 1288 892 non
1304 864 1392 898 ratio,
1408 867 1434 892 et
1450 864 1487 892 ita
1507 864 1630 901 perfecta
1644 864 1763 900 cognitio
1784 864 1912 901 imaginis

1066 918 1121 938 non
1137 910 1259 939 habetur
1273 910 1325 939 nisi
1340 919 1357 938 a
1372 910 1434 939 fide.
1451 911 1527 939 Unde
1542 911 1611 939 bene
1627 911 1837 939 concedendum
1851 914 1910 945 est,

1065 957 1141 994 quod
1156 957 1247 993 imago
1258 980 1265 991 ,
1282 957 1403 994 perfecte
1418 957 1526 994 cognita
1540 960 1571 985 ut
1586 957 1695 994 imago,
1721 957 1798 986 ducit
1821 958 1848 986 in
1870 966 1912 986 co-

1066 1003 1216 1040 gnitionem
1232 1003 1391 1037 Trinitatis,
1410 1012 1465 1032 non
1490 1006 1584 1032 autem
1610 1004 1781 1041 simpliciter.
1806 1004 1837 1032 Et
1861 1012 1911 1041 per

1066 1050 1119 1078 hoc
1133 1052 1209 1086 patet
1223 1052 1343 1086 utraque
1358 1058 1431 1087 pars.

1147 1097 1171 1123 1.
1187 1097 1213 1124 Ξ).
1238 1096 1277 1124 Ad
1303 1096 1373 1125 illud
1394 1096 1469 1133 quod
1493 1096 1622 1125 obiicitur
1647 1097 1681 1125 de
1696 1105 1800 1132 amore,
1822 1097 1912 1125 dicen-

1066 1142 1135 1170 dum
1147 1165 1154 1176 ,
1169 1143 1244 1179 quod
1259 1151 1338 1171 amor
1353 1146 1443 1180 potest
1458 1143 1552 1172 dicere
1567 1144 1796 1180 complacentiam
1809 1167 1815 1179 ,
1831 1147 1858 1172 et
1872 1144 1911 1172 sic

1067 1191 1108 1216 est
1136 1196 1302 1223 commune3
1327 1190 1371 1218 vel
1393 1192 1483 1226 potest
1509 1190 1601 1218 dicere
1626 1191 1828 1219 connexionem
1853 1191 1911 1219 sive

1066 1235 1291 1264 communionem
1307 1236 1350 1264 vel
1366 1236 1487 1271 donum,
1501 1239 1528 1265 et
1543 1237 1582 1265 sic
1603 1237 1687 1265 habet
1701 1238 1837 1265 rationem
1851 1245 1913 1274 per-

1068 1289 1160 1310 sonae.

906 1361 1168 1400 SGHOLION.

231 1445 245 1467 Ι.
271 1445 334 1466 Hane
360 1443 517 1471 quaestionem
543 1443 578 1464 alii
603 1443 742 1471 antiquiores
764 1443 895 1465 Scholastiei
920 1447 1010 1471 praeter

170 1483 244 1512 AEgid.
263 1483 309 1511 (hie
327 1482 347 1504 3.
366 1483 438 1510 princ.
457 1488 479 1510 q.
498 1482 518 1503 2.
537 1488 556 1503 a.
576 1481 606 1509 4.)
624 1488 650 1503 ex
668 1482 773 1509 professo
790 1488 835 1504 non
853 1485 955 1504 tractant.
974 1482 1011 1504 So-

169 1521 225 1544 lutio
241 1522 292 1543 eius
308 1520 394 1548 pendet
410 1519 439 1541 ab
456 1519 538 1541 iisdem
561 1520 693 1547 principiis,
712 1526 771 1548 quae
789 1526 859 1548 supra
876 1526 899 1548 p.
917 1520 931 1542 l.
949 1527 971 1548 q.
990 1520 1011 1542 4.

169 1561 242 1589 posita
260 1562 320 1582 sunt.
338 1559 370 1581 De
387 1558 567 1587 proprietatibus
583 1558 714 1580 divinarum
732 1565 885 1586 personarum
898 1577 903 1587 ,
921 1562 943 1581 et
959 1565 1013 1587 qua-

170 1602 238 1621 tenus
254 1600 380 1627 important
395 1598 500 1620 ordinem
518 1600 540 1619 et
557 1597 685 1625 originem,
703 1598 836 1620 relationem
853 1601 874 1620 et
891 1598 1014 1620 distinctio-

1068 1451 1120 1467 nem
1138 1445 1178 1467 esr.
1196 1445 1252 1467 infra
1270 1445 1309 1467 dd.
1328 1446 1364 1467 26.
1381 1448 1403 1468 et
1420 1446 1457 1467 33.
1469 1458 1501 1462 —-
1513 1446 1535 1467 S.
1546 1446 1631 1468 Doctor
1647 1447 1750 1474 primum
1767 1448 1789 1468 et
1805 1447 1912 1468 ultimum

1068 1483 1184 1506 obiectum
1202 1490 1247 1506 non
1265 1484 1333 1506 solvit
1350 1485 1469 1513 explicite,
1488 1485 1541 1513 quia
1567 1485 1685 1507 solutionis
1709 1486 1821 1513 principia
1845 1486 1913 1508 conti-

1069 1525 1151 1545 nentur
1168 1523 1228 1545 clare
1246 1524 1267 1544 in
1286 1529 1349 1551 corp.
1368 1524 1522 1552 quaestionis,
1535 1524 1663 1546 secundum
1675 1526 1697 1546 et
1709 1525 1800 1546 tertium
1811 1524 1913 1546 breviter

1069 1561 1150 1589 solvit,
1169 1562 1286 1590 loquendo
1304 1568 1412 1589 expresse
1430 1565 1517 1585 tantum
1535 1562 1564 1585 de
1581 1568 1663 1585 aitiori*
1679 1563 1791 1586 essentiali
1817 1566 1839 1585 et
1863 1570 1912 1591 per-

1070 1600 1157 1628 sonali,
1175 1600 1238 1629 quod
1256 1601 1285 1623 ad
1302 1600 1410 1624 notitiam
1428 1602 1492 1623 facile
1509 1602 1626 1630 applicare
1643 1605 1724 1630 potest.

749 1667 845 1696 DUBlA
869 1668 962 1696 CIRCA
983 1668 1149 1697 LITTERAM
1170 1670 1283 1698 PARTIS
1304 1670 1332 1698 II.

534 1745 602 1773 Dan.
624 1746 653 1773 I.-

248 1832 277 1860 In
299 1834 378 1868 parte
403 1831 455 1859 ista
475 1831 549 1859 circa
577 1831 697 1859 litteram
725 1830 871 1867 quaeritur
900 1831 934 1859 de
960 1831 1012 1859 hoc

169 1879 244 1916 quod
257 1879 322 1907 dicit
336 1889 341 1906 :
358 1878 459 1914 Imayo
477 1877 528 1905 Dei
538 1880 697 1914 permanet.
711 1877 835 1905 CONTnia:
851 1877 977 1905 Psalmus
987 1878 1011 1904 ⁷:

170 1925 292 1954 Domine
312 1925 344 1952 in
365 1924 480 1952 civitate
501 1924 659 1961 imayiuem
681 1924 813 1961 ipsoram
828 1924 869 1952 acl
890 1923 1014 1951 nihilum

170 1971 292 2009 rediyes.

250 2018 428 2045 Rnsponnno:
451 2016 543 2053 Imago
564 2016 665 2044 dicitur
687 2016 852 2053 dupliciter:
878 2019 1014 2053 quantum

172 2064 207 2093 ad
227 2063 419 2092 substantiale
440 2071 519 2097 esse,
546 2066 573 2091 et
600 2062 690 2091 Ιιαεε8
721 2063 833 2100 respicit
863 2063 1016 2091 trinitatem

172 2110 359 2148 potentiarum
381 2112 408 2138 et
428 2109 555 2138 ordinem
576 2112 602 2137 et
623 2109 837 2146 aequalitatem,
853 2112 879 2138 et
895 2109 933 2138 sic
948 2117 1017 2138 sem-

172 2165 223 2194 per
244 2159 407 2193 permanet;
435 2156 488 2184 alio
516 2156 598 2184 modo
626 2159 710 2193 prout
738 2164 824 2193 supra
851 2164 911 2185 esse
939 2156 1017 2184 addit

174 2203 239 2232 bene
260 2211 335 2237 esse,
357 2206 388 2231 ut
410 2203 539 2231 decorem
560 2206 587 2231 et
607 2203 760 2237 honorem,
789 2205 816 2231 et
837 2203 905 2231 haec
927 2204 1017 2239 potest

173 2250 273 2287 perdi,
295 2249 366 2287 quia
388 2249 487 2283 ltomo,
509 2258 576 2278 cum
598 2249 628 2277 in
650 2249 756 2278 honore
787 2253 873 2283 esset,
898 2258 956 2277 'non
977 2249 1018 2277 iii-

175 2296 307 2324 tellcxiffl.

1432 1748 1499 1776 Dua.
1521 1749 1550 1776 II.

1147 1832 1214 1860 Item
1246 1834 1392 1869 quaeritur
1423 1834 1457 1862 de
1489 1834 1541 1863 hoc
1569 1834 1644 1870 quod
1672 1834 1751 1863 dicit:
1774 1834 1915 1863 Memoria

1069 1886 1137 1906 vero
1159 1879 1268 1907 dicitur
1284 1880 1325 1907 acl
1338 1880 1453 1918 aliquid
1471 1883 1513 1909 etc
1522 1891 1529 1914 ;
1544 1888 1610 1917 ergo
1626 1881 1760 1909 memoria
1770 1881 1804 1915 ¹⁰,
1820 1881 1918 1910 intelli-

1071 1925 1163 1961 gentia
1183 1929 1210 1954 et
1232 1926 1360 1954 voluntas
1382 1930 1447 1955 sunt
1468 1927 1495 1954 in
1516 1927 1741 1963 praedicamento
1766 1928 1916 1956 relationis.

1149 1972 1216 2000 Item
1238 1973 1399 2009 quaeritur,
1421 1981 1508 2010 quare
1522 1982 1602 2001 mens
1617 1974 1720 2002 dicitur
1734 1974 1822 2010 magis
1836 1974 1872 2003 ad
1887 1982 1916 2003 se

1071 2026 1155 2054 quam
1177 2019 1311 2047 memoria
1332 2020 1376 2048 vel
1397 2020 1597 2056 intelligentia?

1151 2065 1329 2094 RESPONDEo:
1356 2066 1526 2100 Dicendum,
1557 2066 1632 2103 quod
1664 2067 1724 2095 dici
1743 2067 1784 2095 ad
1803 2067 2044 2106 ciliqaicl011p19xre-

1072 2113 1114 2139 est
1126 2111 1143 2125 ¹¹
1165 2111 1331 2148 dupliciter:
1353 2112 1397 2140 vel
1415 2112 1536 2149 proprie
1560 2115 1587 2141 et
1604 2122 1658 2150 per
1678 2122 1723 2147 se,
1746 2115 1817 2142 sicut
1837 2117 1916 2151 pater
1956 2103 2007 2121 ΜΟ·

1072 2160 1099 2185 et
1119 2157 1209 2192 filius,
1231 2158 1275 2186 vel
1297 2159 1411 2187 ratione
1438 2159 1566 2187 alieuius
1594 2160 1719 2194 annexi,
1747 2160 1813 2197 quia
1833 2161 1917 2189 habet

1073 2207 1232 2240 respectum
1253 2213 1396 2233 annexum
1418 2208 1445 2234 et
1466 2206 1690 2241 inclinationem3
1708 2209 1735 2235 et
1756 2208 1795 2236 sic
1817 2215 1918 2235 memo-

1074 2250 1116 2278 ria
1137 2250 1240 2279 dicitur
1261 2251 1302 2279 ad
1322 2251 1453 2289 (aliquid,
1475 2253 1541 2289 quia
1569 2253 1696 2281 innatum
1724 2254 1807 2282 habet
1827 2261 1918 2290 respe-

1075 2300 1151 2325 ctum
1172 2297 1208 2325 ad
1229 2298 1407 2332 memoriale,
1436 2298 1563 2327 similiter
1584 2300 1765 2336 intelligentia
1785 2300 1820 2328 ad
1842 2300 1919 2328 intel-

237 2388 245 2403 1
263 2389 356 2411 Plurimi
374 2388 441 2411 codd.
459 2389 565 2411 omittunt
580 2388 668 2417 unius,-
685 2389 735 2411 Vat.
752 2395 808 2411 vero
826 2390 907 2411 omittit
923 2396 1018 2412 nascen-

176 2427 217 2455 tis,
238 2434 280 2455 pro
297 2434 343 2455 quo
362 2430 437 2449 tamen
454 2433 534 2449 omnes
551 2427 618 2449 codd.
631 2430 727 2455 possunt
739 2428 843 2456 allegari,
862 2429 912 2451 licet
924 2431 1019 2456 propter

175 2466 372 2488 abbreviation-m
390 2466 412 2487 in
429 2468 516 2488 tantum
528 2466 572 2488 siut
583 2466 667 2488 dubiae
684 2467 797 2495 lectionis,
815 2468 837 2488 in
850 2471 961 2495 quantuni
974 2468 1018 2495 legi

176 2507 251 2532 potest
267 2505 303 2526 vel
321 2504 438 2527 nascentis
455 2505 491 2527 vel
503 2505 632 2528 nativitatis
649 2506 685 2527 vel
703 2512 756 2527 eum
769 2506 804 2527 ed.
823 2506 831 2527 4
848 2505 1018 2529 nascibilitatis.

176 2543 237 2565 quta
255 2543 359 2570 regulam
372 2543 432 2564 illam
445 2544 675 2571 palaeographicam,
694 2544 822 2566 secundum
835 2551 904 2573 quam
917 2546 938 2566 in
956 2546 1020 2567 simi-

177 2582 237 2604 libus
254 2581 353 2609 casibus,
371 2583 413 2604 nisi
430 2588 511 2604 sensus
528 2582 614 2610 obstet,
627 2583 721 2606 brevius
732 2584 873 2606 vocabulum
890 2585 917 2606 sit
934 2585 1020 2612 eligen-

177 2620 246 2648 dum,
264 2621 386 2648 posuimus
402 2621 531 2649 miscentis,
550 2623 672 2644 retinentes
689 2623 783 2650 insuper
800 2629 853 2645 cum
876 2623 943 2645 codd.
961 2623 1018 2645 ΗΙΤ

178 2662 200 2681 et
217 2659 253 2681 ed.
276 2660 280 2681 1
303 2659 402 2681 verbum
419 2659 498 2682 unius.
516 2659 560 2682 Csr.
578 2661 635 2682 infra
652 2661 674 2683 d.
694 2662 729 2683 113.
747 2668 768 2690 q.
787 2662 808 2683 3.

240 2699 250 2713 2
268 2699 317 2721 Vat.
336 2702 428 2726 praetor
452 2698 521 2721 fidem
548 2705 602 2721 mss.
625 2702 647 2721 et
663 2700 715 2722 edd.
735 2701 742 2722 ,¹
755 2719 760 2729 ,
779 2701 805 2729 2,
824 2701 849 2729 3,
873 2702 886 2722 6
903 2701 958 2728 legit
975 2702 1019 2723 sic:

179 2736 246 2759 tertio
257 2736 376 2766 reperitur
388 2742 464 2759 antor.
482 2736 537 2759 Cod.
556 2738 576 2759 X
593 2739 727 2765 explicative
739 2742 791 2766 post
802 2739 869 2762 tertio
882 2740 945 2761 addit
963 2739 1019 2763 loco.

177 2775 218 2797 Ed.
240 2776 245 2797 1
268 2775 351 2798 tertius
370 2781 412 2803 pro
431 2775 505 2798 tertio.
524 2775 579 2798 Cod.
596 2776 613 2798 N
631 2780 683 2804 post
700 2777 804 2800 trinitate
824 2778 893 2800 habet
909 2780 945 2801 est
959 2779 1021 2801 uoti-

180 2814 225 2842 tia,
245 2820 305 2843 quae
324 2814 496 2843 appropriatur
512 2814 585 2843 Filio,
605 2816 627 2837 et
642 2821 723 2843 amor,
743 2816 785 2845 qui
800 2818 840 2839 cst.

241 2852 251 2867 3
269 2853 317 2880 Ope
341 2859 395 2875 mss.
421 2855 443 2875 et
465 2853 501 2875 ed.
523 2854 528 2875 1
558 2855 698 2876 restituimus
722 2855 823 2877 indebite
848 2857 959 2877 omissmn
984 2862 1021 2878 ne-

180 2897 289 2914 cessario.

1137 2389 1146 2404 ⁴
1163 2390 1218 2413 Cod.
1237 2391 1272 2412 IY
1290 2392 1325 2413 hic
1343 2391 1431 2413 addunt
1448 2391 1507 2413 bene
1523 2394 1545 2414 et
1561 2398 1615 2414 eum
1637 2392 1746 2414 subnexis
1769 2394 1918 2415 cohaerenter

1074 2435 1099 2451 m
1115 2435 1204 2451 animo.

1137 2468 1146 2482 ⁵
1164 2467 1237 2490 Codd.
1254 2469 1273 2490 M
1291 2475 1317 2490 aa
1335 2468 1366 2490 bb
1385 2475 1428 2490 nou
1447 2470 1523 2496 inepte
1540 2469 1650 2492 adiiciunt
1667 2470 1720 2492 tria.

1138 2506 1147 2521 θ
1164 2507 1214 2529 Vat.
1232 2508 1264 2535 et,
1284 2507 1325 2529 sed
1342 2507 1433 2529 obstant
1450 2508 1543 2536 plurimi
1561 2508 1627 2530 codd.
1646 2515 1698 2530 cum
1716 2509 1751 2530 ed.
1770 2509 1791 2530 ¹1.

1139 2546 1149 2560 ⁷
1166 2546 1208 2573 72,
1228 2547 1269 2573 ⁴20,
1288 2546 1327 2568 uhi
1346 2546 1443 2574 Vulgata
1460 2550 1512 2574 post
1529 2546 1621 2569 civitate
1633 2547 1696 2569 addit
1708 2548 1749 2569 tua
1760 2550 1782 2569 et
1793 2547 1843 2569 loco
1860 2547 1918 2577 ipso·

1075 2590 1132 2606 rum
1149 2590 1202 2606 cum
1220 2585 1270 2606 Vat.
1288 2584 1357 2606 habet
1372 2590 1462 2607 eorum.

1138 2622 1147 2637 ⁸
1166 2623 1214 2645 Vat.
1234 2624 1270 2645 hie
1288 2626 1309 2645 et
1326 2624 1395 2651 paulo
1413 2624 1470 2645 iufra
1488 2623 1544 2652 hoc,
1564 2624 1605 2646 sed
1628 2625 1704 2646 minus
1726 2624 1784 2646 bene
1801 2627 1823 2646 et
1839 2628 1917 2647 contra

1076 2662 1154 2689 plures
1171 2668 1225 2684 mss.
1243 2664 1263 2683 et
1281 2662 1317 2683 ed.
1336 2663 1356 2684 ri.

1138 2700 1148 2714 9
1165 2700 1246 2722 Psalm.
1265 2700 1305 2728 48,
1324 2701 1361 2722 21.

1139 2738 1158 2753 1⁰
1174 2738 1245 2761 Codd.
1264 2740 1370 2761 omIttunt
1385 2740 1513 2767 memoria,
1530 2740 1571 2762 sed
1589 2746 1633 2762 non
1650 2740 1717 2768 bene,
1729 2742 1761 2763 uti
1772 2748 1798 2764 ex
1810 2742 1918 2765 subnexis

1077 2780 1144 2806 patet.

1141 2816 1158 2830 ¹¹
1177 2816 1315 2843 Corruplnm
1333 2817 1452 2839 lectionem
1470 2818 1519 2840 Vat.
1533 2836 1538 2846 ‚
1564 2819 1586 2839 in
1611 2825 1655 2847 qua
1682 2819 1732 2841 loco
1758 2819 1804 2842 [lici
1826 2821 1919 2848 ponitur

1077 2855 1163 2878 (licitur
1180 2858 1201 2877 ot
1218 2856 1328 2878 omittitur
1350 2856 1390 2884 est,
1418 2857 1559 2879 correximus
1576 2863 1621 2885 ope
1646 2863 1700 2880 mss.
1726 2860 1747 2880 et
1772 2865 1811 2880 sex
1835 2859 1918 2886 prima-

1078 2901 1130 2916 rum
1148 2894 1200 2916 edd.
