2253 3317
2 2263 11 2322 1

2 2321 11 2365 -l

846 135 1001 165 CAPITULA
1028 133 1118 162 PRIMI
1143 133 1236 162 LIBRI.
1876 130 1908 158 19

235 224 258 245 Il.
276 222 343 251 Quod
360 219 474 244 fraterna¹
493 220 583 242 dIIectio
601 221 634 241 est
651 218 712 240 Deus
731 222 772 239 nec
789 216 854 238 Pater
870 214 907 236 vel
925 214 993 235 Filius
1007 231 1011 241 ,

345 267 385 290 sed
402 269 490 289 tantum
507 266 605 293 Spiritus
622 265 721 286 sanctus.

225 317 256 338 Ill.
274 315 341 344 Quod
363 321 407 337 non
430 316 464 336 est
480 313 567 335 dictum
585 318 626 340 per
643 316 737 333 eausam
754 309 825 331 illud:
848 309 909 330 Deus
932 307 1013 329 caritas

345 363 393 389 est,
411 361 469 382 sicut
485 358 551 381 illud:
570 358 604 380 Tu
623 363 648 379 es
665 356 771 385 patientia
789 362 840 377 mea
857 357 879 377 et
889 360 943 382 spes
954 359 1013 375 mea.

220 409 256 430 IV.
274 407 395 436 Quomodo
413 407 510 435 Spiritus
527 408 619 428 sanctus
636 404 737 425 mittatur
754 402 790 424 vel
808 402 875 424 detur
892 400 966 422 nobis.

233 457 258 479 V.
277 456 357 478 Utrum
374 455 472 482 Spiritus
490 456 582 475 sanctus
598 453 711 479 augeatur
727 450 749 471 in
767 449 871 476 homine,
884 448 920 470 vel
937 447 1014 468 minus

346 500 382 523 et²
400 501 474 528 magis
486 499 597 521 habeatur
613 498 649 520 vel
662 497 730 519 detur
739 514 744 524 ,
757 498 817 518 etan
838 495 905 516 detur
922 493 1014 515 habenti

346 550 368 570 et
384 553 429 570 non
447 546 546 568 habenti.

221 596 256 618 V1,
275 594 342 623 Quod
358 594 427 622 aliqui
445 579 538 619 dicunt,
556 592 672 613 caritatem
690 590 730 611 Dei
747 591 770 611 et
787 588 884 616 proximi
902 593 946 609 non
964 591 1015 608 esse

346 641 456 668 Spiritum
474 642 585 661 sanctum.

486 685 610 707 Disrrxcrio
625 683 702 705 XVIIl.

173 735 225 758 CAP.
243 735 257 757 I.
275 734 356 756 Utrum
373 732 547 755 concedendum
565 732 604 759 sit,
622 736 664 758 per
682 730 770 752 donum
787 729 836 750 dari
854 728 921 749 dona.

234 782 257 804 II.
275 781 356 803 Utrum
374 780 472 808 Spiritus
489 780 581 800 sanctus
598 777 680 799 eadem
697 777 784 798 ratione
800 775 889 797 dicatur
909 773 1014 800 donum,

346 833 391 856 qua
408 826 488 848 datum
506 826 555 847 sive
572 824 690 846 donatum.

225 874 257 896 III.
275 873 342 902 Quod
359 874 418 895 sicut
433 872 502 894 Filius
520 871 635 893 nascendo
653 870 741 897 accepit
752 876 796 891 non
809 871 908 896 lantum,
921 870 946 889 ut
957 869 1017 889 esset

345 920 431 947 Filius,
455 918 496 941 sed
518 919 586 940 etiam
608 918 705 939 essentia
717 915 737 944 ὖ,
756 917 785 938 ita
808 915 906 943 Spiritus
923 917 1015 936 sanctus

348 965 495 994 procedendo
512 965 601 992 accepit
617 970 662 986 non
679 965 777 991 tantum,
796 965 821 985 ut
837 964 896 984 esset
913 961 1000 983 donum
1011 979 1016 989 ,

348 1013 389 1036 sed
406 1015 430 1035 ut
447 1014 507 1034 esset
523 1012 628 1034 essentia.

224 1061 260 1083 IV.
279 1059 345 1088 Quod
363 1059 461 1086 Spiritus
477 1060 569 1080 sanctus
591 1057 673 1079 dicitur
696 1056 784 1078 donum
807 1058 829 1078 et
850 1055 961 1077 donatum
984 1061 1017 1077 se-

346 1105 449 1128 eundum
465 1105 524 1127 duos
536 1104 618 1126 modos
630 1103 759 1131 praedictos
771 1102 931 1130 processionis,
950 1102 990 1130 qui
1000 1099 1016 1129 ⁴,

345 1151 473 1175 seeundum
490 1150 554 1179 quod
571 1150 658 1172 donum
676 1152 721 1177 est,
739 1149 836 1171 refertur
848 1148 877 1170 ad
889 1148 979 1169 Patrem
996 1150 1018 1169 et

346 1199 439 1225 Filium3
458 1197 587 1219 secundum
604 1196 668 1225 quod
680 1196 773 1223 datum,
786 1195 815 1217 ad
827 1201 881 1217 eum
898 1195 937 1223 qui
955 1194 1019 1216 dedit

346 1240 368 1260 et
385 1236 414 1259 ad
430 1242 470 1258 eos
487 1236 573 1264 quibus
590 1235 664 1257 datur.

232 1285 260 1308 V.
277 1285 311 1307 Αη
329 1285 398 1307 Filius
410 1302 415 1312 ,
433 1290 486 1306 cum
504 1284 533 1305 sit
549 1282 615 1305 nobis
633 1282 715 1310 datus,
733 1282 805 1309 possit
821 1281 867 1303 dici
884 1284 975 1309 noster,
993 1283 1018 1303 ut

348 1332 445 1360 Spiritus
462 1333 561 1352 sanetus.

220 1379 256 1402 Vl.
274 1379 354 1401 Utrum
372 1378 470 1406 Spiritus
486 1379 579 1399 sanctus
596 1376 625 1398 ad
642 1382 667 1398 se
684 1376 762 1403 ipsum
779 1376 899 1397 reseratur.

492 1423 615 1445 DISTINCTIO
633 1422 693 1445 XIX.

173 1471 225 1494 Car.
242 1471 257 1493 l.
274 1471 307 1493 De
324 1470 459 1499 aequalitate
476 1470 546 1491 trium
563 1475 723 1497 personarum.

237 1517 260 1540 II.
279 1516 346 1545 Quod
362 1517 482 1539 aeternitas
498 1518 521 1538 et
537 1515 672 1543 magnitudo
689 1518 711 1537 et
727 1515 827 1543 potentia
844 1516 866 1537 in
878 1515 926 1537 Deo
943 1520 1017 1537 unum

347 1565 381 1585 est
392 1561 408 1591 ⁵,
426 1563 468 1585 etsi
487 1562 610 1584 videantur
627 1561 726 1584 diversa.

227 1610 259 1632 III.
277 1610 345 1638 Quod
365 1610 440 1638 aliqua
458 1614 611 1637 personarum
628 1608 696 1630 aliam
713 1614 758 1629 non
775 1607 863 1630 excedit
880 1607 1017 1635 magnitudi-

348 1663 390 1684 ne,
409 1657 462 1685 quia
480 1662 525 1678 non
542 1659 576 1678 est
592 1657 665 1678 maior
688 1661 733 1677 una
756 1661 854 1683 persona
876 1660 946 1683 quam
966 1655 1016 1682 alia,

348 1708 389 1725 nec
407 1703 481 1724 maius
498 1701 584 1730 aliquid
601 1702 661 1723 duae
678 1707 748 1730 quam
765 1707 817 1729 una,
836 1707 877 1723 nec
889 1704 935 1723 tres
946 1706 1017 1729 quam

349 1748 408 1771 duae
425 1749 461 1770 vel
479 1754 531 1770 una.

223 1796 259 1818 IV.
278 1795 400 1824 Quomodo
416 1795 499 1817 dicitur
515 1795 581 1817 Pater
603 1800 654 1817 esse
676 1795 698 1816 in
715 1795 769 1817 Filio
790 1797 812 1817 et
828 1794 896 1817 Filius
914 1795 935 1816 in
953 1794 1018 1816 Patre

348 1845 371 1865 et
387 1842 485 1870 Spiritus
502 1844 595 1863 sanctus
612 1842 634 1863 in
652 1844 757 1870 utroque.

234 1890 261 1912 V.
279 1889 346 1917 Quod
363 1889 422 1911 nulla
440 1894 592 1916 personarum
609 1894 663 1915 pars
680 1891 714 1910 est
730 1888 752 1909 in
770 1888 886 1910 Trinitate.

223 1937 259 1958 Vl.
278 1936 353 1964 Quare
369 1939 415 1958 tres
432 1941 544 1963 personae
562 1935 666 1957 dicantur
683 1940 774 1957 summe
791 1940 871 1957 unum.

216 1984 260 2005 VII.
278 1982 336 2005 Cum
353 1982 458 2009 dicimus,
471 1984 517 2004 tres
528 1988 639 2009 personas
651 1988 701 2004 esse
712 1988 782 2004 unam
794 1982 923 2010 essentiam,
941 1988 983 2004 nec
994 1984 1019 2004 ut

349 2035 423 2056 genus
440 2028 470 2050 de
486 2028 607 2056 speciebus
624 2034 666 2050 nec
683 2031 708 2050 ut
724 2029 825 2056 speciem
842 2028 871 2050 de
892 2028 1018 2050 individuis

349 2075 525 2103 praedicamus,
543 2075 597 2104 quia
614 2081 658 2097 non
675 2078 709 2097 est
725 2075 822 2097 essentIa
840 2081 920 2103 genus,
933 2078 954 2097 et
966 2081 1018 2103 per-

350 2129 405 2145 sona
423 2123 527 2151 species,
544 2122 580 2144 vel
598 2123 695 2144 essentia
713 2123 802 2150 species
819 2124 841 2144 et
857 2128 970 2150 personae
987 2123 1018 2144 in-

349 2169 451 2192 dividua.

1102 212 1153 234 VIII.
1172 211 1239 239 Quod
1256 209 1315 233 nec⁵
1333 210 1461 234 secundum
1478 209 1619 231 materialem
1636 214 1729 230 causam
1747 208 1853 230 (1100111111Ὶ
1865 210 1910 230 tres

1234 263 1346 285 personae.
1364 263 1408 279 una
1425 256 1529 279 essentia.

1117 303 1153 326 IX.
1172 303 1216 326 Nec
1233 304 1263 326 ita
1281 302 1387 325 dicuntur
1404 305 1449 325 tres
1467 308 1579 330 personae
1595 308 1640 324 una
1657 302 1754 323 essentia
1771 303 1796 323 ut
1812 304 1857 323 tres
1874 301 1912 322 110-

1235 351 1309 372 1111ηο5
1325 356 1370 372 una
1388 352 1466 372 natura
1484 350 1520 371 vel
1538 350 1606 371 unius
1623 351 1723 371 naturae.

1126 397 1154 419 X.
1173 397 1253 420 Utrum
1270 399 1315 419 tres
1333 402 1444 424 personae
1461 396 1565 418 differant
1583 401 1694 423 numero,
1712 401 1771 423 quae
1789 395 1915 422 proprieta—

1236 443 1297 466 tibus
1314 443 1432 465 distinctae
1449 443 1508 464 sunt.

1116 490 1153 512 XI.
1172 491 1247 519 Quare
1264 493 1309 512 tres
1326 495 1439 518 personae
1456 489 1524 511 simul
1537 495 1581 511 non
1594 491 1648 510 sunt
1659 489 1733 510 maius
1745 487 1831 516 aliquid
1843 492 1913 515 quam

1237 543 1290 559 una.

1109 583 1154 605 XII.
1173 583 1240 611 Quod
1256 583 1317 604 Deus
1334 588 1378 604 non
1396 585 1430 604 est
1447 581 1558 603 dicendus
1575 582 1655 609 triplex
1666 599 1671 609 ,
1689 580 1729 603 sed
1747 586 1814 602 unus.

1397 629 1521 651 D1ST1NCT10
1541 628 1592 650 XX.

1073 675 1125 698 ΟΜ).
1146 676 1160 697 l.
1178 675 1244 703 Quod
1262 675 1337 704 aliqua
1355 681 1506 703 personarum
1524 680 1568 696 non
1587 673 1675 695 excedit
1691 673 1757 695 aliam
1775 673 1874 700 potentia
1883 670 1900 693 ⁷.

1134 722 1157 744 ll.
1175 722 1242 750 Quod
1259 728 1303 744 non
1321 723 1398 744 minus
1415 724 1489 750 potest
1506 721 1574 743 Filius
1591 727 1660 749 quam
1678 721 1749 742 Pater.

1126 770 1156 791 Iil.
1174 769 1206 791 De
1230 769 1397 791 obiectionibus
1421 769 1539 791 haereticis
1562 770 1639 790 contra
1663 766 1724 789 lioc⁸
1748 769 1771 789 et
1790 766 1918 794 responsio-

1239 816 1307 838 nibus
1324 816 1446 838 catholicis.

1393 862 1516 883 DlsTlNCTIO
1534 860 1593 882 XXI.

1074 909 1126 932 Car.
1145 909 1159 931 I.
1179 909 1300 937 Quomodo
1318 910 1390 936 possit
1407 908 1451 931 dici
1469 908 1531 931 solus
1548 908 1614 929 Pater
1638 908 1674 929 vel
1701 907 1763 929 solus
1787 906 1855 928 Filius
1879 905 1916 928 vel

1240 956 1302 978 solus
1320 955 1417 983 Spiritus
1434 957 1540 982 sanctus,
1559 959 1612 976 cum
1629 954 1673 975 sint
1689 952 1861 980 inseparabiles.

1134 1002 1157 1024 II.
1175 1002 1256 1024 Utrum
1273 1001 1356 1024 debeat
1372 1001 1417 1023 diei
1434 1001 1496 1023 solus
1514 1000 1578 1022 Pater
1595 1002 1630 1022 est
1640 999 1713 1027 Deus,
1726 999 1762 1020 vel
1775 998 1837 1020 solus
1848 997 1918 1020 Filius

1240 1051 1274 1070 est
1289 1048 1365 1076 Deus,
1383 1048 1419 1070 vel
1437 1048 1499 1069 solus
1516 1047 1614 1075 Spiritus
1636 1048 1728 1068 sanctus
1744 1047 1779 1067 est
1794 1045 1869 1073 Deus;
1888 1050 1916 1066 an

1239 1096 1304 1118 Pater
1321 1098 1355 1118 est
1371 1095 1433 1117 solus
1450 1094 1526 1122 Deus,
1543 1094 1612 1115 Filius
1628 1095 1662 1115 est
1679 1093 1741 1115 solus
1758 1092 1830 1120 Deus,
1849 1092 1918 1119 Spiri-

1240 1145 1277 1165 tus
1293 1144 1385 1164 sanctus
1402 1144 1436 1164 est
1452 1141 1514 1163 solus
1531 1141 1598 1162 Deus.

1126 1189 1157 1211 111.
1175 1188 1296 1217 Quomodo
1316 1188 1414 1209 Trinitas
1436 1186 1542 1209 dicatur⁹
1559 1186 1621 1208 solus
1638 1186 1714 1214 Deus,
1738 1191 1791 1207 cum
1814 1186 1864 1213 ipsa
1889 1185 1920 1207 sit

1242 1241 1295 1258 cum
1313 1234 1430 1263 spiritibus
1447 1237 1469 1256 et
1485 1233 1607 1255 animabus
1624 1233 1714 1255 sanctis.

1394 1281 1517 1302 D1ST1NCT10
1535 1279 1603 1301 XXII.

1075 1329 1126 1352 Cap,
1144 1329 1159 1351 l.
1176 1328 1209 1350 De
1226 1328 1346 1350 nominum
1363 1326 1488 1349 differentia
1500 1324 1532 1353 ¹⁰,
1551 1325 1636 1354 quihus
1653 1325 1739 1347 utimur
1756 1324 1874 1352 loquentes
1890 1323 1919 1345 de

1240 1374 1294 1396 Deo.

1125 1422 1148 1443 ll.
1165 1421 1198 1443 De
1215 1422 1250 1442 1115
1262 1419 1278 1431 ¹¹
1297 1426 1357 1449 quae
1374 1420 1530 1447 temporaliter
1548 1419 1595 1440 Deo
1613 1418 1753 1440 conveniunt
1775 1420 1797 1440 et
1819 1417 1914 1439 relative

1241 1467 1356 1489 dicuntur.

1123 1516 1154 1537 lll.
1171 1515 1203 1537 Dc
1220 1516 1264 1537 1100
1282 1515 1381 1541 nomine,
1400 1513 1463 1542 quod
1480 1515 1514 1535 est
1532 1513 1630 1534 Trinitas
1640 1510 1666 1534 ¹².

1117 1562 1153 1584 IV.
1170 1562 1203 1584 De
1219 1562 1254 1583 1115
1263 1559 1282 1571 ¹⁵
1299 1567 1359 1590 quae
1375 1561 1469 1588 proprie
1481 1559 1510 1582 ad
1523 1559 1625 1587 singulas
1636 1564 1747 1587 personas
1760 1557 1880 1585 pertinent,
1893 1558 1916 1578 et

1249 1608 1278 1630 de
1296 1608 1331 1630 1115
1348 1613 1408 1636 quae
1424 1607 1535 1629 unitatem
1552 1606 1664 1628 essentiae
1681 1604 1816 1633 significant.

1389 1653 1513 1675 Dtsrincrm
1531 1652 1609 1674 XXIII.

1075 1702 1126 1725 CAP.
1144 1702 1158 1724 I.
1176 1701 1209 1724 De
1226 1702 1269 1723 1100
1286 1701 1385 1728 nomine,
1399 1700 1462 1728 quod
1477 1698 1536 1722 estu
1554 1705 1667 1727 persona,
1687 1698 1750 1726 quod
1768 1704 1821 1720 cum
1838 1703 1919 1719 secun-

1248 1748 1305 1770 dum
1322 1747 1473 1769 substantiam
1499 1746 1598 1774 dicatur,
1625 1752 1669 1767 non
1692 1745 1854 1773 singulariter,
1878 1744 1919 1766 sed

1246 1795 1364 1823 pluraliter
1381 1794 1492 1821 accipitur
1509 1793 1531 1814 in
1549 1798 1648 1815 summa.

1138 1843 1160 1864 II.
1179 1842 1229 1870 Qua
1247 1842 1381 1863 necessstate
1398 1840 1484 1868 dictum
1502 1837 1553 1861 sit¹⁵
1572 1842 1617 1861 tres
1634 1844 1746 1866 personae
1763 1844 1776 1860 a
1788 1838 1878 1865 Latinis,
1897 1839 1920 1859 et

1247 1894 1259 1910 a
1277 1888 1369 1909 Graecis
1386 1890 1432 1909 tres
1449 1887 1585 1914 hypostases
1602 1885 1638 1907 vel
1657 1884 1804 1907 substantiae.

1128 1936 1159 1958 111.
1178 1936 1253 1963 Quare
1272 1941 1317 1956 non
1334 1934 1440 1961 dicimus,
1459 1933 1547 1955 Patrem
1565 1935 1587 1954 et
1603 1932 1684 1954 Filium
1702 1934 1724 1953 et
1741 1932 1850 1959 Spiritum
1868 1936 1920 1953 san-

1248 1985 1311 2004 ctum
1327 1987 1378 2003 esse
1395 1984 1440 2003 tres
1457 1980 1516 2002 Deos
1526 1998 1531 2008 ‚
1549 1983 1574 2002 ut
1590 1982 1635 2001 tres
1653 1984 1770 2006 personas.

1123 2029 1159 2051 IV.
1177 2028 1223 2051 Cur
1240 2034 1285 2050 non
1302 2027 1401 2049 dicimus
1418 2030 1464 2049 tres
1481 2026 1605 2052 essentias,
1623 2028 1648 2047 ut
1665 2028 1710 2047 tres
1728 2030 1845 2052 personas.

1130 2076 1157 2098 V.
1176 2074 1243 2103 Quod
1260 2075 1282 2096 in
1301 2074 1409 2096 Trinitate
1427 2079 1471 2095 non
1489 2075 1523 2095 est
1539 2072 1660 2095 diversitas
1677 2072 1713 2093 vel
1726 2071 1871 2098 singularitas
1880 2070 1919 2099 *vel

1249 2120 1365 2148 solitudo,
1389 2120 1429 2142 sed
1452 2120 1527 2142 unitas
1548 2122 1570 2141 et
1597 2119 1684 2141 trinitas
1712 2121 1734 2140 et
1761 2118 1874 2140 distinctio
1898 2120 1920 2140 et

1247 2168 1360 2190 identitas.

238 2317 246 2331 1
265 2316 336 2339 Codd.
354 2317 464 2339 BENPT
481 2323 599 2346 superna,
616 2318 716 2345 Magistri
737 2321 796 2341 texto
813 2319 950 2347 refragante.
967 2319 1017 2341 Mox

175 2356 243 2379 codd.
261 2356 301 2378 ΜΡ
319 2362 367 2379 non
384 2362 425 2384 pro
443 2362 503 2384 nec;
521 2356 587 2378 codd.
605 2356 648 2378 ER
666 2362 708 2380 nec
725 2363 767 2385 pro
785 2357 828 2380 vel.

238 2395 248 2410 2
265 2394 336 2417 Codd.
354 2395 397 2416 ΕΗ
414 2397 436 2417 et
452 2395 505 2417 edd.
523 2394 552 2423 7,
571 2395 584 2417 9
607 2395 658 2423 vel;
675 2396 743 2418 codd.
760 2396 800 2418 HP
818 2397 893 2425 primo
911 2397 961 2419 loco
979 2403 1017 2425 po-

175 2437 233 2457 nunt
249 2433 333 2463 magis.
351 2434 400 2455 Mox
417 2433 484 2456 codd.
502 2433 602 2456 ACES:
621 2433 657 2457 vel
672 2440 720 2457 non
737 2434 838 2463 habenti,
864 2442 907 2463 pro
932 2436 954 2458 et
969 2441 1017 2458 non

176 2472 282 2501 habenti;
299 2472 340 2494 sed
357 2472 422 2494 male.

238 2510 248 2525 ³
265 2511 364 2538 lntellige
387 2517 440 2533 curn
462 2510 512 2533 cod.
535 2511 542 2532 l
562 2510 602 2534 sed
617 2512 645 2534 ut
660 2513 719 2535 esset
735 2511 841 2535 essentia.
859 2513 881 2534 1η
899 2512 944 2535 fine
961 2513 1017 2535 tituli

176 2550 228 2573 edd.
246 2549 271 2577 7,
291 2550 304 2571 9
322 2556 366 2571 non
384 2550 443 2571 male
460 2550 552 2577 legunt:
570 2549 611 2572 sed
626 2550 696 2573 etiam
713 2552 746 2573 ut.

239 2588 248 2603 ⁴
266 2588 337 2611 Codd.
356 2589 505 2617 AFIKI‘QS
523 2589 586 2619 quod
603 2596 644 2617 pro
662 2589 709 2619 qui.

238 2627 248 2642 ⁵
265 2626 320 2650 Cod.
338 2628 354 2649 E
370 2628 426 2649 szmt
443 2630 465 2649 et
481 2627 531 2650 cod.
549 2628 567 2649 R
585 2627 638 2650 sint.
657 2629 707 2651 Mox
724 2629 745 2650 in
763 2629 831 2651 codd.
848 2629 885 2657 BQ
902 2629 975 2651 verbo
987 2628 1018 2651 vi-

177 2666 280 2689 deantur
296 2665 388 2688 additur
404 2671 460 2688 esse.
477 2666 526 2688 Mox
543 2670 595 2694 post
610 2672 713 2695 persona
730 2668 752 2689 in
769 2667 836 2689 codd.
854 2667 898 2689 BD
908 2667 979 2689 GHN
997 2670 1020 2690 et

177 2705 230 2727 edd.
249 2705 276 2732 7,
295 2705 308 2726 9
326 2704 390 2726 deest
406 2710 486 2733 quam.

239 2743 249 2758 ⁶
267 2743 338 2766 Codd.
357 2743 534 2771 BDPQRST
551 2749 606 2766 non.

240 2782 250 2796 ⁷
268 2781 339 2804 Codd.
358 2781 403 2809 BQ
419 2782 538 2810 potestate.
555 2782 598 2804 Pro
615 2782 706 2805 eoecedit
721 2782 788 2805 codd.
806 2783 973 2811 GHLNOQR
991 2783 1020 2805 le-

179 2824 239 2848 gunt
255 2820 354 2843 euellit.

241 2859 251 2874 ⁸
268 2858 324 2882 Cod.
341 2859 360 2881 D
378 2858 441 2882 haec.

241 2899 251 2913 9
268 2898 340 2921 Codd.
358 2898 376 2920 Α
385 2897 401 2921 C
411 2898 426 2920 F
436 2898 454 2920 O
463 2898 478 2920 Ρ
488 2898 503 2920 S
519 2899 556 2920 1110
573 2898 661 2921 addunt
677 2899 718 2921 est.

1136 2317 1156 2331 ¹⁰
1172 2316 1244 2340 Codd.
1256 2315 1297 2339 AC
1305 2316 1353 2337 EFI
1364 2315 1503 2343 MOPQRT
1516 2317 1539 2337 et
1550 2314 1586 2336 ed.
1600 2314 1607 2335 1
1625 2312 1775 2342 dtfferenttts;
1787 2318 1840 2334 mox
1851 2310 1918 2333 codd.

1073 2357 1090 2378 B
1099 2357 1116 2378 E
1132 2356 1236 2379 utuntur
1247 2361 1289 2382 pro
1300 2353 1400 2377 utimur.
1681 2351 1698 2365 11
1711 2350 1783 2373 Codd.
1796 2350 1851 2372 AFR
1862 2349 1916 2372 illis.

1137 2395 1156 2409 ¹2
1173 2394 1245 2417 Codd.
1264 2393 1371 2416 CEGHL
1379 2393 1398 2414 M
1416 2395 1438 2415 et
1454 2392 1507 2414 edd.
1526 2392 1549 2419 1,
1567 2391 1593 2420 7,
1612 2392 1625 2413 0
1644 2391 1723 2418 paucis
1740 2390 1865 2411 immutatis
1882 2389 1918 2410 1110

1074 2434 1177 2457 addunt:
1195 2433 1228 2456 De
1244 2432 1292 2455 illis
1309 2438 1369 2462 quae
1386 2430 1548 2460 temporaliter
1564 2430 1612 2453 Deo
1629 2428 1772 2453 conveniunt
1787 2429 1810 2451 et
1824 2434 1872 2450 mm
1884 2427 1918 2450 di·

1074 2474 1163 2496 cuntur
1179 2471 1276 2495 relative
1285 2479 1293 2499 ,·
1311 2471 1351 2493 ubi
1369 2470 1435 2493 codd.
1454 2470 1494 2492 HM
1512 2469 1547 2492 lzz's
1565 2475 1607 2497 pro
1624 2468 1671 2491 ints·
1688 2468 1773 2496 legunt,
1786 2470 1808 2490 et
1819 2466 1853 2489 (ΖΕ
1864 2472 1917 2488 cum

1075 2512 1110 2534 ed.
1130 2513 1138 2533 1
1161 2512 1267 2534 omittunt
1283 2516 1338 2533 non.
1357 2509 1412 2533 Cod.
1431 2510 1448 2531 T
1467 2509 1541 2532 solum
1559 2508 1640 2531 habet:
1652 2508 1673 2530 et
1690 2506 1716 2529 de
1734 2506 1780 2529 illis
1792 2511 1852 2535 quae
1865 2506 1917 2527 tem-

1071 2550 1188 2580 poi-aliter
1205 2550 1251 2573 Deo
1269 2548 1417 2572 conveniunt.
1436 2549 1559 2576 Sequimur
1580 2547 1738 2569 auctoritatem
1757 2544 1878 2567 meliorum
1895 2546 1918 2566 et

1063 2590 1229 2618 'plurimorum
1246 2594 1309 2616 mss„
1326 2589 1365 2616 qui
1383 2588 1441 2610 lianc
1458 2590 1547 2615 partem
1564 2586 1620 2608 tituli
1638 2592 1664 2607 ex
1682 2586 1732 2612 ipso
1744 2587 1805 2606 textu
1817 2583 1917 2611 Magistri

1075 2635 1087 2651 a
1105 2628 1232 2650 rubricistis
1250 2627 1350 2649 fortassis
1368 2629 1518 2649 transumtam
1535 2626 1626 2653 penitus
1643 2625 1756 2646 omittunt.

1139 2666 1158 2681 ¹³
1175 2666 1230 2689 Cod.
1248 2666 1267 2688 D
1287 2665 1341 2688 illis.

1138 2704 1157 2719 ¹⁴
1175 2704 1246 2727 Codd.
1265 2704 1312 2726 DH
1329 2704 1435 2726 omittunt
1451 2702 1515 2732 qaod
1530 2703 1570 2725 est.
1588 2702 1637 2724 Mox
1655 2701 1765 2729 particula
1782 2706 1836 2723 cum
1853 2700 1917 2722 deest

1076 2745 1112 2766 hic
1129 2743 1223 2772 quidem
1240 2744 1262 2764 in
1274 2743 1351 2764 multis
1363 2742 1429 2764 codd.
1447 2745 1469 2764 et
1486 2741 1522 2764 ed.
1544 2742 1561 2769 l,
1579 2740 1675 2763 hahetur
1687 2743 1762 2762 tamen
1775 2740 1796 2761 1η
1809 2739 1917 2761 omnibus

1076 2783 1141 2810 infra,
1154 2782 1193 2804 ubi
1212 2783 1248 2804 hic
1265 2782 1343 2804 titulus
1361 2781 1460 2809 capitulo
1477 2781 1643 2808 praemittitur;
1661 2779 1700 2801 ubi
1718 2780 1786 2801 etiam
1803 2778 1855 2800 cdd.
1868 2778 1889 2805 7,
1902 2778 1915 2800 9

1077 2824 1129 2850 post
1145 2821 1239 2844 dicatur
1256 2821 1359 2843 inserunt
1374 2820 1509 2848 particulam
1527 2820 1612 2841 tamen.

1140 2859 1160 2874 ¹⁵
1177 2858 1231 2881 Cod.
1249 2859 1268 2880 D
1285 2858 1359 2881 dictae
1375 2857 1437 2886 sint,
1457 2857 1507 2879 cod.
1525 2857 1541 2880 C
1559 2856 1687 2884 dicantur,
1708 2856 1775 2879 codd.
1788 2856 1827 2878 1>ss
1836 2856 1874 2877 ST
1886 2854 1917 2878 di-

1078 2904 1161 2921 camus
1171 2907 1181 2926 ,·
1198 2903 1251 2919 mox
1268 2897 1318 2920 cod.
1336 2897 1355 2919 D
1372 2897 1453 2919 omittit
1470 2902 1525 2919 esse.
