2253 3317
18 289 46 307 Dc
55 289 134 312 vestigio

4 312 105 338 Trinitatis
115 313 133 330 in

5 338 104 354 creaturis.

896 158 1082 188 DISTINCTIO
1103 159 1142 186 111.

216 239 293 265 Nunc
312 241 394 265 restat
413 238 568 271 ostendere,
593 242 683 265 utrum
705 246 754 273 per
776 246 807 265 ea
830 244 899 272 quae
924 236 992 263 sacta

148 284 210 307 sunt
234 280 342 315 aliquod
372 280 507 307 Trinitatis
535 281 677 315 vestigium
715 281 756 307 vel
783 280 912 306 indicium
941 279 995 305 exi-

147 331 229 357 guum
244 323 251 336 ¹
272 323 365 350 haberi
390 323 516 357 potuerit.
545 324 582 350 De
608 324 660 350 hoc
688 323 851 358 Augustinus
877 323 903 349 in
925 322 992 348 libro

148 370 223 393 sexto
237 366 270 392 de
286 367 413 392 Trinitate
428 366 436 379 ²
457 367 509 393 ait:
535 378 545 389 «
560 366 677 401 Oportet,
692 370 720 393 nt
734 366 885 393 Creatorem
900 372 948 400 per
962 372 993 391 ea

146 416 215 442 quae
234 409 303 435 sacta
322 412 384 435 sunt
404 409 540 435 intellectu
560 409 769 443 conspicientes,
788 408 942 434 Trinitatem
957 408 993 433 in-

148 451 305 485 telligamus.
326 451 410 477 Huius
430 452 499 477 enim
520 452 654 478 Trinitatis
668 451 809 485 vestigium
824 451 848 476 in
863 450 993 476 creaturis

149 497 268 528 apparet.
289 494 360 520 Haec
380 494 450 520 enim
480 494 568 520 omnia
583 494 606 526 ³,
626 501 695 528 quae
724 496 780 520 arte
809 493 899 519 divina
925 492 994 519 facta

150 539 224 569 sunt,
245 539 270 562 ct
289 537 418 563 unitatem
437 536 572 571 quandam
593 537 618 562 in
631 543 660 562 se
679 535 822 562 ostendunt
836 538 862 561 et
875 535 993 569 speciem

150 581 175 604 et
194 579 323 605 ordinem.
343 579 409 605 Nam
429 579 555 613 quodque
575 579 671 605 horum
695 581 847 605 creatorum
861 581 887 604 et
905 585 993 604 unum

149 621 251 655 aliquid
271 624 324 654 est,
344 622 413 647 sicut
428 624 489 647 sunt
501 624 612 647 naturae
632 628 776 655 corporum
795 624 820 647 et
834 621 992 652 annuarum,

149 666 175 689 et
194 663 284 697 aliqua
303 662 387 698 specie
406 663 548 695 formatur,
568 664 639 690 sicut
662 666 723 690 sunt
743 664 843 697 figurae
864 663 905 689 vcl
931 670 994 697 qua-

147 705 234 732 litates
254 713 398 740 corporum
418 713 449 733 ac
469 706 606 732 doctrinae
626 706 667 732 vel
693 709 764 732 artes
783 706 947 738 animarum,
968 708 993 731 et

147 747 271 774 ordinem
291 748 408 782 aliquem
427 749 494 782 petit
514 752 559 775 aut
587 751 672 781 tenet,
692 749 762 775 sicut
791 751 852 775 sunt
873 748 992 782 pondera

148 790 189 817 vel
209 791 399 817 collocationes
419 799 563 825 corporum
583 794 609 817 et
628 799 732 818 amores
746 792 787 818 vel
802 791 992 818 delectationes

149 834 315 867 animarum3
336 837 362 860 et
381 834 417 860 ita
438 834 463 860 in
484 834 614 861 creaturis
633 834 771 868 praelucet
786 834 925 868 vestigium
940 834 994 859 Tri-

148 876 245 903 nitatis.
266 876 292 902 In
313 876 357 903 illa
377 877 447 902 enim
467 877 594 903 Trinitate
614 884 718 903 summa
732 877 806 911 origo
820 880 859 903 est
873 877 992 903 omnium

148 925 239 945 rerum
259 922 285 945 et
302 919 497 953 perfectissima
516 919 670 953 pulcritudo
690 923 716 946 et
742 920 896 946 Beatissima
925 919 994 945 dele-

149 961 229 988 ctatio
242 972 265 988 n.
291 961 422 988 «Summa
441 965 530 989 autem
550 963 638 996 origo,
654 966 682 988 ut
695 963 858 996 Augustinus
878 962 993 988 ostendit

148 1003 175 1030 in
194 1004 263 1030 libro
283 1004 317 1030 de
336 1004 406 1031 Vera
435 1004 571 1039 Religione
585 1004 610 1037 ⁴,
630 1005 785 1039 intelligitur
808 1005 879 1031 Deus
902 1005 994 1037 Pater,

149 1053 164 1072 a
183 1054 236 1080 quo
257 1050 318 1073 sunt
338 1047 441 1079 omnia,
461 1054 476 1073 a
496 1054 548 1081 quo
568 1047 651 1073 Filius
680 1050 706 1074 et
734 1048 849 1082 Spiritus
877 1051 993 1074 sanctus

147 1089 343 1115 perfectissima
378 1089 533 1123 pulcritudo
568 1090 723 1124 intelligitur
758 1090 855 1123 Filius,
893 1090 995 1116 scilicet

150 1132 249 1158 veritas
263 1132 362 1165 Patris,
377 1132 449 1159 nulla
463 1139 496 1158 ex
508 1136 585 1166 parte
599 1132 623 1159 ei
637 1133 775 1159 dissimilis
787 1155 793 1166 ,
816 1140 897 1167 quam
910 1133 919 1145 ⁶
933 1140 994 1159 cum

152 1174 210 1208 ipso
236 1177 262 1201 et
290 1175 316 1200 in
345 1175 403 1209 ipso
428 1175 505 1201 Patre
533 1182 693 1201 veneramur
709 1197 715 1208 ,
744 1182 813 1209 quae
841 1176 925 1202 forma
954 1178 993 1202 est

151 1217 284 1250 omnium,
304 1225 374 1251 quae
394 1217 426 1244 ab
447 1225 499 1243 uno
519 1217 588 1244 facta
607 1221 669 1244 sunt
688 1221 713 1244 et
727 1218 759 1244 ad
779 1225 861 1244 unum
881 1219 998 1244 reserun-

149 1262 206 1293 tur,
226 1267 295 1294 quae
315 1263 402 1287 tamen
423 1261 512 1287 omnia
531 1267 580 1286 nec
598 1261 691 1287 fierent
704 1268 719 1287 a
737 1261 814 1287 Patre
831 1268 880 1295 per
899 1261 997 1287 Filium

150 1309 237 1337 neque
256 1303 312 1329 suis
332 1303 428 1329 tinibus
448 1303 521 1329 salva
541 1306 643 1335 essent,
663 1303 714 1329 nisi
734 1304 804 1329 Deus
830 1311 934 1330 summe
953 1304 998 1329 ho-

149 1352 200 1372 nus
222 1348 306 1379 esset,
327 1346 372 1380 qui
393 1349 419 1372 et
438 1346 503 1372 nulli
523 1349 649 1379 naturae,
677 1353 746 1380 quae
761 1346 770 1359 ⁰
800 1346 833 1373 ab
862 1346 907 1372 illo
927 1346 995 1372 bona

965 1451 1034 1477 Paas

520 1556 580 1583 Car.
600 1556 628 1583 Π.

283 1642 320 1668 De
341 1640 458 1676 imayine
477 1645 500 1667 et
518 1640 699 1668 similitudine
721 1641 863 1668 Trinitatis

426 1683 457 1711 in
475 1684 569 1711 (mima
588 1683 717 1711 humana.

219 1769 296 1796 Nunc
315 1777 379 1796 vero
404 1781 414 1792 ι(
430 1769 461 1796 ad
483 1777 542 1796 eam
562 1770 615 1796 iam
633 1770 823 1804 perveniamus
841 1770 999 1804 disputatio-

148 1819 225 1845 nem,
251 1813 296 1839 ubi
323 1813 349 1838 in
375 1816 462 1839 mente
486 1813 616 1845 humana,
645 1820 714 1847 quae
742 1814 816 1839 novit
843 1814 927 1839 Deum
956 1813 998 1839 vel

150 1858 238 1890 potest
248 1863 341 1888 nosse,
356 1855 491 1882 Trinitatis
504 1855 647 1889 imaginem
660 1856 828 1890 reperiamus
842 1867 865 1883 ».
880 1856 914 1882 Ut
927 1856 998 1882 enim

151 1899 188 1925 ait
206 1899 370 1933 Augustinus
390 1898 416 1924 in
436 1898 541 1924 decimo
561 1902 657 1932 quarto
686 1898 753 1925 libro
778 1898 810 1925 de
830 1899 956 1925 Trinitate
970 1899 997 1924 ⁹:

154 1952 166 1964 «
181 1941 255 1967 Licet
274 1941 391 1967 humana
411 1948 485 1967 mens
504 1948 556 1967 non
576 1942 610 1967 sit
623 1942 681 1968 eius
698 1945 823 1974 naturae,
837 1942 915 1968 cuius
928 1942 999 1968 Deus

152 1987 205 2017 est,
224 1984 312 2018 imago
332 1987 420 2010 tamen
441 1984 526 2016 illius,
541 1991 594 2018 quo
608 1984 674 2010 nihil
689 1984 784 2010 melius
798 1987 851 2017 est,
869 1985 906 2010 ibi
921 1991 1000 2018 quae-

151 2027 235 2054 renda
255 2030 280 2053 et
299 2027 458 2053 invenienda
478 2030 531 2060 est,
551 2034 604 2061 quo
624 2030 719 2054 natura
732 2030 823 2054 nostra
837 2028 903 2053 nihil
917 2027 999 2054 habet

1856 156 1891 185 63

1052 238 1135 268 esset,
1156 235 1264 267 invidit,
1285 238 1310 261 ct
1330 238 1358 261 ut
1378 235 1403 260 in
1423 234 1493 261 bono
1513 235 1571 268 ipso
1591 234 1724 267 maneret,
1744 234 1795 261 alia
1814 242 1895 268 quan-

1051 281 1106 304 tum
1127 278 1220 310 vellet,
1241 277 1292 304 alia
1313 281 1441 311 quantum
1461 280 1565 311 posset,
1586 277 1672 309 dedit3
1702 284 1770 311 quae
1790 277 1895 303 bonitas

1051 320 1206 354 intelligitur
1225 320 1341 354 Spiritus
1360 323 1482 352 sanctus,
1502 320 1548 354 qui
1575 323 1614 346 est
1642 320 1740 346 donum
1765 320 1850 346 Patris
1870 323 1896 346 ct

1051 363 1119 390 Filii.
1139 363 1226 394 Quare
1246 363 1335 397 ipsum
1346 362 1446 388 donum
1459 363 1506 388 Dei
1521 370 1582 389 cum
1600 363 1676 389 Patre
1691 365 1716 388 et
1728 362 1795 388 Filio
1810 369 1895 396 aeque

1052 405 1271 432 inconnnutabile
1290 405 1379 431 colere
1399 408 1425 431 et
1445 408 1534 431 tencre
1554 413 1602 431 nos
1622 406 1753 432 convenit.
1767 406 1816 431 Per
1836 412 1897 431 eon-

1050 448 1240 475 siderationem
1260 448 1350 482 itaque
1370 450 1554 474 ereaturarum
1574 448 1653 474 unius
1666 448 1830 474 substantiae.
1843 448 1898 474 Tri-

1050 491 1159 517 nitatem
1180 490 1364 525 intelligimus,
1388 490 1491 516 seilicet
1520 498 1602 516 unum
1630 491 1714 517 Deum
1742 491 1860 523 Patrem,
1881 498 1896 517 a

1051 541 1104 567 quo
1123 541 1231 566 sumus,
1251 537 1277 559 et
1296 533 1407 565 Filium,
1426 540 1475 567 per
1495 540 1576 567 quem
1595 540 1702 565 sumus,
1723 536 1748 559 et
1767 533 1896 567 Spiritum

1049 579 1186 608 sanctum,
1207 576 1233 602 in
1252 583 1306 610 quo
1325 583 1432 608 sumus,
1452 576 1556 602 scilicet
1576 576 1750 609 principium,
1771 576 1804 602 ad
1824 575 1897 609 quod

1050 619 1229 651 recurrimus,
1250 622 1275 645 et
1288 619 1401 645 sormam
1415 626 1496 653 quam
1510 618 1663 652 sequimur,
1677 621 1703 644 et
1716 619 1829 652 gratiam
1843 625 1896 652 qua

1049 661 1272 688 reconciliamur:
1292 668 1375 688 unum
1394 661 1515 694 seilicet,
1535 668 1587 695 quo
1608 664 1718 687 auctore
1737 661 1837 687 conditi
1857 669 1898 687 su-

1051 711 1123 737 mus,
1143 708 1169 731 et
1187 704 1390 731 similitudinem
1410 704 1482 736 eius,
1502 711 1550 738 per
1570 711 1651 738 quam
1667 704 1700 730 ad
1714 704 1842 730 unitatem
1859 711 1899 730 re-

1050 747 1210 780 formamur,
1231 750 1256 773 et
1274 754 1385 781 pacem,
1399 754 1453 781 qua
1466 747 1565 773 Unitati
1585 746 1776 773 adhaeremus:
1795 746 1898 772 scilieet

1049 790 1149 823 Deum,
1168 790 1215 824 qui
1234 789 1301 816 dixit
1317 789 1342 816 ⁷:
1361 791 1430 824 fiat;
1450 792 1476 816 et
1494 789 1628 823 Verbum,
1641 796 1690 824 per
1708 789 1779 823 quod
1799 789 1898 815 sactum

1051 835 1090 858 cst
1110 840 1203 865 omne,
1223 832 1295 867 quod
1321 832 1531 859 substantialiter
1561 835 1586 859 ct
1614 832 1771 859 naturaliter
1799 835 1851 864 est;
1872 834 1898 857 et

1050 875 1153 901 Donum
1173 875 1343 910 benignitatis
1363 875 1434 908 eius,
1455 883 1507 909 qua
1529 875 1631 909 placuit
1656 874 1728 909 quod
1748 874 1781 901 ab
1805 882 1835 901 co
1849 881 1898 909 per

1052 919 1170 945 Verbum
1190 919 1288 945 factum
1314 921 1399 945 estet
1427 918 1630 945 reconciliatum
1659 920 1699 944 est
1727 918 1844 950 auctori,
1870 920 1899 943 ut

1050 969 1102 987 non
1122 961 1279 988 interiret».
1299 962 1369 988 Ecce
1389 964 1523 987 ostensum
1544 964 1597 994 est,
1615 961 1730 995 qualiter
1747 955 1773 986 1'n
1795 963 1898 986 creatu·
1910 964 2013 983 Conclusio.

1051 1004 1087 1030 ris
1107 1004 1276 1038 aliquatenus
1295 1005 1382 1039 imago
1408 1004 1543 1030 Trinitatis
1567 1004 1717 1036 indicatur;
1746 1011 1798 1030 non
1827 1003 1898 1029 enim

1052 1054 1099 1081 per
1119 1050 1305 1073 creaturarum
1325 1047 1576 1081 contemplationem
1590 1046 1726 1073 sufficiens
1740 1046 1832 1073 notitia
1845 1046 1899 1072 Tri-

1050 1090 1141 1116 nitatis
1160 1093 1248 1124 potest
1267 1090 1359 1116 haberi
1381 1090 1422 1116 vel
1441 1090 1529 1124 potuit
1547 1090 1605 1116 sine
1624 1090 1762 1116 doctrinae
1781 1089 1822 1116 vel
1837 1089 1901 1115 inte-

1052 1133 1130 1159 rioris
1150 1133 1332 1167 inspirationis
1352 1133 1523 1159 revelatione.
1543 1132 1618 1159 Unde
1638 1132 1675 1158 illi
1696 1132 1798 1166 antiqui
1817 1131 1901 1166 philo-

1052 1175 1130 1209 sophi
1151 1176 1228 1209 quasi
1248 1182 1297 1210 per
1316 1176 1440 1202 umbram
1460 1178 1485 1202 et
1504 1175 1537 1202 de
1558 1175 1701 1209 longinquo
1721 1175 1846 1201 viderunt
1859 1182 1901 1201 ve-

1053 1218 1174 1251 ritatem,
1203 1218 1357 1245 deficientes
1386 1218 1411 1244 in
1441 1219 1561 1244 contuitu
1593 1218 1744 1251 Trinitatis,
1773 1221 1802 1244 ut
1829 1218 1899 1252 magi

1054 1261 1200 1287 Pharaonis
1220 1261 1245 1287 in
1267 1261 1345 1287 tertio
1364 1261 1439 1295 signo
1454 1261 1471 1288 Β.
1492 1261 1658 1287 Adiuvamur
1685 1264 1771 1287 tamen
1802 1261 1828 1287 in
1847 1260 1900 1287 fide

1054 1303 1231 1329 invisibilium
1250 1311 1299 1338 per
1319 1311 1363 1336 ea,
1384 1311 1452 1338 quae
1472 1304 1541 1330 facta
1560 1307 1629 1330 sunt.

1053 1451 1081 1477 II.

1054 1556 1163 1589 melius,
1183 1556 1210 1582 id
1229 1559 1269 1583 est
1289 1556 1314 1582 in
1335 1559 1431 1583 mente.
1451 1557 1478 1583 In
1498 1557 1557 1591 ipsa
1577 1556 1648 1583 enim
1662 1556 1683 1569 ¹⁰
1698 1560 1798 1589 mente,
1818 1557 1899 1584 etiam
1914 1565 1944 1592 ,ιη
1965 1566 2028 1591 menig

1054 1603 1197 1634 antequam
1217 1600 1252 1625 sit
1270 1600 1407 1634 particeps
1427 1600 1489 1632 Dei,
1509 1600 1567 1626 eius
1587 1600 1674 1634 imago
1688 1600 1836 1634 reperitur;
1851 1600 1900 1626 etsi
1913 1594 1973 1611 ¹¹¹¹³g⁰
1986 1588 2027 1606 ω’·

1054 1643 1133 1675 enim,
1154 1642 1253 1669 amissa
1271 1643 1318 1668 Dei
1346 1643 1561 1677 participatione,
1587 1642 1713 1669 deformis
1741 1643 1789 1676 sit,
1813 1644 1899 1677 imago

1054 1688 1141 1712 tamen
1161 1685 1208 1711 Dei
1221 1688 1369 1719 permanet.
1384 1686 1421 1713 Eo
1436 1686 1507 1711 enim
1522 1686 1580 1720 ipso
1596 1686 1682 1720 imago
1696 1686 1743 1712 Dei
1757 1690 1797 1712 est
1811 1693 1900 1719 mens,

1055 1736 1107 1763 quo
1127 1736 1214 1763 capax
1233 1729 1291 1755 eius
1311 1732 1350 1754 est
1369 1729 1481 1762 eiusque
1501 1729 1636 1762 particeps
1657 1736 1714 1755 esse
1733 1732 1829 1763 potest.
1846 1729 1901 1755 Iam

1056 1778 1118 1805 ergo
1139 1772 1165 1797 in
1180 1778 1211 1798 ea
1224 1771 1394 1803 Trinitatem,
1409 1778 1478 1805 quae
1491 1772 1561 1798 Deus
1576 1774 1628 1804 est,
1643 1772 1818 1806 inquiramus.
1832 1772 1902 1798 Ecce

1056 1821 1117 1848 ergo
1133 1814 1152 1827 ¹¹
1173 1821 1247 1840 mens
1267 1814 1388 1840 meminit
1406 1814 1462 1846 sui,
1483 1814 1605 1848 intelligit
1617 1821 1661 1847 se,
1674 1814 1761 1848 diligit
1779 1822 1823 1847 se;
1848 1815 1901 1841 hoc

1055 1857 1077 1882 si
1106 1857 1255 1890 cernimus,
1285 1857 1419 1883 cernimus
1449 1857 1608 1890 trinitatem,
1641 1857 1759 1883 nondum
1791 1858 1901 1891 quidem

1055 1900 1154 1932 Deum,
1173 1899 1219 1925 sed
1240 1899 1383 1934 imaginem
1403 1900 1458 1926 Dei.
1479 1900 1527 1926 Hic
1546 1900 1616 1926 enim
1636 1900 1769 1934 quaedam
1789 1903 1901 1934 apparet
1923 1907 2032 1933 Memmiae,

1057 1942 1160 1969 trinitas
1180 1943 1339 1975 memoriae,
1361 1942 1550 1977 intelligentiae
1563 1946 1589 1969 et
1603 1943 1701 1969 amoris
1716 1954 1739 1969 ».
1753 1943 1824 1969 Haec
1838 1950 1900 1978 ergo
1915 1931 2030 1980 ιῖἓζῗιξῖῗιῗῖιῖ

1056 1985 1105 2011 tria
1124 1985 1294 2019 potissimum
1315 1988 1474 2018 tractemus,
1495 1986 1666 2018 memoriam,
1687 1978 2040 2019 intelligentiam,”²¹⁵²'⁵¹¹“³⁸·

1056 2027 1257 2054 voluntatem».
1283 2039 1293 2050 ιι
1309 2028 1380 2054 Haec
1409 2028 1489 2062 igitur
1514 2028 1579 2061 tria,
1612 2032 1641 2054 ut
1670 2028 1833 2062 Augustinus
1865 2028 1901 2055 ait

215 2219 221 2233 ¹
240 2219 295 2242 Cod.
308 2219 325 2241 A
338 2219 419 2241 omittit
430 2218 560 2248 eoeiqztum,·
572 2218 643 2241 Codd.
661 2218 703 2241 BC
713 2219 757 2241 DE
774 2222 796 2242 et
812 2219 848 2241 ed.
871 2220 876 2241 1
889 2238 893 2247 ,
912 2220 998 2241 omisso
1026 2219 1028 2227 ¹

156 2257 281 2288 vestigium
303 2262 325 2280 et
348 2259 490 2286 transpositis
514 2258 604 2287 verbis,
622 2259 676 2281 satis
697 2258 756 2281 bene
778 2259 858 2287 legunt
877 2258 998 2281 Trinitatis

156 2296 269 2320 indiciam
288 2296 322 2320 ccl
338 2296 466 2326 ewiquum,
485 2300 579 2325 accepto
596 2296 633 2320 rel
649 2303 691 2325 pro
708 2297 791 2320 saltem
803 2298 839 2320 vel
858 2304 900 2325 pro
918 2297 995 2320 etium.

218 2336 227 2350 ‘-‘
245 2335 299 2364 Cap.
322 2336 354 2357 10.
373 2342 394 2357 ιι.
416 2336 454 2363 12,
467 2336 508 2358 scd
520 2337 658 2363 transposito
670 2336 750 2359 ordine
763 2338 955 2365 propositionum.
966 2349 998 2353 -
1026 2336 1028 2342 '

154 2375 176 2396 ln
194 2375 256 2397 initio
274 2376 342 2397 huius
359 2378 432 2397 textus
449 2376 500 2398 Vat.
518 2378 540 2397 et
556 2375 592 2397 cci.
611 2375 623 2397 4
641 2376 700 2397 male
718 2376 796 2404 legunt
813 2375 929 2398 miella-ta
954 2382 998 2404 pro

154 2413 287 2443 intellectu,-
304 2414 340 2436 cd.
359 2415 478 2443 Augustini
496 2414 645 2437 intellectum.

217 2453 227 2468 ³
243 2454 328 2476 Omnes
346 2454 413 2476 codd.
431 2458 453 2477 et
469 2454 522 2476 edd.
535 2458 625 2482 praeter
637 2454 687 2476 Vat.
700 2455 806 2476 omittunt
823 2453 916 2482 omnia,
935 2453 999 2482 quod

152 2496 229 2515 tamen
242 2496 264 2515 et
276 2493 312 2515 cd.
326 2493 446 2521 Augustini
459 2496 481 2516 et
492 2494 541 2521 ipse
553 2494 574 2515 S.
587 2494 672 2515 Bonav.
691 2494 747 2515 infra
760 2492 815 2515 dul).
834 2494 846 2515 3
865 2492 955 2515 habent.
968 2504 1000 2509 —

156 2532 225 2553 Paulo
243 2534 295 2559 post
313 2531 380 2554 codd.
398 2531 439 2554 (ΖΕ
457 2538 510 2554 cum
527 2535 587 2554 textu
600 2533 720 2560 Augustini
733 2531 846 2561 quidquid
857 2531 945 2554 horum
957 2537 999 2559 pro

151 2570 262 2600 quodque
278 2570 372 2593 horum.
385 2571 471 2593 Deinde
489 2571 539 2594 Vat.
557 2574 578 2593 ct
589 2571 642 2593 cdd.
655 2571 679 2599 4,
698 2571 724 2599 5,
742 2572 768 2599 6,
786 2571 800 2592 7
819 2577 871 2593 cum
884 2574 944 2593 textu
956 2571 999 2593 Au-

155 2610 239 2637 gustini
252 2611 302 2631 ante
319 2609 457 2631 (lamiarum
469 2610 577 2632 adiiciunt
588 2609 695 2639 ingenia,
721 2610 783 2638 quod
806 2610 870 2632 deest
890 2611 911 2632 in
931 2610 998 2632 codd.

156 2648 264 2670 omnibus
281 2652 302 2670 ct
320 2649 368 2670 aliis
384 2648 437 2670 edd.

219 2687 227 2701 ⁴
246 2687 276 2709 Ex
294 2693 344 2714 cap.
363 2687 400 2709 55
418 2694 439 2709 n.
461 2688 509 2709 113,
533 2689 619 2715 passim
642 2689 742 2710 collecta.
759 2700 791 2704 —
807 2688 830 2710 in
848 2689 922 2716 prima
947 2694 999 2716 prc-

158 2727 270 2755 positione
296 2727 365 2748 huius
388 2729 461 2748 textus
486 2729 539 2754 post
562 2726 642 2749 onmia
664 2728 726 2749 solus
743 2727 793 2749 cod.
812 2726 828 2749 C
845 2727 908 2749 addit
933 2728 1000 2755 parti-

157 2766 233 2787 culam
250 2766 278 2787 el.

217 2804 228 2819 ⁵
246 2804 295 2826 Vat.
314 2807 336 2826 et
359 2804 414 2826 aliae
438 2803 490 2825 cdd.
513 2806 591 2826 contra
608 2804 644 2826 cd.
663 2805 675 2825 6
693 2807 716 2827 et
738 2811 819 2827 omnes
837 2805 905 2827 codd.
928 2811 998 2834 quem

861 2861 865 2871 ι
905 2862 909 2871 7
949 2861 954 2871 ι
994 2861 999 2871 v

156 2882 185 2910 7,
204 2883 216 2903 8
235 2882 276 2911 qui
286 2881 366 2911 somna
379 2888 420 2909 pro
433 2887 492 2911 quae
502 2881 588 2910 formu.
602 2881 676 2904 Lectio
689 2884 763 2904 nostra
777 2882 926 2904 confirmatur
939 2885 999 2904 textu

154 2921 286 2949 Augustini,
294 2922 333 2951 qui
342 2921 422 2944 habet:
432 2921 587 2949 Quareipsam
600 2927 693 2949 quoquc
704 2922 823 2943 veritatem
832 2921 891 2943 nulla
899 2927 925 2943 ex
935 2924 1000 2948 parte

1056 2219 1202 2247 dissimilem,
1226 2220 1248 2241 in
1266 2220 1317 2247 ipso
1340 2223 1362 2242 et
1384 2226 1438 2241 cum
1461 2220 1512 2247 ipso
1530 2225 1682 2247 veneramur,
1701 2225 1760 2247 quac
1778 2219 1850 2240 forma
1868 2221 1902 2240 est

1056 2259 1167 2287 omnium,
1181 2265 1240 2287 quae
1252 2259 1281 2281 ab
1300 2265 1345 2281 nno
1363 2259 1421 2281 facta
1439 2261 1497 2281 sunt.
1510 2271 1541 2275 —
1554 2259 1623 2280 Paulo
1636 2262 1687 2286 post
1705 2258 1755 2280 eod.
1773 2257 1790 2280 C
1807 2257 1836 2280 ab
1852 2256 1901 2287 ipso

1056 2301 1078 2320 et
1094 2298 1147 2320 edd.
1166 2298 1192 2326 5,
1211 2298 1223 2319 6
1241 2297 1270 2320 ab
1288 2297 1353 2320 initio
1371 2299 1420 2320 loco
1438 2297 1467 2320 ab
1489 2303 1544 2320 mio.
1569 2297 1656 2319 Deinde
1673 2297 1723 2319 cod.
1742 2297 1761 2318 D
1778 2302 1838 2326 quae
1855 2302 1902 2319 om-

1056 2337 1111 2359 nino
1129 2343 1176 2360 non
1193 2336 1277 2366 fierent
1293 2343 1335 2365 pro
1352 2343 1412 2366 quae
1430 2338 1509 2359 tomen
1526 2336 1606 2359 omniu
1623 2342 1664 2359 nee
1679 2336 1768 2366 fierent.

1119 2375 1128 2390 ⁰
1146 2375 1217 2398 Codd.
1235 2376 1252 2397 A
1263 2375 1331 2398 BCE
1349 2376 1403 2398 satis
1425 2375 1483 2397 bene
1506 2375 1581 2404 quod,
1602 2375 1643 2397 sed
1662 2374 1831 2402 refragantibus
1848 2374 1901 2396 edd.

1056 2418 1078 2437 ct
1091 2418 1151 2437 textu
1164 2415 1293 2443 Augustini.
1307 2414 1439 2436 immediate
1452 2417 1504 2442 post
1516 2414 1583 2436 codd.
1596 2414 1614 2435 A
1624 2414 1640 2435 B
1653 2417 1675 2436 et
1686 2413 1739 2435 edd.
1758 2414 1784 2441 t),
1806 2414 1831 2435 10
1844 2412 1903 2436 bono

1058 2461 1100 2482 pro
1118 2453 1186 2476 bonu.

1119 2493 1127 2507 7
1145 2493 1200 2514 Gen.
1223 2493 1245 2520 l,
1264 2493 1284 2514 3.
1302 2504 1334 2508 -
1350 2492 1401 2514 Vat.
1419 2498 1472 2514 cum
1494 2492 1547 2514 edd.
1572 2491 1596 2519 1,
1615 2492 1640 2519 6,
1658 2491 1684 2519 7,
1703 2492 1715 2512 S
1733 2494 1756 2513 et
1773 2491 1840 2513 codd.
1858 2491 1901 2513 DE

1055 2535 1107 2559 post
1122 2531 1165 2561 fiat
1182 2532 1241 2553 male
1258 2531 1322 2554 addit
1334 2531 1391 2559 lust,
1404 2530 1573 2559 refragantibus
1584 2531 1665 2552 ceteris
1677 2530 1729 2552 cdd.
1742 2533 1764 2552 et
1781 2530 1848 2552 codd.
1861 2536 1902 2552 nec

1056 2577 1100 2592 non
1118 2573 1178 2593 textu
1196 2570 1325 2598 Augustini.

1117 2608 1127 2623 Β
1144 2609 1214 2631 Exod.
1234 2609 1260 2637 8,
1279 2609 1315 2630 18.

1117 2648 1126 2662 ⁹
1143 2648 1198 2675 Cap.
1217 2648 1237 2669 8.
1256 2654 1276 2669 n.
1299 2648 1337 2675 ii,
1356 2647 1417 2669 unde.
1440 2648 1508 2669 etiam
1527 2650 1619 2675 accepta
1637 2650 1702 2675 sunt,
1729 2653 1788 2675 quac
1811 2653 1901 2675 praece-

1057 2687 1125 2715 dunt,
1136 2687 1165 2709 ab
1178 2687 1220 2708 illis
1232 2686 1322 2709 verbis:
1339 2686 1410 2709 Nunc·
1428 2692 1490 2714 vero,
1505 2686 1546 2708 sed
1558 2686 1587 2708 de
1604 2691 1668 2708 more
1681 2692 1725 2707 non
1738 2686 1818 2714 paucis
1835 2686 1901 2708 omis-

1057 2727 1087 2748 sis
1104 2726 1140 2747 vel
1158 2725 1248 2747 additis.

1120 2764 1139 2778 ¹0
1156 2765 1206 2786 Vat.
1224 2767 1246 2786 et
1263 2765 1319 2786 aliae
1337 2764 1397 2792 edd,
1415 2765 1515 2792 exceptis
1536 2764 1598 2792 t,8,
1613 2764 1689 2785 minus
1707 2763 1779 2785 bene:
1801 2763 1829 2785 In
1850 2762 1901 2792 ipsa

1056 2803 1127 2827 etiam
1143 2804 1219 2825 mente
1235 2804 1370 2832 antequam.

1120 2841 1137 2856 ¹¹
1156 2842 1206 2864 Vat.
1225 2845 1302 2864 contra
1320 2842 1388 2864 codd.
1401 2845 1423 2864 et
1434 2842 1470 2864 ed.
1492 2842 1513 2869 i,
1532 2842 1545 2863 6
1563 2842 1618 2869 legit
1634 2840 1713 2869 eninm
1729 2843 1751 2863 et
1763 2841 1832 2869 paulo
1850 2843 1902 2868 post

1057 2881 1110 2904 cdd.
1129 2882 1154 2909 2,
1173 2882 1198 2909 3,
1217 2881 1231 2902 7
1249 2883 1299 2902 ante
1316 2880 1337 2903 si
1353 2880 1473 2904 cernimus
1490 2880 1574 2903 habent
1591 2879 1647 2903 haec
1665 2886 1707 2909 pro
1724 2880 1774 2903 hoc.
