2253 3317
287 125 343 153 sitifi
985 123 1236 153 SENTENTIARUM
1259 124 1317 153 LlB.
1341 125 1358 153 l.

558 254 992 304 COMMENTARIUS
1028 255 1089 303 IN
1122 255 1561 304 DISTINOTIONEM
1594 255 1761 304 XXIII.

724 381 769 414 De
796 380 1048 415 substantialibus
1074 381 1248 415 nominibus
1274 381 1383 415 divinis
1408 381 1438 414 in
1465 381 1596 426 speciali.

419 498 582 526 Praedictis
603 497 802 527 atlir'ei'endtmi
825 502 881 531 esc,
904 498 981 536 quod
1001 507 1070 527 enm
1091 498 1191 527 onmia
1213 498 1352 532 uomina,
1375 507 1449 537 quae
1469 499 1630 528 ὃθσιιηάιιπι
1654 499 1846 528 substantiane
1869 502 1920 529 etc.

1024 631 1147 660 DIVISIO
1168 631 1306 660 TExTus.

367 743 456 780 Supra
485 743 541 780 egit
568 742 696 779 Magister
725 741 760 771 de
788 742 948 771 diversitate
976 742 1138 771 divinorum

289 791 434 820 nominum
456 789 483 818 in
506 789 636 826 generali.
666 789 711 818 llic
733 789 829 826 incipit
856 789 980 818 secunda
1000 797 1081 826 parsa
1111 789 1138 818 in

289 846 343 876 qua
359 837 415 874 agit
436 837 470 865 de
485 836 581 865 eadem
596 836 604 851 ¹
621 836 647 864 in
663 836 784 873 speciali.
807 836 838 865 Et
852 836 984 873 quoniam
999 836 1138 873 quaedam

290 885 401 915 nomina
416 887 481 913 sunt
495 883 702 917 substantialia,
717 883 854 920 quaedam
871 882 1000 917 relativa,
1021 886 1049 912 et
1070 883 1138 912 haee

290 931 422 968 contingit
446 930 623 960 considerare
651 930 791 964 absolute,
811 933 838 958 et
866 930 900 958 ad
923 938 952 959 se
981 930 1137 959 invieem²z

292 980 353 1009 ideo
374 979 441 1007 haec
464 985 529 1015 pars
550 977 634 1005 habet
656 980 712 1005 tres
736 980 838 1013 partes.
861 977 888 1005 ln
911 977 1002 1014 prima
1027 977 1084 1014 agit
1104 977 1139 1006 de

291 1025 450 1055 nominibus
475 1024 713 1053 substantialibus.
741 1024 769 1052 Iu
791 1024 915 1053 secunda
939 1024 974 1053 de
995 1024 1139 1058 relativis,

292 1074 362 1102 iufra
384 1072 559 1101 distinctione
574 1071 708 1108 vigesima
729 1074 820 1100 sexta:
835 1070 920 1099 Nune
932 1071 965 1099 de
976 1071 1140 1108 proprieta-

291 1120 368 1149 tibus
386 1127 595 1157 personarium,
610 1126 685 1156 queis
711 1116 878 1156 frequenter
899 1121 949 1147 etc.
965 1117 994 1146 In
1009 1117 1091 1147 tertia
1105 1117 1139 1147 de

292 1166 354 1196 his⁸
370 1166 494 1195 relativis
509 1165 543 1194 ad
559 1165 691 1199 invicem.
707 1165 778 1193 infra
799 1164 975 1194 distinctione
996 1164 1140 1202 trigesima

293 1214 386 1243 tertia:
410 1213 480 1241 Post
500 1221 593 1249 supra
617 1212 696 1240 dieta
718 1211 842 1240 interius
863 1211 1056 1240 considerari.

373 1261 402 1289 ΙΞι
413 1260 544 1298 quoniam
557 1259 628 1288 iuter
640 1258 753 1293 uomina
763 1258 957 1287 substantialia
975 1258 1026 1287 hoc
1040 1266 1140 1288 nomen

290 1316 415 1345 persona
439 1307 580 1344 excipitur
595 1314 610 1334 a
626 1306 747 1343 generali
770 1305 879 1342 regula,
900 1313 972 1343 quae
987 1309 1044 1340 est,
1065 1305 1141 1343 quod

293 1354 475 1384 substantiale
490 1353 592 1383 dicitur
604 1353 638 1382 de
654 1353 744 1381 tribus
755 1352 947 1389 singulariter:
963 1352 1025 1381 ideo
1040 1360 1141 1381 nomen

294 1402 366 1431 istud
381 1402 390 1415 ⁴
414 1401 504 1438 primo
525 1409 540 1429 a
563 1400 685 1437 generali
707 1400 805 1437 regula
826 1399 945 1436 excipit,
973 1399 1141 1434 ostendens,

294 1448 367 1486 quod
391 1448 526 1477 debemus
547 1447 640 1476 dicere
661 1450 719 1476 tres
732 1454 880 1484 personasg
900 1449 928 1475 et
949 1446 1043 1475 hocin
1064 1454 1143 1484 prae-

1194 742 1265 771 senti
1280 741 1463 771 distinetione.
1478 742 1605 771 Secundo
1617 749 1683 771 vero
1698 742 1865 771 determinat
1879 742 1948 780 quid
1961 743 2042 780 signi-

1195 788 1295 818 ficetur
1315 796 1366 826 per
1391 789 1442 818 hoc
1467 796 1568 817 nomen
1590 792 1648 817 tres
1668 792 1695 818 et
1716 797 1766 827 per
1787 790 1839 819 hoc
1860 798 1960 819 nomen
1978 798 2042 827 per-

1194 843 1298 869 sonas,
1313 843 1377 864 eum
1394 835 1514 864 dicimus
1535 838 1593 864 tres
1613 843 1759 873 personas,
1774 836 1845 865 infra
1866 836 2041 866 distinetione

1195 882 1339 919 proxima:
1362 882 1418 910 Hie
1439 882 1590 920 dittgyenter
1612 882 1726 920 inquiri
1744 886 1862 920 oportet.

1275 929 1366 957 Prima
1393 936 1459 966 pars
1480 929 1564 958 habet
1591 932 1720 966 quatuor.
1742 929 1771 958 In
1796 929 1888 967 prima
1915 929 2043 967 Magister

1196 975 1266 1005 illud
1294 984 1396 1005 nomen
1416 976 1520 1014 exeipit
1540 984 1557 1005 a
1584 977 1707 1014 generali
1735 977 1841 1014 regula,
1863 977 1892 1005 lu
1920 976 2043 1006 secunda

1196 1023 1332 1052 rationem
1347 1023 1433 1052 huius
1443 1023 1616 1061 exceptionis
1626 1023 1785 1061 investigat,
1801 1023 1851 1052 ibi:
1867 1023 1934 1052 Ideo
1945 1023 2043 1052 oritur

1197 1068 1243 1098 ltie
1267 1070 1397 1108 quaestio
1418 1069 1562 1108 difficilis,
1590 1070 1754 1105 ostendens,
1775 1070 1850 1107 quod
1878 1070 1931 1099 fuit
1952 1070 2044 1108 inopia.

1196 1117 1311 1146 humani
1333 1117 1445 1154 eloquii.
1468 1117 1495 1145 ln
1517 1117 1598 1146 tertia
1620 1117 1748 1155 Magister
1769 1120 1866 1146 contra
1886 1117 2046 1155 assignatio-

1197 1172 1261 1193 nem
1282 1164 1397 1202 oppouit
1417 1167 1444 1193 et
1465 1164 1645 1200 determinat,
1667 1164 1717 1193 ibi:
1737 1164 1793 1193 Sed
1813 1164 1969 1203 quaeritur
1984 1163 2044 1198 liz'e,

1197 1219 1265 1239 eum
1286 1210 1422 1239 dieamus
1444 1211 1566 1239 Patrem
1587 1214 1612 1239 et
1634 1210 1745 1239 Ft'lz‘mn
1767 1214 1792 1239 et
1813 1210 1960 1248 Spiritum
1980 1219 2046 1239 san-

1197 1261 1284 1286 etum.
1309 1258 1337 1286 In
1360 1261 1461 1295 quarta
1478 1258 1599 1295 epilogat
1612 1258 1808 1292 determinata,
1830 1261 1862 1287 ut
1875 1258 1972 1293 addat,
1995 1257 2044 1286 ibi:

1197 1305 1264 1334 Iam
1277 1304 1470 1344 sufficienter,
1485 1308 1617 1342 utputo,
1639 1308 1785 1334 osteits'tmt
1799 1308 1847 1333 est.
1866 1305 1971 1333 Harum
1985 1312 2047 1342 par-

1198 1352 1269 1381 tium
1284 1352 1489 1381 subdivisiones
1502 1360 1553 1389 per
1568 1360 1597 1381 se
1618 1355 1722 1389 patent.
1737 1352 1804 1380 Nam
1826 1351 1967 1389 quaelibet
1980 1359 2047 1389 pars

1198 1398 1388 1428 subdividitur
1410 1399 1436 1427 in
1459 1399 1530 1428 duas
1551 1399 1631 1428 iuxta
1652 1399 1709 1428 duo
1730 1398 1867 1436 capitula‚
1893 1406 1965 1436 quae
1981 1400 2048 1427 'eon-

1198 1446 1267 1475 tinet
1280 1445 1298 1474 ⁵.

944 1556 1130 1585 TRACTATIO
1151 1555 1393 1593 QUAESTIONUM.

373 1669 412 1698 Ad
434 1668 643 1705 intelligentiam
665 1676 764 1697 eorum
785 1675 857 1705 quae
873 1667 1006 1696 dic-untur
1024 1667 1051 1695 in
1066 1674 1144 1704 prae-

294 1716 365 1746 senti
387 1716 563 1745 distinotione
585 1715 619 1744 de
641 1715 685 1744 liis
716 1714 876 1743 nominibus
908 1722 1053 1751 persona,
1080 1713 1145 1742 sub-

294 1764 406 1792 stantia
420 1766 447 1792 et
468 1763 607 1796 essentia,
630 1762 687 1791 duo
708 1761 898 1799 principaliter
919 1764 1104 1799 quaeruntur.

374 1810 479 1839 Primo
499 1810 646 1847 quaeritur
667 1809 701 1838 de
723 1808 904 1838 translatione
919 1808 1037 1837 ismrum
1060 1807 1146 1837 nomi-

296 1865 364 1886 num
379 1858 413 1886 ad
436 1857 539 1886 divina.
1085 1853 1088 1860 '

375 1904 507 1933 Secundo
532 1903 567 1932 de
592 1903 786 1932 numeratione
807 1902 962 1932 eorundem
988 1902 1016 1930 in
1035 1901 1146 1931 divinis.

1278 1666 1358 1695 Circa
1378 1665 1502 1703 primum
1523 1668 1700 1703 quaeruntur
1720 1665 1781 1694 tria.

1280 1713 1390 1748 Primo,
1411 1716 1509 1742 utrum
1541 1713 1671 1742 debuerit
1692 1713 1751 1742 ibi⁶
1777 1713 1923 1742 transferri
1948 1720 2051 1742 nomen

1199 1769 1352 1798 personae.

1282 1807 1409 1836 Secundo
1430 1814 1515 1841 vero,
1536 1809 1634 1835 utrum
1656 1814 1756 1835 nomen
1777 1806 1967 1836 substantiae.

1283 1854 1394 1889 Tertio⁷
1416 1857 1512 1883 utrum
1534 1861 1635 1882 nomen
1657 1853 1804 1882 essentiae.

1031 2011 1266 2046 ARTICULUS
1295 2012 1317 2044 Ι.

612 2106 650 2135 De
672 2105 866 2134 translatione
887 2105 1037 2133 nom-immi
1060 2113 1201 2142 persona,
1223 2104 1405 2138 substantia,
1426 2104 1550 2133 essentia
1571 2104 1612 2133 ad
1633 2104 1744 2133 (Ii'w'na.

1075 2214 1238 2251 QUAESTlO
1260 2214 1277 2242 l.

672 2301 777 2330 Utrum
790 2309 895 2330 nomen
906 2309 1051 2338 personae
1066 2300 1265 2329 convenienter
1279 2299 1321 2328 att
1334 2299 1437 2328 (livine
1449 2298 1628 2328 timzslatzmn
1642 2299 1688 2327 stt.

382 2413 473 2442 Primo
483 2420 550 2449 ergo
565 2411 720 2450 quaeritur,
735 2414 832 2440 utrum
848 2410 978 2441 debuerit
992 2410 1028 2439 ibi
1039 2411 1049 2425 ⁷
1066 2413 1152 2439 trans-

305 2460 370 2489 ferri
385 2468 486 2489 nomen
498 2467 642 2497 personae
662 2458 698 2487 ad
720 2458 824 2487 divina.
839 2457 919 2494 Quod
934 2460 1028 2486 autem
1050 2464 1150 2486 nomen

304 2515 438 2544 personae
459 2514 513 2535 non
535 2506 636 2535 debeat
656 2505 709 2534 diei
731 2505 759 2533 in
781 2505 896 2539 divini&
917 2504 1076 2533 ostenditur
1096 2503 1150 2532 sie:

1289 2410 1312 2437 1.
1334 2408 1505 2446 Augustinus
1526 2408 1623 2446 quinto
1644 2408 1679 2437 de
1707 2408 1852 2443 'l'rinitate‚
1880 2410 1908 2436 et
1934 2407 2055 2437 habetur
2067 2419 2097 2438 Ad
2110 2419 2187 2442 opposi-

1208 2456 1235 2485 in
1265 2455 1390 2485 littera⁸z
1430 2455 1570 2484 «Dictum
1598 2459 1654 2484 est:
1678 2457 1734 2483 tres
1761 2462 1914 2492 personae,
1941 2462 1996 2483 non
2023 2457 2055 2483 ut
2103 2444 2148 2461 ‘¹¹¹⁰'

1208 2502 1276 2532 illud
1307 2502 1461 2536 diceretur,
1482 2502 1531 2531 sed
1559 2509 1594 2531 ue
1615 2504 1756 2531 taceretur
1771 2511 1805 2529 n:
1833 2509 1901 2539 ergo
1928 2500 2054 2535 videtur,

367 2632 373 2646 ¹
393 2632 415 2654 in
433 2632 539 2660 plurimis
556 2637 610 2654 mss.
628 2634 651 2654 et
667 2631 703 2653 ed.
720 2631 725 2652 1
743 2631 820 2653 minus
831 2636 935 2658 congrue
948 2630 1012 2653 deest
1023 2629 1050 2653 de
1062 2629 1150 2653 eadem.

366 2671 375 2685 ²
393 2671 468 2693 Lectio
485 2671 639 2699 plurimorum
657 2670 725 2692 codd.
743 2673 765 2692 et
782 2669 818 2692 ed.
841 2670 846 2691 1
861 2688 866 2697 ,
884 2670 906 2692 in
924 2675 970 2698 qua
992 2670 1103 2692 omittitur
1119 2668 1152 2691 in-

306 2709 389 2737 vicem,
409 2709 583 2737 ambiguitatem
601 2712 696 2737 generat
712 2712 734 2732 et
751 2712 785 2731 est
801 2712 880 2731 contra
898 2707 1016 2736 subnexa;
1034 2707 1102 2731 codd.
1125 2713 1152 2730 aa

305 2748 348 2777 bb,
360 2749 446 2771 omisso
457 2748 563 2775 invicem,
577 2748 656 2771 verbis
667 2747 700 2771 act
709 2754 734 2771 se
746 2748 877 2777 praefigunt
887 2753 930 2777 per
941 2746 1152 2777 comparationem.

366 2787 376 2802 ³
394 2788 443 2809 Vat.
461 2791 550 2815 praeter
567 2787 637 2810 fidem
655 2794 709 2810 mss.
727 2790 749 2810 ct
765 2793 804 2810 sex
822 2788 952 2815 primarum
968 2786 1021 2809 edd.
1043 2785 1154 2809 substan-

306 2825 400 2849 [dotibus
417 2827 438 2849 et
455 2833 497 2854 pro
514 2826 557 2849 Ιῑιὶς.
694 2843 697 2845 .
905 2825 915 2840 ⁴
931 2824 1004 2848 Codd.
1022 2824 1068 2847 VY
1085 2823 1152 2847 illud.

369 2865 378 2880 ⁵
395 2865 417 2887 ln
435 2865 485 2888 Vat.
503 2865 647 2888 desideratur
659 2865 736 2888 ultima
750 2866 806 2887 baec
818 2865 946 2893 propositio
958 2864 1022 2887 Nam
1039 2862 1155 2894 quaelibet

306 2908 356 2930 etc„
374 2910 433 2933 quae
452 2908 526 2926 tamen
544 2907 616 2927 exstat
633 2905 654 2926 in
673 2910 728 2926 mss.
745 2907 766 2927 et
784 2903 820 2926 ed.
842 2905 859 2925 1.

1270 2628 1280 2643 ⁶
1298 2628 1348 2651 Vat.
1365 2627 1398 2651 ad
1413 2627 1494 2651 divina
1510 2626 1592 2650 debeat
1602 2627 1651 2649 loco
1663 2626 1769 2650 debuerit
1784 2625 1822 2654 ibt,
1837 2625 1878 2648 sed
1890 2629 1968 2648 contra
1981 2625 2056 2651 Codd.,

1208 2674 1309 2697 quorum
1326 2671 1401 2690 tamen
1419 2667 1497 2695 plures
1514 2673 1567 2689 cuni
1585 2666 1621 2689 ed.
1644 2667 1648 2688 1
1670 2666 1756 2688 habent
1772 2664 1856 2689 debuit.

1272 2705 1280 2718 ⁷
1298 2706 1359 2729 Licet
1376 2705 1487 2734 particula
1503 2704 1535 2728 ibt
1551 2704 1743 2733 superabundare
1767 2704 1888 2732 videatur,
1913 2702 2059 2732 exigentibus

1210 2748 1286 2768 tamen
1303 2745 1409 2773 plurimis
1426 2750 1480 2767 mss.
1498 2747 1520 2766 et
1536 2743 1572 2766 ed.
1595 2744 1620 2772 l,
1646 2750 1698 2766 eam
1721 2744 1869 2766 inseruimus.
1888 2743 1938 2765 Mox
1963 2743 1985 2764 in
2010 2742 2058 2770 plu·

1209 2785 1275 2807 rimis
1291 2790 1346 2806 mss.
1363 2785 1386 2806 et
1402 2783 1438 2805 ed.
1460 2783 1465 2805 1
1488 2783 1599 2805 omittitur
1616 2783 1694 2805 minus
1710 2788 1812 2810 congrue
1829 2787 1916 2804 momen
1936 2786 2059 2810 personae.

1210 2823 1266 2845 Dein
1285 2823 1334 2845 Vat.
1352 2824 1430 2844 contra
1448 2828 1504 2844 mss.
1521 2824 1542 2844 et
1560 2821 1597 2844 ed.
1618 2822 1627 2844 'l
1648 2821 1678 2845 Et
1694 2820 1758 2852 quod
1775 2821 1825 2843 loco
1844 2819 1913 2849 Quod
1929 2820 2017 2843 autem.

1274 2861 1284 2876 Β
1301 2861 1356 2889 Hic,
1374 2867 1394 2884 c.
1413 2861 1434 2883 ri.
1452 2861 1474 2883 in
1492 2860 1544 2883 fine.
