2253 3317
919 152 1104 181 DISTINCTIO
1126 152 1143 180 I.
1860 147 1896 175 29

503 259 938 308 COMMENTARIUS
971 259 1033 306 IN
1065 257 1501 306 DISTINGTIONEM
1535 256 1568 303 Ι.

464 351 577 385 Divisio
615 350 682 384 libri
720 350 946 384 Sententiarum
983 355 1011 382 et
1048 349 1211 394 disputatio
1249 348 1327 382 circa
1363 349 1436 391 frui
1471 352 1499 380 et
1535 347 1593 380 uti.

697 431 803 460 Veteris
823 440 859 459 ac
880 439 971 459 uovcte
993 430 1075 468 Leyis
1096 430 1302 459 continentiam
1322 432 1373 458 etc.

896 504 1019 551 DIVISIO
1042 504 1178 532 TEXTUS.

248 592 276 620 111
297 593 376 629 parte
396 591 448 620 ista
468 591 563 628 incipit
584 593 717 619 tractatus
743 589 823 624 libri,
844 589 892 626 qui
913 588 1009 617 dividi-

170 641 217 667 tur
237 638 266 667 in
291 641 411 675 quatuor
436 637 522 666 libros
546 636 686 673 partiales.
716 636 808 664 Prima
835 643 901 673 pars
925 635 1010 664 habet

171 685 242 714 duas
262 687 364 722 partes.
386 684 416 712 111
432 684 535 720 prima
560 686 639 720 parte
664 685 782 711 venatur
807 683 935 719 Magister
956 689 1011 710 ina-

169 732 270 760 teriam
296 731 382 759 huius
407 731 470 759 libri
497 733 523 759 et
548 738 598 767 per
628 737 799 766 consequens
828 729 957 757 aliorum.
982 728 1012 756 In

169 777 299 806 secunda
313 777 478 813 exsequitur
493 777 657 806 divisionem
672 783 765 810 suain,
780 783 851 812 quae
865 774 961 811 incipit
975 774 1012 802 ibi

172 824 346 853 distinctione
381 824 503 853 secunda
518 824 544 852 ¹:
575 824 636 852 Hoc
668 823 764 860 itaque
794 830 865 850 vera
896 829 932 849 110
959 820 1013 858 pict

172 868 228 906 fide
248 872 299 898 etc.

251 917 318 946 Item
336 917 438 954 prima
469 924 544 953 pars,
576 917 603 945 in
634 924 690 953 qua
720 918 838 944 venatur
868 913 1014 943 materiam

173 963 258 992 habet
278 963 349 992 duas
363 964 373 978 ²
393 967 495 1000 partes.
517 964 547 991 In
571 963 662 1000 prima
687 965 766 1000 parte
790 964 908 991 venatur
932 963 1016 989 mate-

174 1010 246 1038 riam
260 1017 310 1047 per
332 1009 489 1042 divisiones,
510 1013 538 1038 et
558 1010 620 1038 ideo
638 1009 736 1047 primo
751 1009 828 1046 ponit
842 1008 1015 1041 dlvisionem‚

174 1064 225 1093 per
246 1063 330 1093 quain
351 1056 562 1093 distinguuntur
583 1059 640 1085 tres
661 1056 724 1084 libri
746 1064 763 1084 a
783 1058 892 1092 quarto,
913 1054 1017 1083 scilicet

175 1110 226 1140 per
247 1111 294 1130 res
315 1104 342 1131 et
365 1102 460 1139 5191111.
487 1102 617 1130 Secundo
632 1102 641 1117 ³
661 1102 739 1139 ponit
763 1101 946 1135 divisionem,
967 1108 1017 1137 per

177 1157 262 1186 quam
282 1149 463 1185 distinguitur
484 1149 593 1186 primus
618 1148 688 1177 liber
707 1156 724 1176 a
744 1148 835 1177 tribus
855 1147 926 1182 aliis,
946 1155 1018 1184 quae

177 1198 219 1224 est
239 1203 290 1232 per
310 1193 378 1232 frui
397 1197 424 1223 et
444 1195 498 1229 uti,
520 1194 576 1223 ibi:
600 1195 635 1223 Id
658 1203 726 1232 erqo
754 1194 785 1223 in
811 1193 899 1222 rebus
930 1193 1020 1222 001151-

178 1241 343 1270 derandum
357 1240 375 1269 ⁴.

256 1288 339 1322 Item,
356 1287 458 1324 prima
472 1295 538 1324 pars
553 1287 636 1316 habet
657 1289 714 1316 tres
735 1286 895 1324 particulas.
916 1286 945 1314 ln
960 1286 1022 1323 pri-

177 1343 230 1363 ma
250 1334 380 1371 proponit
401 1334 565 1362 divisionem
580 1335 607 1362 et
622 1333 786 1361 auctoritate
801 1332 945 1369 Augustini
960 1340 1022 1361 con-

181 1380 275 1409 firmat
296 1388 367 1415 earn,
388 1388 461 1417 quae
481 1382 531 1414 est,
553 1380 628 1417 quod
650 1382 706 1408 tota
721 1379 846 1408 doctrina
866 1379 1021 1415 theologica

180 1430 223 1456 est
242 1427 277 1455 de
298 1426 391 1461 rebus,
412 1426 457 1455 vel
478 1426 513 1455 de
534 1426 628 1463 signis,
653 1426 681 1454 id
706 1428 756 1460 est,
772 1425 929 1454 subiectum
950 1433 1022 1453 com-

181 1481 266 1502 mune
287 1473 441 1509 theologiae
462 1473 490 1501 in
511 1472 579 1501 haec
599 1472 655 1501 duo
677 1472 820 1501 dividitur.
842 1472 872 1499 In
892 1471 1022 1499 secunda

182 1520 309 1549 membra
329 1519 472 1548 divisionis
493 1519 633 1556 explanat,
654 1518 710 1547 ibi:
726 1518 852 1555 Proprie
867 1521 965 1546 autem
976 1516 1022 1545 1110

180 1575 229 1595 res
249 1566 445 1604 appellantur,
466 1566 623 1599 ostendens,
645 1565 713 1602 quid
734 1565 769 1594 sit
788 1572 835 1594 res
855 1567 883 1593 et
901 1565 969 1601 quid
991 1565 1024 1593 51-

183 1620 270 1649 gnum
294 1612 450 1641 secundum
475 1612 602 1641 membra
632 1612 791 1648 praedictae
822 1611 972 1640 divisionis.
994 1611 1024 1639 111

186 1659 271 1689 tertia
293 1666 360 1688 vero
380 1658 518 1695 particula
539 1658 702 1687 divisionem
728 1658 764 1686 ad
784 1658 959 1695 propositum
980 1666 1026 1694 ap-

184 1706 286 1743 plicat,
315 1704 370 1733 ibi:
408 1704 535 1741 Cumque
570 1703 614 1732 1115
642 1704 797 1732 intenderit
829 1703 1025 1741 theologorum

184 1751 359 1790 speculata),
388 1750 495 1784 dicens,
523 1750 597 1787 quod
626 1750 661 1779 de
689 1750 774 1779 rebus
802 1753 830 1779 et
855 1751 941 1787 signis
968 1750 1027 1779 sit⁵

185 1799 322 1832 dicturus,
342 1797 433 1834 primo
454 1799 546 1824 tamen
567 1796 602 1824 de
623 1796 717 1825 rebus.

264 1844 341 1878 116111,
355 1850 421 1880 pars
435 1842 491 1876 illa,
506 1842 534 1870 in
549 1850 604 1879 qua
618 1842 695 1879 ponit
709 1842 873 1871 divisionem
894 1849 944 1879 per
964 1841 1031 1879 frui

187 1895 215 1920 et
234 1890 287 1925 uti,
308 1897 359 1927 per
380 1897 465 1926 quam
487 1889 595 1926 primus
617 1888 687 1917 liber
708 1888 889 1925 distinguitur
913 1889 948 1917 ab
968 1889 1030 1917 aliis

188 1937 288 1972 tribus,
309 1936 394 1965 habet
415 1935 485 1964 duas
507 1939 609 1971 partes.
637 1935 666 1963 In
689 1934 791 1971 prima
818 1935 895 1971 ponit
922 1935 1031 1963 divisio-

188 1992 253 2013 nem
284 1986 311 2013 et
336 1982 468 2019 explanat
495 1982 584 2019 ipsam
598 1981 615 2009 5.
644 1981 673 2009 111
703 1982 832 2010 secunda
859 1990 931 2019 quae
958 1982 1031 2011 dicta

189 2033 255 2060 sunt
286 2029 427 2067 epilogat,
462 2028 517 2056 1111;
554 2027 691 2056 Omnium
720 2028 830 2065 iqitur,
858 2037 932 2066 quae
953 2028 1032 2057 dicta

188 2081 259 2107 511111
268 2080 319 2106 etc.
332 2076 439 2104 Prima
457 2075 540 2112 igitur
554 2082 620 2112 pars
635 2075 719 2104 habet
734 2078 790 2104 tres
804 2078 916 2112 partes:
936 2075 964 2103 in
979 2076 1033 2112 pri-

1067 596 1111 616 ma
1125 589 1202 625 ponit
1216 589 1380 617 divisionem
1394 588 1422 616 in
1436 595 1491 622 res,
1510 587 1612 625 quibus
1632 586 1792 621 fruendum,
1813 589 1840 615 et
1861 594 1906 615 res

1067 634 1169 671 quibus
1183 635 1337 663 utendum:
1353 635 1380 663 in
1396 634 1518 663 secunda
1537 633 1573 662 ad
1587 634 1721 662 maiorem
1739 632 1908 662 evidentiam

1068 681 1188 717 assignat
1212 681 1348 718 quasdam
1372 680 1554 715 definitiones,
1579 680 1633 708 ibi:
1659 680 1737 708 Frui
1752 682 1850 708 autem
1868 682 1909 707 est

1068 734 1168 755 amore
1182 726 1334 755 inhaerere
1348 730 1397 756 etc.
1413 727 1442 755 ln
1456 727 1537 755 tertia
1551 734 1618 755 vero
1631 726 1761 763 proponit
1781 728 1808 755 et
1822 726 1910 754 deter-

1070 773 1155 801 minat
1176 773 1312 809 quasdam
1333 773 1527 807 dubitationes,
1548 773 1600 801 ibi:
1625 772 1697 801 Cum
1711 775 1809 800 autent
1823 770 1911 800 1101111-

1069 826 1134 853 nes,
1156 819 1207 856 qui
1226 817 1373 855 fruuntur
1395 822 1419 847 et
1440 821 1565 846 utuntur
1586 821 1636 847 etc.

1150 864 1181 892 Et
1201 864 1229 892 in
1250 864 1341 901 prima
1368 864 1505 902 particula
1525 865 1616 902 primo
1640 864 1718 901 ponit
1747 864 1911 893 divisionem

1075 911 1231 940 secundum
1258 912 1451 940 auctoritatem
1477 911 1637 948 Augustini,
1668 912 1790 940 secundo
1820 918 1912 940 exem-

1071 957 1191 994 plificat,
1213 957 1268 986 ibi:
1291 957 1379 991 111010,
1401 957 1505 995 quibus
1525 955 1687 994 fruendum
1708 960 1758 986 etc.
1772 958 1790 985 ⁷.

1152 1004 1230 1032 Frui
1249 1008 1347 1033 autem
1369 1008 1410 1032 651
1428 1013 1529 1033 amore
1550 1003 1708 1033 inhaerere.
1731 1004 1800 1033 Haec
1819 1012 1914 1033 secun-

1074 1051 1109 1079 da
1122 1050 1131 1065 ⁸
1151 1051 1289 1088 particula
1310 1051 1385 1079 illius
1406 1051 1509 1088 partis,
1531 1052 1557 1080 in
1578 1060 1634 1089 qua
1653 1052 1730 1089 ponit
1750 1052 1915 1081 divisionem

1074 1097 1102 1125 in
1121 1105 1177 1134 qua
1197 1097 1378 1134 distinguitur
1392 1098 1501 1134 primus
1515 1098 1586 1126 liber
1601 1098 1636 1127 ab
1650 1098 1711 1127 aliis
1725 1098 1824 1133 tribus,
1844 1105 1915 1135 quae

1075 1146 1116 1172 est
1147 1143 1182 1172 de
1209 1143 1379 1180 quibusdam
1409 1143 1656 1179 notificationibus,
1683 1147 1803 1181 quatuor
1833 1144 1918 1173 habet

1075 1190 1234 1227 particulas.
1246 1190 1338 1219 Primo
1348 1191 1423 1219 enim
1434 1190 1511 1227 ponit
1525 1190 1724 1220 notificationes
1734 1189 1802 1227 frui
1814 1194 1841 1219 et
1856 1190 1902 1218 uti
1907 1201 1917 1224 ;

1077 1238 1199 1267 secundo
1219 1237 1340 1274 applicat
1360 1245 1407 1266 eas
1428 1237 1464 1265 ad
1479 1238 1668 1274 propositum,
1689 1238 1793 1267 scilicet
1807 1237 1843 1266 ad
1857 1245 1917 1272 res,

1077 1284 1179 1320 quibus
1198 1284 1351 1312 fruendum
1371 1286 1413 1312 est
1426 1282 1436 1297 ⁹
1456 1286 1484 1312 et
1504 1283 1659 1317 utendum,
1679 1283 1734 1312 ibi:
1754 1285 1808 1312 Res
1826 1283 1919 1321 1911111·

1077 1330 1181 1368 quibus
1201 1329 1363 1367 fruendum
1374 1340 1384 1363 ;
1405 1330 1486 1358 tertio
1506 1333 1649 1367 comparat
1668 1330 1703 1359 ad
1719 1330 1787 1359 alias
1801 1330 1921 1366 assigna-

1078 1378 1181 1412 tiones,
1202 1377 1258 1406 ibi:
1280 1377 1449 1406 Notandum
1473 1385 1558 1410 vero,
1583 1377 1660 1414 quod
1684 1377 1759 1405 idem
1784 1376 1922 1414 Auyusti-

1077 1433 1156 1458 nus,-
1169 1427 1284 1461 quarto,
1300 1424 1365 1461 quia
1380 1424 1510 1452 videntur
1522 1424 1541 1438 ¹⁰
1555 1424 1607 1452 sibi
1620 1423 1818 1457 contradicere,
1829 1426 1923 1451 movet

1078 1473 1105 1499 et
1117 1470 1284 1499 determinat
1297 1470 1439 1507 quandam
1454 1469 1670 1504 dubitationem,
1686 1470 1723 1498 ibi
1736 1481 1742 1498 :
1762 1470 1799 1498 Et
1811 1469 1923 1498 attende

1079 1516 1156 1554 quod
1175 1516 1289 1544 videtur
1310 1515 1497 1553 Auyustiuus
1516 1515 1611 1544 dicere
1630 1518 1681 1544 etc.

1160 1562 1233 1591 Cum
1253 1566 1350 1590 autem
1364 1561 1502 1595 ltomtneS,
1517 1562 1569 1599 qui
1584 1560 1732 1599 fruuntur
1747 1566 1771 1591 et
1789 1566 1924 1591 utuntur.

1080 1609 1151 1639 Haec
1172 1609 1253 1638 tertia
1273 1616 1355 1646 pars,
1376 1609 1405 1637 in
1425 1616 1482 1645 qua
1500 1611 1593 1636 movet
1613 1610 1640 1636 et
1661 1611 1760 1637 tractat
1780 1608 1926 1637 dubitatio-

1081 1665 1130 1686 nes
1160 1656 1305 1694 quasdam,
1326 1655 1411 1684 habet
1430 1658 1488 1684 tres
1508 1657 1602 1692 partes
1623 1655 1778 1684 secundum
1799 1658 1856 1684 tres
1877 1655 1926 1683 du-

1083 1703 1243 1736 bitationes,
1258 1709 1379 1738 quarum
1395 1701 1412 1715 ¹¹
1423 1701 1527 1738 prima
1541 1703 1591 1735 est,
1605 1703 1702 1729 utrum
1716 1701 1800 1729 1101110
1814 1701 1926 1729 homine

1084 1749 1183 1778 debeat
1196 1748 1266 1782 frui,
1280 1747 1426 1781 secunda,
1445 1750 1542 1776 utrum
1563 1747 1638 1776 Deus
1668 1747 1780 1776 homine
1800 1747 1926 1782 fruatur,

1084 1795 1129 1824 vel
1149 1796 1261 1828 utatur,
1281 1796 1309 1822 et
1328 1793 1400 1822 hanc
1420 1797 1514 1822 movet
1541 1794 1594 1822 ibi:
1623 1794 1680 1822 Sed
1698 1802 1765 1822 cum
1788 1794 1867 1822 Deus
1888 1793 1928 1822 di-

1086 1841 1157 1878 119111
1178 1843 1249 1874 etc.;
1271 1839 1358 1868 tertia
1383 1839 1508 1876 quaestio
1523 1839 1543 1854 ¹²
1572 1842 1629 1874 est,
1653 1842 1749 1868 utrum
1777 1839 1928 1868 virtutibus

1087 1889 1121 1917 sit
1141 1887 1306 1921 fruendum,
1320 1887 1364 1915 vel
1379 1887 1529 1921 utendum,
1544 1887 1596 1915 ibi:
1612 1886 1667 1915 Hic
1682 1886 1928 1915 considerandum

1087 1938 1135 1970 est,
1147 1938 1249 1963 utrum
1259 1933 1418 1961 virtutibus
1435 1935 1486 1961 etc.
1499 1934 1530 1962 Et
1541 1933 1569 1961 in
1583 1933 1706 1969 qualibet
1717 1933 1834 1961 istarum
1842 1933 1929 1961 trium

1088 1981 1211 2019 partium
1230 1981 1322 2018 primo
1343 1983 1436 2009 movet
1456 1981 1662 2017 quaestionem,
1684 1980 1806 2009 secundo
1825 1982 1929 2008 motam

1088 2027 1270 2061 determinat,
1292 2026 1373 2055 tertio
1393 2026 1653 2055 determinationem
1672 2033 1723 2063 per
1737 2026 1930 2054 auctoritatem

1089 2074 1242 2103 confirmat.
1265 2073 1295 2101 Et
1315 2073 1469 2110 particulae
1483 2073 1511 2101 in
1525 2073 1584 2101 suis
1598 2072 1665 2101 locis
1684 2075 1749 2101 sunt
1759 2072 1928 2108 manifestae.

254 2185 262 2200 ¹
280 2185 338 2213 Vnt„
350 2186 402 2212 post
413 2189 483 2206 suam
500 2183 605 2205 addendo
622 2184 644 2206 et
660 2182 710 2212 1100,
723 2184 849 2211 transponit
863 2184 933 2206 verba
951 2183 1001 2207 dist.
1015 2182 1033 2208 2

193 2227 244 2248 ante
261 2224 382 2246 relativum
399 2228 474 2252 quae,
491 2221 532 2244 sed
549 2225 626 2245 contra
644 2228 697 2244 mss.
716 2225 739 2245 et
755 2222 791 2245 ed.
811 2223 831 2244 1.

256 2262 267 2277 ²
282 2262 333 2285 Vat.
351 2262 420 2289 paulo
436 2261 508 2288 intra,
526 2260 733 2283 contradicentibus
750 2266 805 2283 mss.
822 2264 845 2283 et
856 2260 892 2283 ed.
911 2262 931 2289 l,
943 2262 1034 2284 tertium

194 2301 326 2324 membrum
344 2299 506 2322 subdivisionis
523 2298 670 2326 adiungendo
686 2299 749 2326 ponit
769 2299 805 2321 1110
823 2300 870 2321 tres
887 2299 936 2321 loco
954 2298 1014 2322 duas
1026 2307 1035 2327 ,-

194 2340 236 2362 56(1
253 2340 308 2361 falso
319 2356 324 2367 ,
342 2339 373 2360 1111
386 2344 413 2360 ex
425 2337 528 2360 dicendis
540 2337 632 2365 patebit.
644 2337 713 2359 Error
725 2336 839 2359 editorum
852 2337 903 2360 Vat.
915 2337 972 2360 sorte
984 2337 1037 2360 inde

196 2379 316 2407 provenit,
334 2376 397 2406 quod
414 2377 457 2404 ipsi
474 2379 592 2404 putarent.⁷
610 2382 652 2403 per
669 2375 740 2397 verba
765 2375 897 2398 immediate
919 2377 1036 2404 sequentia

194 2418 223 2440 In
241 2416 323 2447 prima
345 2416 414 2445 porte
436 2415 558 2443 significari
576 2415 675 2442 primam
692 2418 781 2442 partem
799 2415 969 2443 subdivisionis,
983 2422 1036 2438 cum

195 2458 271 2478 tamen
297 2460 378 2477 revera
403 2460 444 2482 per
470 2454 505 2475 illa
522 2453 576 2475 nihil
594 2452 655 2475 aliud
672 2453 813 2481 significetur
833 2454 875 2475 nisi
892 2454 967 2481 prima
984 2460 1038 2482 pars

196 2493 329 2522 principalis
345 2493 358 2514 i.
377 2498 396 2514 e.
414 2494 460 2514 tota
477 2492 551 2519 prima
568 2491 688 2513 distinctio.

258 2532 268 2547 ³
284 2532 423 2554 Auctoritate
442 2530 508 2552 codd.
526 2533 548 2552 et
565 2530 600 2552 cd.
620 2530 628 2551 l
650 2529 810 2552 substituimus
826 2529 928 2553 secundo
955 2536 997 2559 pro
1014 2529 1039 2553 iu

195 2571 315 2598 secunda,
333 2570 462 2598 postulante
480 2570 524 2591 hoc
540 2569 635 2596 insuper
657 2571 777 2597 contextu,
795 2575 848 2591 011111
865 2568 967 2592 secundo
984 2570 1039 2591 refe-

197 2613 260 2632 ratur
277 2609 307 2631 ad
321 2608 401 2638 primo
419 2608 487 2636 paulo
505 2608 612 2636 superius
629 2609 736 2636 positum.

260 2647 269 2662 ⁴
286 2647 350 2669 Nullo
368 2646 519 2674 adstipulante
536 2652 589 2668 mss.
607 2652 648 2668 nec
665 2646 755 2668 favente
771 2645 807 2668 ed.
826 2646 835 2667 ’1
852 2646 918 2673 ‚Vat
937 2646 1040 2673 adiungit

198 2688 235 2709 hic
252 2687 280 2708 In
297 2685 366 2709 tertia
383 2684 523 2708 determinat
544 2684 697 2707 dubitationes
723 2684 840 2714 quasdam
857 2690 887 2707 ecc
903 2684 1040 2714 praemissis

199 2726 265 2748 ortas
274 2742 280 2752 ,
298 2724 345 2746 ibi:
364 2723 423 2746 Cum
440 2724 518 2746 autem
530 2722 633 2745 homines
643 2741 649 2750 ‚
662 2722 703 2752 qui
712 2723 830 2752 fruuntur
839 2731 847 2750 ,·
860 2722 901 2745 sed
912 2723 975 2751 salso,
988 2729 1039 2745 cum

200 2765 256 2787 haec
272 2769 326 2792 pars
344 2764 372 2785 sit
387 2763 451 2784 tertia
469 2762 578 2790 particula
595 2761 758 2784 subdivisionis
775 2762 845 2789 partis
862 2762 957 2789 primae,
975 2762 1040 2783 sicuti

199 2803 257 2825 intra
275 2807 383 2829 expresse
400 2800 503 2822 habetur.

262 2841 271 2855 ⁵
288 2840 370 2863 Contra
388 2840 529 2868 antiquiores
546 2838 612 2861 codd.
629 2841 652 2861 et
668 2838 703 2861 ed.
717 2839 725 2861 ¹1
742 2839 817 2861 minus
829 2838 888 2861 bene
899 2839 949 2861 Vat.
961 2838 1039 2868 suerit.

201 2880 251 2902 Mox
267 2879 334 2902 codd.
352 2878 390 2901 CS
408 2884 433 2900 cc
451 2878 541 2900 Iterum
557 2883 600 2905 pro
617 2877 680 2900 Item.

1151 2183 1161 2197 6
1177 2182 1232 2205 Fide
1248 2188 1303 2205 mss.
1321 2184 1343 2204 et
1359 2181 1395 2204 ed.
1414 2182 1422 2203 1
1444 2181 1605 2209 supplevimus
1626 2182 1647 2203 et
1671 2179 1786 2210 explanat
1808 2179 1886 2210 ipsam
1910 2182 1932 2202 et

1090 2228 1143 2244 mox
1160 2228 1186 2244 ex
1204 2222 1251 2243 sere
1268 2220 1376 2243 omnibus
1393 2220 1460 2243 codd.
1479 2226 1533 2242 cum
1549 2220 1585 2242 ed.
1604 2221 1612 2241 sl
1634 2222 1686 2248 post
1701 2218 1784 2242 Prima
1801 2218 1932 2241 addidimus

1091 2259 1180 2289 iqitur,
1198 2266 1240 2287 pro
1258 2265 1304 2288 quo
1322 2258 1389 2281 codd.
1407 2259 1423 2280 P
1440 2261 1463 2281 et
1479 2259 1498 2286 Q
1515 2258 1600 2280 liabent
1615 2257 1709 2280 iterum.

1155 2297 1165 2312 ⁷
1181 2298 1212 2320 lta
1229 2304 1283 2320 mss.
1302 2303 1355 2320 cum
1372 2297 1408 2319 ed.
1428 2297 1435 2318 11
1451 2304 1456 2324 ,·
1474 2297 1495 2318 111
1513 2296 1563 2318 Vat.
1582 2298 1658 2318 autem
1675 2295 1815 2323 subdivisio,
1828 2300 1887 2323 quac-
1903 2295 1934 2316 in-

1093 2338 1148 2365 cipit
1164 2343 1177 2359 a
1188 2327 1272 2359 ‘verbis
1289 2335 1320 2358 Et
1335 2335 1359 2358 111
1373 2335 1455 2365 prima
1471 2333 1591 2364 particula
1614 2341 1687 2363 usque
1710 2334 1739 2356 ad
1755 2333 1817 2357 Frui
1840 2334 1933 2361 autem,

1093 2375 1163 2397 deest.

1156 2412 1166 2427 ³³
1182 2413 1232 2434 Vat.
1251 2413 1287 2434 hic
1305 2413 1442 2434 interserens
1463 2411 1562 2433 verbum
1585 2412 1625 2439 est,
1648 2410 1678 2432 ob
1704 2411 1814 2432 variatam
1836 2412 1936 2432 constru-

1094 2453 1192 2474 0110110111
1210 2452 1232 2473 111
1259 2451 1304 2473 fine
1327 2451 1489 2478 propositionis
1515 2452 1566 2472 ante
1591 2450 1696 2479 quatuor
1720 2449 1844 2477 praefixam
1868 2448 1937 2471 habet

1095 2491 1230 2519 particulam
1258 2491 1296 2518 et;
1324 2491 1419 2518 insuper
1444 2490 1466 2511 in
1492 2488 1567 2510 media
1592 2489 1748 2516 propositione
1770 2490 1822 2516 post
1847 2487 1937 2510 divisio-

1095 2536 1149 2553 nem
1165 2536 1207 2558 pro
1224 2529 1250 2552 in
1267 2535 1314 2558 qua
1332 2529 1396 2556 ponit
1410 2534 1454 2557 per
1479 2533 1567 2557 quam,
1593 2527 1634 2549 sed
1659 2526 1866 2549 contradicentibus
1882 2532 1936 2548 mss.

1095 2572 1117 2591 et
1133 2569 1168 2591 ed.
1188 2569 1207 2590 l.

1157 2607 1166 2621 ⁹
1183 2606 1237 2628 Fide
1254 2612 1309 2628 mss.
1327 2608 1349 2628 et
1365 2605 1401 2627 ed.
1420 2606 1428 2627 1
1450 2604 1557 2626 addimus
1574 2605 1613 2626 est.

1159 2644 1178 2659 1⁰
1194 2645 1225 2667 lta
1242 2645 1334 2672 plurimi
1352 2643 1418 2665 codd.
1431 2646 1455 2665 ut
1466 2641 1761 2664 ACFGIKRTVXWZ
1778 2644 1819 2664 etc.
1832 2644 1854 2663 et
1870 2640 1906 2663 ed.
1925 2641 1933 2662 vt

1097 2690 1184 2706 necnon
1202 2686 1275 2706 textus
1291 2682 1391 2710 Magistri
1408 2681 1506 2703 Sentent.
1527 2683 1605 2703 contra
1624 2681 1674 2702 Vnt.
1686 2698 1691 2708 ,
1704 2686 1762 2708 quae
1775 2678 1939 2702 liabetvidere-

1097 2724 1148 2750 tur,
1166 2724 1188 2744 et
1204 2722 1292 2749 aliquos
1310 2719 1376 2742 codd.
1394 2721 1419 2742 ut
1436 2718 1539 2747 HLos,
1558 2719 1597 2747 qui
1614 2719 1692 2746 legunt
1708 2717 1806 2740 ridetur.

1160 2760 1177 2774 Π
1196 2760 1226 2781 Ex
1243 2758 1410 2787 antiquioribus
1427 2763 1480 2780 mss.
1498 2759 1520 2779 et
1536 2757 1572 2779 ed.
1597 2757 1605 2778 sl
1635 2756 1796 2784 supplevimus
1820 2761 1938 2785 quarum,

1097 2799 1162 2821 sicuti
1180 2801 1201 2820 et
1218 2797 1287 2825 paulo
1305 2797 1362 2818 intra
1380 2798 1431 2824 post
1447 2795 1547 2825 fruatur
1565 2794 1725 2816 substituimus
1741 2793 1778 2816 ret
1794 2799 1837 2822 pro
1854 2794 1881 2815 et.

1162 2837 1181 2851 ¹2
1198 2837 1289 2859 Praeter
1306 2835 1376 2858 fidem
1394 2841 1447 2857 mss.
1466 2837 1487 2856 et
1504 2833 1539 2856 ed.
1559 2834 1566 2855 t
1590 2834 1670 2855 omittit
1687 2833 1737 2855 Vat.
1755 2832 1866 2862 quaestio.
