2253 3317
43 530 132 548 Solvuntu
135 535 143 548 r

15 558 66 576 111-ἔς,
79 555 144 572 contra

16 577 127 595 seutentiam

17 599 106 623 Magistri.

59 867 142 890 Quatuor

16 895 85 916 genera
111 896 145 909 uo-

17 918 94 932 minum.

729 123 811 151 DIST.
834 123 886 153 Vll.
908 123 980 151 ΛΒΤ.
1002 122 1118 152 UNICUS
1139 123 1274 159 QUAEST.
1297 123 1315 151 i.

154 202 347 231 habitudinem
368 201 423 230 ad¹
454 201 605 237 originem,
637 204 665 230 et
696 201 758 229 ideo
787 203 878 238 potest
904 200 997 229 dicere

154 248 348 277 habitudinem
378 247 522 284 propriam
551 251 579 276 et.
609 255 746 285 personae
777 247 813 276 ad
838 254 997 284 personam.

155 295 231 324 Unde
250 294 319 323 illud
341 294 430 322 simile
451 294 573 330 Magistri
587 302 642 322 non
661 294 735 322 valet
755 294 911 322 seeundum
926 294 999 322 hano

154 340 327 377 positionem,
341 339 453 376 qu0d²‚
475 340 547 369 sieut
567 349 624 369 una
638 344 680 369 est
701 340 846 374 voluntas,
868 348 921 377 qua
953 339 1000 368 Pa-

154 389 196 415 ter
217 386 278 414 vult
298 394 359 414 esse
381 386 459 414 Pater
481 389 507 414 et
523 394 576 414 non
592 386 653 415 vult
668 394 729 415 esse
744 386 844 419 Filius,
865 389 892 414 et
907 394 922 414 e
937 394 999 414 oon·
1026 384 1028 407 ³«

155 440 253 467 verso,
276 432 402 461 similiter
423 441 480 461 una
501 435 543 461 est
565 433 703 470 potentia,
724 435 756 460 ut
777 432 899 461 videtur.

233 479 259 507 Si
281 480 344 516 quis
364 481 456 508 autem
480 480 541 507 vult
569 479 707 508 sustinere
731 479 897 516 positionem
919 479 999 516 Magi-

155 526 219 559 stri⁷
241 526 276 554 de
296 525 369 554 facili
390 528 481 563 potest
502 526 537 554 ad
569 534 666 555 omnes
698 526 819 554 rationes
841 525 868 553 in
891 525 999 562 opposi-
1027 558 1028 562 Ἰ

155 575 216 601 tum
237 573 416 610 respondere.

237 620 260 648 1.
283 620 350 648 Nam
371 620 449 648 nulla
470 620 541 648 ratio
568 620 683 657 probat,
706 620 780 657 quod
812 619 933 657 potentia
964 619 999 648 de
1027 633 1029 655 t

155 673 184 694 se
199 666 272 695 dicat
286 666 442 703 proprium,
452 667 500 695 sed
516 666 591 703 quod
606 667 728 704 potentia
743 666 895 703 generandi
910 666 999 694 active
1027 685 1029 689 ·

156 712 229 741 diota
256 713 314 742 sive
342 721 426 750 posse
454 722 597 751 yenerare
625 714 698 742 dieat
729 721 765 742 ex
795 713 928 742 adiuncto
958 720 1000 741 re-

157 762 283 796 spectum
304 760 340 788 ad
362 768 520 797 personam,
544 763 573 789 et
594 760 633 788 ita
653 760 719 789 dicit
740 760 781 788 acl
801 759 916 797 aliquid
922 770 932 793 ;
953 759 1003 788 sed

156 806 208 835 1100
222 809 265 835 est
279 806 370 835 solum
385 807 492 835 ratione
507 807 602 836 additi.
619 807 695 836 Unde
708 807 717 820 ³
739 807 902 841 notandum,
924 806 1000 844 quod

155 855 276 889 quatuor
297 855 363 881 sunt
384 861 486 890 genera
507 854 653 882 nominum
675 853 703 881 in
725 853 834 882 divinis.
857 853 1000 889 Quaedam

156 899 232 928 enim
253 900 419 928 essentialia
441 903 506 929 sunt
528 900 601 929 dieta.
622 900 830 934 essentialiter,
853 903 884 928 ut
912 899 1001 928 deitas

157 948 184 974 et
198 946 344 980 maiestas3
364 947 502 983 quaedam
518 946 685 975 essentialia
703 946 898 984 personaliter
920 946 1001 981 diota,

156 995 187 1021 ut
201 993 323 1029 potentia
337 993 504 1030 generandi;
520 994 660 1030 quaedam
671 993 844 1031 personalia
856 993 929 1022 diota
937 1002 1002 1030 per-

1845 122 1897 151 137

1055 200 1139 228 nalia
1171 200 1244 228 dicta
1265 200 1472 235 essentialiter,
1494 204 1525 230 ut
1545 202 1665 236 missus,
1686 202 1848 230 incarnatus
1869 203 1901 229 et

1055 246 1244 280 huiusmodi⁴,
1265 254 1337 283 quae
1358 247 1455 275 dieunt
1480 251 1639 285 respectum
1667 248 1703 277 ad
1731 255 1899 285 personam,

1055 295 1082 321 et
1105 286 1360 329 ideo'personalia,
1381 295 1408 321 et
1429 293 1558 322 effectum
1573 294 1601 322 in
1622 297 1767 328 ereatura,
1789 297 1816 323 et
1837 294 1899 322 ideo

1055 339 1239 368 essentialiter
1261 342 1326 367 sunt
1347 338 1428 367 dicta.

1134 387 1159 413 2.
1182 385 1298 414 Duabus
1319 385 1474 414 rationibus
1496 386 1678 423 sequentibus
1698 387 1777 415 facile
1798 390 1839 416 est
1860 395 1901 416 re-

1026 433 1028 436 ⁴
1055 432 1202 469 spondere,
1214 431 1279 468 quia
1295 431 1363 460 illud
1380 440 1434 460 non
1450 432 1534 460 habet
1548 433 1702 467 veritatem,
1718 433 1770 462 nisi
1785 433 1898 470 quando

1055 481 1134 507 actus
1165 478 1360 515 complectitur
1391 480 1476 506 totam
1504 478 1694 515 potentiam⁵3
1724 487 1778 508 non
1800 480 1838 508 sio
1859 483 1900 508 est

1055 525 1082 553 in
1104 525 1227 562 potentia
1247 525 1311 559 Dei,
1334 524 1400 562 quia
1421 524 1518 553 eadem
1541 527 1583 553 est
1603 525 1725 561 potentia
1746 526 1859 563 gignere
1873 529 1901 554 et

1055 572 1130 609 gigni
1152 572 1179 599 in
1201 571 1266 600 Deo.

1135 618 1161 647 3.
1176 618 1215 647 Ad
1237 618 1307 647 illud
1328 618 1404 655 quod
1418 618 1564 653 obiicitur,
1579 618 1654 655 quod
1670 618 1743 647 idem
1765 621 1806 647 est
1817 627 1901 655 posse

1056 673 1190 703 generare
1216 668 1243 693 et
1262 673 1425 703 yenerare;
1455 665 1605 693 dicendum
1618 688 1625 699 ,
1647 665 1722 702 quod
1742 673 1796 694 non
1819 666 1900 694 valet.

1054 712 1190 749 Quamvis
1211 712 1285 741 enim
1307 712 1381 740 idem
1403 712 1457 741 sit‘3
1483 712 1562 740 Pater
1590 714 1617 740 et
1644 711 1814 746 substantia,
1846 720 1901 740 non

1056 762 1149 788 tamen
1171 759 1314 796 sequitur,
1334 758 1410 796 quod
1432 759 1454 787 si
1476 758 1555 787 Pater
1587 758 1690 787 dicitur
1711 758 1751 786 acl
1772 758 1901 796 aliquia,

1056 806 1132 843 quod
1153 808 1180 834 et
1202 805 1373 839 substantia⁷
1396 805 1467 834 sieut
1490 805 1590 833 melius
1611 804 1715 842 patebit
1737 804 1809 832 infra
1823 805 1841 832 ⁷.

1134 853 1161 881 [ι.
1178 853 1202 881 5.
1217 852 1334 881 Duabus
1348 852 1456 880 ultimis
1470 852 1626 880 rationibus
1641 851 1753 880 difficile
1774 854 1816 880 est
1831 852 1902 880 bene

1055 899 1242 936 respondere:
1257 902 1351 927 tamen
1364 901 1455 936 potest
1470 899 1534 935 quis
1555 898 1662 933 dicere,
1685 898 1760 935 quod
1782 898 1903 927 rationes

1057 945 1121 974 illae
1142 953 1197 973 non
1212 945 1399 979 concludunt,
1421 945 1496 981 quod
1511 944 1633 981 potentia
1648 944 1721 973 dicat
1736 944 1777 972 acl
1790 944 1905 982 aliquid

1057 993 1091 1022 de
1106 1000 1144 1027 se,
1157 992 1203 1021 sed
1221 992 1313 1020 solum
1327 991 1434 1020 ratione
1449 991 1589 1025 adiuncti,
1604 991 1678 1028 quod
1695 994 1737 1020 est
1752 999 1904 1028 generare3

156 1039 311 1073 sonaliter,
333 1043 365 1068 nt
385 1048 522 1077 generans
543 1044 570 1069 et
601 1040 725 1077 genitus3
747 1040 885 1077 quaedam
903 1048 1001 1077 perso-

879 1154 1024 1190 Seno

220 1269 234 1289 1.
252 1268 274 1290 111
287 1267 438 1296 productione.
450 1267 581 1289 divinarum
598 1267 770 1289 emanationum
782 1266 930 1294 distinguitur
940 1266 1004 1295 prin·
1032 1282 1033 1297 3

157 1306 246 1339 eipiwm
262 1306 326 1336 quod
341 1309 364 1329 et
375 1306 523 1336 principium
548 1311 602 1335 qno.
627 1306 692 1334 ipsae
717 1311 830 1333 personae
851 1305 1005 1333 producentes

157 1348 211 1368 sunt
225 1345 371 1375 principium
387 1345 461 1375 qnod,
479 1351 533 1367 cum
550 1345 651 1367 actiones
668 1345 713 1366 sint
737 1345 920 1372 suppositorum.
937 1343 1005 1366 Prin·
1021 1348 1034 1356 ·’

157 1384 246 1414 cipiunt
262 1390 308 1414 quo
326 1385 385 1410 (sive
401 1385 471 1412 ratio,
489 1390 535 1412 qua
552 1384 701 1412 suppositum
718 1384 774 1411 agit)
800 1383 933 1405 divinarum
950 1389 1005 1411 pro-

157 1423 292 1446 ductionum
310 1424 463 1446 communiter
479 1424 588 1446 asseritur
611 1429 662 1445 esse
688 1423 812 1451 potentiam
839 1422 965 1450 generandi
982 1424 1004 1444 et

158 1462 268 1491 spirandi.
287 1462 333 1484 Sed
350 1462 495 1490 disputatur,
513 1461 570 1491 quid
586 1461 616 1484 sil
633 1463 689 1484 haec
706 1462 819 1489 potentia,
844 1463 867 1484 et
883 1462 942 1483 circa
961 1462 1005 1483 11οο

158 1502 252 1529 inquirit
277 1501 313 1523 hic
335 1501 357 1522 S.
383 1501 552 1523 Bonaventura.
574 1501 628 1523 Aliis
651 1500 730 1523 verbis
754 1501 811 1523 11000
836 1501 940 1529 quaestio
971 1501 1004 1522 sic

158 1541 307 1569 exprimitur:
331 1543 408 1562 utrum
434 1541 534 1568 potentia
557 1539 683 1568 generandi
710 1540 771 1562 dicat
792 1540 849 1568 quid
873 1539 1003 1562 absolutum

159 1580 314 1609 (essentiam),
332 1585 361 1601 an
378 1579 499 1601 relativum
517 1580 566 1601 sive
583 1579 724 1601 relationem.
741 1578 827 1601 Eadem
838 1578 960 1601 difficultas
971 1581 1005 1601 est

159 1619 219 1641 circa
237 1618 362 1646 potentiam
379 1618 497 1646 spirandi,
515 1624 575 1646 (1000.
592 1618 723 1640 communis
740 1620 774 1639 est
789 1617 849 1639 Patri
866 1621 888 1639 et
899 1617 962 1645 Filio,
975 1617 1004 1639 de

158 1663 204 1686 qua
222 1657 279 1679 infra
297 1656 319 1678 d.
330 1657 366 1678 29.
383 1662 403 1678 a.
417 1657 437 1678 2.
450 1663 471 1684 q.
487 1656 506 1678 l.
520 1658 542 1678 et
554 1657 575 1678 2.
588 1656 696 1684 Quaestio
713 1659 811 1685 utraque
831 1658 865 1678 est
881 1657 958 1683 potius
975 1656 1004 1678 de

159 1695 229 1717 modo
254 1694 363 1724 loquendi
389 1701 458 1723 quam
478 1695 507 1717 dc
525 1695 591 1723 gravi
608 1695 684 1723 aliqua
702 1694 828 1717 differentia
846 1695 868 1716 in
885 1701 916 1716 re.
933 1706 965 1710 —
981 1694 1004 1716 Si

159 1736 235 1756 antem
252 1735 370 1762 quaeritur
386 1734 416 1757 de
433 1734 547 1762 principio
564 1739 610 1763 quo
628 1734 748 1762 utriusque
768 1733 930 1761 emanationis,
948 1733 1005 1762 quid

159 1774 187 1796 sit
203 1772 228 1795 in
244 1779 276 1801 se,
295 1776 318 1795 et
334 1773 453 1802 quomodo
470 1773 567 1795 aiterum
585 1772 614 1794 ab
637 1773 707 1795 altero
730 1772 833 1799 differat,
851 1772 1004 1794 communiter

159 1818 220 1835 nunc
242 1813 410 1841 respondetur,
428 1819 479 1835 0550
508 1812 625 1840 duplicem
653 1812 828 1839 secunditatem,
855 1812 937 1834 scilicet
966 1818 1008 1839 per

151 1850 256 1882 *modum
274 1852 377 1874 naturae
393 1852 443 1873 sive
460 1851 587 1873 intellectus
606 1854 629 1873 et
646 1857 688 1878 per
704 1850 801 1872 modum
821 1849 962 1878 voluntati33
975 1850 1005 1873 de

159 1895 206 1918 quo
228 1889 282 1912 vide
299 1890 355 1912 infra
373 1889 395 1912 d.
415 1889 451 1912 ῚῚ13.
469 1896 491 1918 q.
510 1890 530 1911 3.
549 1893 570 1912 et
587 1889 701 1911 Scholion.
727 1901 758 1905 —
780 1888 862 1917 Quoad
888 1889 1003 1917 quaestio-

160 1935 211 1951 nem
230 1929 273 1951 hoc
290 1928 340 1951 loco
358 1931 475 1951 tractatam
492 1930 553 1950 recte
576 1927 685 1950 observat
701 1928 783 1950 Scotus
808 1928 815 1955 (
825 1928 917 1956 Report.
928 1946 933 1955 ,
960 1928 1003 1950 hic.

159 1974 181 1997 q.
201 1968 255 1995 1.),
273 1967 336 1996 quod
357 1967 481 1989 «diversae
497 1967 621 1989 sententiae
639 1968 695 1989 sorte
712 1969 809 1995 possunt
831 1967 945 1989 conciliari
963 1972 1005 1989 nee

159 2007 267 2029 videntur
287 2007 419 2029 contrariari
445 2007 487 2029 nisi
512 2006 590 2029 verbis
602 2015 623 2028 n.
641 2007 699 2034 Quia
717 2009 792 2028 tamen
810 2007 916 2029 contrarii
941 2006 1004 2028 modi

160 2045 287 2075 loquendi,
313 2051 373 2074 quos
400 2045 506 2068 doctores
531 2046 553 2067 in
580 2046 622 2067 bac
649 2046 782 2074 quaestione
806 2045 933 2073 adhibent,
959 2051 1003 2067 non

159 2092 243 2114 parum
259 2086 358 2107 influunt
380 2086 401 2107 in
427 2085 551 2107 solutiones
575 2085 671 2106 aliarum
699 2084 728 2106 (10
756 2085 864 2107 Trinitate
889 2085 1005 2113 quaestio-

159 2130 227 2152 num,
245 2130 304 2153 quae
321 2124 377 2146 infra
396 2126 534 2151 tractantury
552 2124 615 2145 iuvat
641 2124 677 2145 1110
694 2123 769 2152 aliqua
794 2123 823 2145 de
848 2124 919 2145 variis
943 2123 1004 2145 solu-

160 2162 261 2185 tionibus
278 2163 346 2185 110105
362 2163 503 2191 quaestionis
530 2162 614 2184 dicere.
630 2174 662 2178 -—
679 2162 701 2183 S.
720 2162 802 2184 Thom.
826 2162 865 2188 (S.
889 2162 903 2183 1.
926 2168 948 2190 q.
967 2161 1003 2184 41,

159 2207 180 2223 a.
205 2200 247 2229 5.)
273 2200 388 2223 secundae
414 2201 515 2228 opinioni
541 2201 577 2222 1110
607 2201 629 2222 111
656 2206 719 2228 corp.
748 2201 835 2228 positae
864 2201 944 2222 favens
971 2207 1004 2223 as-

159 2241 224 2268 serit,
242 2240 305 2268 quod
322 2240 422 2268 potentia
440 2239 565 2267 generandi
582 2239 696 2267 significat
711 2240 753 2261 «iu
766 2242 828 2262 recto
846 2242 952 2261 naturam
969 2239 1004 2261 di-

158 2281 251 2307 vinam,
269 2279 310 2301 sed
327 2279 349 2300 in
367 2278 461 2307 obliquo
478 2278 643 2305 relationem»,
662 2282 684 2301 et
701 2279 723 2300 in
741 2278 868 2301 Comment.
888 2278 933 2306 (1110
946 2285 967 2307 q.
983 2279 1002 2300 1.

159 2326 178 2341 a.
200 2319 299 2347 1.)ου111
316 2318 340 2340 Β.
358 2317 442 2340 Albert.
461 2318 507 2346 (1110.
530 2325 549 2339 a.
574 2318 604 2346 2.)
631 2318 744 2345 affirmat,
768 2323 820 2339 eam
841 2323 911 2339 «0550
936 2318 1003 2346 quasi

159 2357 260 2379 mediam
287 2357 345 2378 inter
370 2356 489 2378 essentiale
514 2359 535 2378 et
560 2356 680 2383 personale
691 2364 711 2377 n.
738 2356 800 2378 lianc
825 2357 958 2384 opinionem
980 2357 1002 2378 S.

159 2396 244 2418 Bonav.
262 2395 317 2418 dicit
332 2401 383 2417 esse
403 2396 476 2417 «satis
494 2394 646 2423 probabilem,
666 2397 688 2417 et
704 2395 758 2417 satis
774 2394 834 2417 bene
850 2395 943 2417 videtur
967 2401 1003 2417 su-

158 2435 236 2456 stineri
253 2440 349 2462 possen,
368 2434 439 2455 immo
456 2435 505 2462 ipse
523 2435 545 2455 in
563 2433 607 2456 tine
624 2434 743 2455 solutionis
769 2433 912 2456 obiectorum
936 2440 1003 2461 argu-

160 2475 234 2494 menta
252 2475 330 2494 contra
355 2478 406 2494 cam
432 2473 496 2494 allata
515 2473 592 2494 nititur
613 2472 710 2494 solvere.
726 2484 758 2488 -
775 2472 832 2494 111110
850 2473 956 2500 positioni
971 2472 1003 2494 (11-

222 2613 227 2626 ¹
247 2613 305 2634 Fido
325 2619 378 2635 mss.
396 2616 418 2635 et
435 2613 471 2635 cd.
494 2613 498 2634 i
522 2619 564 2641 pro
582 2615 602 2635 el
620 2612 781 2635 substituimus
797 2612 839 2641 ad,
866 2613 928 2641 quod
953 2619 1002 2641 per-
1029 2617 1030 2640 ζ

161 2652 216 2674 tecte.
233 2652 398 2679 correspondet
414 2652 480 2674 dictis
498 2653 519 2674 in
536 2652 581 2673 fine
598 2658 662 2680 corp.

222 2690 231 2704 2²
249 2691 391 2719 Reliquimus
408 2697 461 2713 cum
480 2691 529 2713 Vat.
547 2690 623 2720 qaod,
644 2691 695 2712 lis-et
711 2691 803 2718 plurimi
824 2690 891 2713 codd.
904 2690 1003 2713 habeant

159 2728 228 2758 quia,
248 2729 288 2751 sed
306 2730 382 2751 minus
398 2729 464 2751 bene.

221 2767 231 2781 3
248 2768 298 2789 Vat.
316 2774 369 2790 cum
387 2768 437 2790 cod.
456 2774 481 2790 00
498 2769 565 2796 nem,
586 2772 607 2790 ct
625 2769 693 2796 paulo
710 2768 767 2790 intra
786 2772 837 2796 post
848 2767 1003 2791 essentialiter

162 2808 186 2829 nt
203 2806 266 2828 addit
283 2806 405 2834 divinitas,
425 2806 466 2828 sed
483 2810 560 2829 contra
578 2807 634 2829 alios
651 2807 718 2829 codd.
735 2811 757 2829 et
773 2807 810 2829 etl.
832 2807 849 2829 1.

223 2844 231 2859 ⁴
249 2845 326 2867 Plures
340 2839 418 2867 ¹codd.
436 2849 460 2867 nt
476 2846 528 2867 Als
539 2846 556 2867 T
569 2846 611 2868 VY
637 2852 662 2867 aa
685 2847 793 2868 omittunt
818 2846 959 2869 incarnatus
982 2847 1004 2868 et

161 2883 303 2906 huiusmodi.

286 2929 309 2952 S.
328 2930 415 2953 Bonna.
433 2942 464 2946 —
482 2931 547 2952 Tem.
567 2931 580 2952 i.

1057 1042 1085 1068 et
1107 1039 1144 1068 sic
1166 1041 1262 1076 patent
1283 1041 1375 1067 cetera
1386 1038 1405 1066 ⁸.

1028 1154 1168 1190 LION

1059 1268 1120 1288 recte
1133 1266 1260 1294 opponitur
1278 1265 1388 1288 sententia
1406 1265 1511 1287 Gulielmi
1533 1264 1730 1287 Altissiodorensis
1753 1265 1806 1293 (vel
1824 1266 1907 1288 melius

1061 1305 1279 1333 Autissiodorensis,
1292 1306 1345 1334 quia
1358 1311 1441 1327 nomen
1458 1305 1564 1326 Latinum
1581 1305 1679 1327 civitatis
1696 1304 1797 1327 Auxerre
1814 1307 1848 1327 est
1865 1305 1908 1327 Au-

1061 1344 1208 1366 tissiodorum
1219 1344 1255 1365 vel
1266 1343 1466 1372 Autessiodorum)
1476 1346 1498 1366 et
1506 1343 1608 1365 Durand.
1619 1343 1665 1371 (1110
1675 1350 1697 1372 q.
1714 1344 1749 1371 l.),
1761 1344 1801 1372 qui
1818 1344 1907 1370 volunt,

1061 1384 1119 1406 110110
1136 1384 1262 1412 potentiam
1274 1383 1350 1405 dicere
1361 1382 1438 1405 solam
1450 1382 1596 1405 relationem.
1608 1382 1702 1410 Dionys.
1714 1382 1790 1405 Carth.
1808 1383 1906 1405 eandem

1060 1422 1118 1444 banc.
1131 1422 1265 1444 sententiam
1278 1421 1380 1444 attribuit
1392 1422 1414 1443 S.
1424 1421 1598 1444 Bonarenturae
1609 1422 1732 1450 ipsamque
1744 1421 1860 1449 approbat
1871 1422 1907 1444 1115

1061 1461 1152 1484 verbis:
1169 1461 1286 1483 «Videtur
1303 1461 1392 1487 verior,
1405 1460 1468 1489 quod
1481 1461 1581 1489 potentia
1593 1461 1725 1488 generativa
1743 1461 1833 1483 dicatur
1849 1468 1907 1490 pure

1061 1499 1093 1522 ad
1108 1499 1221 1529 aliquid...
1240 1506 1293 1522 00111
1311 1500 1372 1522 enirn
1389 1499 1473 1522 dicitur
1490 1500 1622 1528 generativa
1639 1500 1747 1528 potentia,
1760 1500 1906 1528 complexum

1061 1539 1105 1561 1100
1121 1539 1220 1561 sumitur
1237 1539 1259 1560 in
1278 1539 1361 1561 virtute
1378 1539 1446 1560 unius
1463 1538 1568 1560 dictionis
1585 1541 1624 1561 aut
1640 1539 1739 1560 nominis
1747 1546 1755 1566 ,Δ
1768 1538 1819 1561 ideo
1837 1545 1907 1567 quan-

1061 1580 1212 1607 tumcumque
1230 1578 1330 1605 potentia
1348 1577 1478 1600 secundum
1501 1583 1526 1599 se
1548 1577 1663 1599 diceretur
1687 1577 1804 1605 absolute,
1830 1581 1906 1600 tamen

1061 1622 1088 1638 ex
1105 1617 1141 1638 tali
1160 1617 1291 1638 limitatione
1308 1619 1331 1638 et
1347 1617 1501 1638 contractione
1518 1617 1617 1639 sumitur
1632 1617 1761 1644 respective
1773 1625 1793 1638 »,
1810 1617 1855 1639 Sed
1867 1618 1907 1646 qui

1061 1658 1143 1678 attente
1161 1655 1274 1684 ponderat
1289 1655 1361 1678 verba
1379 1656 1401 1677 S.
1419 1655 1534 1683 Doctoris,
1553 1656 1589 1677 1110
1607 1657 1629 1678 et
1650 1656 1672 1677 in
1696 1656 1773 1678 dubiis
1798 1657 1857 1678 circa
1875 1657 1907 1679 lit-

1060 1698 1133 1717 teram
1150 1695 1170 1717 5.
1183 1696 1204 1717 6.
1222 1695 1244 1717 7.
1261 1696 1345 1723 scripta
1355 1713 1360 1722 ,
1378 1696 1423 1717 iam
1436 1695 1574 1723 perspiciet,
1587 1696 1664 1722 ipsum
1676 1695 1777 1717 mediam
1789 1695 1906 1724 quandam

1059 1735 1122 1756 viam
1139 1734 1231 1762 eligere.
1248 1735 1310 1756 llaec
1326 1735 1376 1756 eius
1393 1735 1503 1756 sententia
1526 1734 1610 1756 clarius
1633 1737 1729 1762 apparet
1745 1741 1772 1757 ex
1794 1735 1906 1757 auecdoto

1060 1773 1158 1801 Prologo
1176 1774 1295 1801 Seraphici
1312 1773 1340 1795 ad
1358 1773 1381 1794 11.
1400 1774 1473 1800 Sent.‚
1491 1779 1517 1795 ex
1535 1779 1582 1802 quo
1600 1780 1677 1801 supra.
1696 1773 1718 1795 d.
1737 1774 1758 1795 3.
1775 1780 1797 1801 p.
1815 1774 1838 1796 11.
1852 1780 1871 1796 a.
1885 1775 1906 1796 2.

1060 1819 1083 1841 11.
1100 1813 1117 1834 l.
1129 1813 1152 1834 in
1165 1812 1248 1840 Senot,
1262 1813 1307 1833 iam
1321 1812 1407 1840 aliquid
1424 1812 1603 1840 exscripsimus,
1621 1815 1644 1835 et
1654 1818 1715 1834 nunc
1727 1813 1906 1841 prosequimur:

1064 1859 1074 1870 <r
1087 1851 1195 1872 Similiter
1212 1857 1255 1873 1100
1271 1851 1293 1872 10
1311 1851 1370 1878 alio,
1388 1851 1435 1873 scil.
1453 1851 1475 1872 in
1494 1851 1594 1878 potentia
1613 1850 1751 1879 generandi,
1775 1850 1906 1873 discordas-i

1060 1889 1090 1911 ab
1107 1890 1164 1917 ipso.
1183 1888 1250 1917 Quod
1267 1889 1328 1911 idem
1346 1889 1452 1917 Magister
1469 1889 1491 1911 d.
1506 1889 1549 1911 Vll.
1561 1889 1648 1917 innuit,
1660 1890 1785 1917 potentiam
1797 1895 1907 1917 generau-

1061 1928 1084 1950 di
1101 1934 1151 1950 esse
1168 1928 1253 1950 dictam
1270 1928 1398 1950 secundum
1422 1928 1589 1957 substantiam,
1615 1932 1637 1951 et
1661 1928 1725 1957 quod
1750 1928 1786 1950 alii
1813 1928 1906 1956 dieunt,

1060 1973 1111 1989 0550
1128 1966 1213 1989 dictam
1231 1967 1360 1989 5000011001
1376 1968 1509 1990 relationem
1526 1970 1548 1989 et
1573 1973 1623 1990 esse
1640 1968 1761 1996 proprium
1772 1985 1777 1995 ‚
1803 1973 1848 1989 non
1873 1970 1906 1989 est

1060 2005 1228 2033 controversia,
1247 2006 1318 2027 immo
1335 2008 1460 2034 utrumque
1477 2012 1560 2028 verum
1577 2009 1624 2033 est,
1638 2007 1656 2028 si
1667 2007 1720 2034 quis
1731 2006 1837 2029 attendat.
1849 2007 1906 2028 Nam

1060 2045 1078 2067 si
1096 2044 1189 2067 divisim
1205 2045 1323 2073 loquimur
1344 2044 1373 2067 de
1399 2045 1500 2073 potentia
1525 2045 1663 2073 generandi,
1686 2046 1815 2068 secundum
1843 2046 1905 2075 quod

1059 2084 1203 2112 significatur
1219 2090 1261 2112 per
1278 2085 1334 2106 haec
1351 2084 1398 2106 duo
1416 2085 1521 2112 nomina,
1538 2085 1586 2113 sic,
1604 2091 1657 2107 cum
1683 2091 1766 2107 11001011
1792 2086 1906 2113 potentiae

1060 2122 1088 2144 de
1106 2128 1130 2145 se
1147 2123 1175 2145 sit
1191 2123 1311 2145 essentiale
1327 2125 1350 2144 et
1366 2128 1450 2145 nomen
1467 2123 1558 2145 virtutis
1575 2124 1723 2151 generativae
1734 2124 1763 2146 sit
1773 2124 1905 2151 personale,

1059 2161 1115 2183 dicit
1130 2162 1253 2184 essentiam
1270 2162 1307 2184 1·οΙ
1326 2164 1430 2184 naturam
1448 2165 1473 2184 ut
1489 2163 1511 2183 in
1529 2168 1635 2190 persona.
1654 2163 1677 2184 Si
1694 2165 1771 2185 autem
1789 2163 1907 2192 loquimur

1059 2200 1088 2223 de
1105 2206 1133 2222 00
1150 2200 1212 2229 quod
1230 2207 1272 2229 per
1288 2201 1324 2223 illa
1341 2201 1388 2223 duo
1405 2200 1518 2223 vocabula
1536 2201 1692 2229 significatur,
1714 2203 1742 2224 ita
1769 2202 1832 2230 (111011
1850 2208 1907 2225 con-

1058 2240 1185 2262 nectantur
1202 2239 1226 2262 in
1244 2239 1315 2262 anius
1333 2239 1442 2263 vocabuli
1453 2239 1608 2268 intellectam,
1626 2243 1693 2268 tune,
1711 2247 1764 2263 cum
1776 2241 1830 2263 nihil
1843 2241 1904 2263 aliud

1059 2279 1087 2301 sit
1103 2280 1203 2307 potentia
1221 2279 1346 2307 generandi
1363 2285 1433 2308 quam
1451 2279 1578 2302 fecunditas
1595 2281 1722 2307 potentiae,
1740 2283 1761 2302 ct
1778 2280 1907 2302 fecunditas

1059 2318 1081 2339 in
1099 2318 1251 2346 producendo
1268 2325 1391 2347 personam
1408 2319 1509 2348 aliquam
1526 2320 1620 2341 omnino
1637 2320 1666 2342 sit
1677 2319 1763 2342 dictum
1776 2319 1904 2341 secundum

1059 2357 1191 2379 relationem
1210 2363 1252 2379 nec
1263 2358 1292 2379 sit
1309 2363 1447 2385 0001111000,
1465 2357 1504 2380 sed
1523 2359 1643 2386 proprium
1655 2376 1660 2386 ‚
1678 2359 1710 2380 510
1727 2358 1816 2387 absque
1833 2358 1904 2380 dubio

1054 2395 1161 2424 potentia
1177 2396 1308 2425 qemi-andi
1323 2397 1360 2419 vel
1374 2402 1444 2425 posse
1460 2403 1576 2426 (tenerare
1598 2397 1681 2419 dicitur
1704 2397 1833 2419 secundum
1850 2397 1906 2419 rela-

1058 2435 1150 2456 tionem.
1169 2435 1193 2456 Et
1210 2436 1243 2457 510
1261 2438 1322 2463 patet
1333 2435 1396 2464 quod
1408 2438 1505 2464 utraque
1523 2437 1618 2458 istarum
1636 2437 1772 2463 opinionum
1790 2439 1823 2458 est
1840 2442 1903 2463 vera,

1030 2477 1032 2490 ¹
1059 2479 1101 2495 nec
1118 2480 1161 2495 una
1185 2476 1300 2502 repugnat
1321 2474 1392 2496 alteri.
1415 2474 1460 2497 Sed
1482 2476 1541 2497 hanc
1564 2476 1699 2497 sententiam
1725 2476 1799 2502 magis
1822 2482 1904 2503 appro-

1120 2613 1130 2628 5
1147 2613 1202 2636 Cod.
1221 2614 1226 2635 l
1245 2613 1308 2636 addit
1324 2614 1419 2643 qnando
1437 2613 1524 2637 scilieet
1537 2614 1643 2643 potentia
1659 2620 1683 2637 se
1704 2614 1773 2637 lmlwt
1796 2615 1903 2638 delet-mi-

1058 2653 1112 2675 nate
1128 2652 1160 2675 ad
1178 2659 1251 2675 01111111
1268 2654 1356 2678 netum,
1376 2652 1408 2676 ita
1427 2653 1491 2682 quod
1508 2659 1555 2676 non
1571 2653 1603 2676 ud
1622 2653 1704 2676 alium.

1120 2692 1130 2706 6
1147 2692 1197 2714 Vat.
1216 2695 1306 2720 praeter
1323 2692 1392 2714 tidem
1410 2698 1464 2714 mss.
1482 2695 1504 2715 et
1520 2692 1556 2714 ed.
1579 2693 1583 2714 1
1606 2693 1669 2716 addit
1686 2694 1713 2716 et.

1121 2730 1129 2745 7
1147 2731 1201 2752 Uist.
1219 2732 1239 2752 9.
1258 2738 1279 2759 q.
1299 2732 1323 2758 2,
1342 2732 1456 2759 imprimis
1473 2732 1501 2753 ad
1520 2732 1540 2754 3.
1559 2732 1580 2754 6.
1598 2735 1620 2754 et
1637 2732 1658 2754 d.
1678 2733 1713 2754 26.
1732 2740 1753 2761 q.
1771 2733 1788 2754 1.
1807 2733 1827 2754 3.

1121 2769 1130 2784 ⁸
1147 2769 1219 2792 Codd.
1237 2770 1279 2798 PQ
1296 2770 1375 2792 omnia
1394 2776 1435 2798 pro
1453 2772 1528 2793 vetera
1541 2779 1547 2797 ,·
1564 2771 1615 2793 cod.
1639 2771 1658 2792 V
1683 2763 1748 2800 patet
1768 2771 1853 2794 solatio
1870 2771 1902 2792 ml

1059 2808 1138 2831 onmia
1157 2807 1253 2831 oluierta.

1685 2935 1709 2955 18
