2253 3317
862 166 1041 195 PRAEFATIO
1062 166 1249 196 GENERALIS.
1839 171 1933 200 XXXV

190 242 362 288 Boethio,
389 242 607 288 Augustino
634 247 672 277 et
696 243 946 289 plurimarum
972 242 1251 278 Summularum
1279 250 1317 279 et
1343 244 1620 281 Sententiarum
1650 247 1867 282 auctoribus
1892 248 1932 281 in

188 313 299 335 usum
324 313 435 335 suum
462 301 624 336 verterit.
653 300 795 336 Omnes
820 302 923 336 enim
948 301 1086 336 eruditi
1112 301 1209 336 benc
1227 309 1383 350 norunt,
1409 304 1632 350 disciplinas
1648 305 1934 351 philosophicas

189 364 226 394 et
249 359 484 405 theologicas
509 360 623 394 medii
650 360 734 394 aevi
761 360 979 395 thesaurum
1005 372 1247 396 communem
1273 366 1311 396 et
1348 363 1600 397 communiter
1637 368 1830 409 receptum
1868 364 1934 398 ha-

188 418 314 453 buisse
339 431 413 453 non
440 422 589 453 tautum
614 419 860 453 terminorum
885 418 1164 466 technicorum,
1192 420 1256 454 sed
1282 421 1396 455 etiam
1422 421 1703 468 definitionum,
1723 422 1934 457 distinctio-

188 490 279 512 num
306 482 343 512 et
367 477 617 524 plurimorum
642 477 890 523 axiomatum,
919 490 1015 524 quae
1033 482 1076 512 ut
1092 477 1201 512 firma
1218 479 1398 514 scientiae
1420 484 1458 514 et
1474 481 1813 526 argumentationis
1831 482 1932 527 prin-

188 536 287 582 cipia
312 535 360 570 ab
387 535 563 570 omnibus
588 535 722 570 harum
747 535 1036 581 disciplinarum
1062 536 1272 571 cultoribus
1298 538 1498 572 memoriae
1524 538 1662 573 tradita
1679 543 1717 573 et
1740 540 1933 574 communi

188 594 335 629 calculo
359 594 569 641 approbata
594 598 714 641 erant,
734 594 833 628 sicut
849 606 951 628 1111116
969 595 1149 641 temporis
1167 596 1207 629 in
1226 596 1393 631 scientiis
1411 597 1690 632 mathematicis
1708 602 1745 632 et
1761 597 1932 644 physicis

188 665 257 687 usu
283 657 477 699 receptum
503 664 582 687 esse
609 652 791 687 videmus.
820 652 929 696 Quod
954 653 1162 699 pretiosum
1187 655 1475 702 patrimonium,
1506 668 1529 690 a
1565 655 1801 702 sapientibus
1835 657 1932 691 mul-

187 716 310 746 torum
336 711 571 746 saeculorum
598 716 886 757 congregatum,
921 712 1109 758 quomodo
1148 712 1196 747 ab
1235 713 1425 748 effrenatis
1462 714 1683 748 ultimorum
1719 719 1933 761 temporum

186 770 351 816 ingeniis
377 770 511 804 misere
538 770 763 816 dissipatum
790 770 853 816 sit,
881 783 958 805 non
983 770 1063 805 sine
1088 771 1238 806 horrore
1264 772 1450 807 videmus.
1469 771 1675 819 Postquain
1694 773 1795 807 enim
1812 773 1932 808 libido

186 829 313 875 potius
338 842 437 864 nova
463 833 500 863 et
524 828 721 875 hucusque
748 829 945 875 incognita
970 829 1152 864 moliendi
1179 842 1293 876 quam
1319 835 1445 865 vetera
1469 832 1579 866 novis
1604 832 1770 877 augendi
1797 836 1834 866 et
1850 845 1934 879 per-

185 887 338 922 ficiendi
363 887 542 934 invaluit,
582 887 732 922 nullum
770 888 949 922 remansit
986 888 1219 935 principium
1249 889 1457 936 intactum,
1485 889 1593 924 nulla
1617 891 1669 924 rei
1696 890 1867 926 definitio
1893 892 1933 925 in

186 959 257 981 usu
283 947 472 981 constanti
498 951 664 993 recepta,
692 951 730 981 et
755 947 910 981 mutatis
936 947 1029 993 ipsis
1056 947 1235 982 scientiae
1253 949 1424 983 terminis
1441 948 1626 983 technicis
1644 948 1705 983 vel
1724 950 1931 984 secundum

187 1015 319 1040 Vocem
344 1005 406 1039 vel
431 1005 640 1040 secundum
667 1017 834 1051 sensum,
862 1005 1049 1039 mentium
1074 1006 1274 1041 dissidium
1306 1011 1434 1041 secuta
1471 1012 1528 1042 est
1564 1008 1678 1042 etiam
1715 1008 1933 1054 linguarum

151 1075 155 1079 ·’
186 1063 373 1109 confusio,
402 1068 445 1098 ut
468 1076 538 1097 nec
564 1064 636 1110 ipsi
666 1064 921 1109 operariorum
950 1064 988 1098 in
1023 1064 1200 1099 struendo
1239 1065 1502 1111 philosophiae
1540 1066 1713 1101 aedificio
1749 1066 1933 1113 praefecti

186 1135 223 1157 se
249 1122 415 1156 invicem
439 1122 709 1168 intelligerent.

278 1180 399 1215 Nemo
424 1180 585 1227 dubitat,
612 1193 686 1215 non
715 1193 850 1227 parum
875 1180 1027 1216 lectoris
1045 1182 1233 1228 interesse,
1255 1181 1400 1217 fontem
1426 1195 1535 1217 nosse
1561 1183 1749 1218 dictarum
1773 1184 1934 1218 auctori-

184 1244 321 1286 tatum,
349 1244 392 1274 ut
417 1240 495 1273 vim
521 1244 831 1285 argumentorum
857 1244 894 1273 et
919 1239 1130 1274 doctrinam
1155 1241 1319 1275 auctoris
1345 1241 1467 1287 magis
1493 1242 1708 1288 perspiciat.
1732 1241 1934 1288 Propterea

184 1311 260 1333 non
285 1299 525 1345 pepercimus
549 1310 620 1332 nec
646 1310 844 1344 parcemus
869 1297 990 1333 labori
1017 1302 1055 1332 et
1079 1299 1257 1345 tempori,
1276 1304 1319 1333 ut
1336 1300 1427 1334 istos
1445 1299 1548 1335 locos
1571 1313 1804 1347 quaeramus.
1824 1300 1932 1345 Quod

184 1357 255 1392 sub
280 1357 351 1391 hac
376 1357 520 1392 ratione
546 1357 586 1391 111
612 1355 890 1392 Commentario
915 1356 963 1391 ad
989 1356 1202 1392 Sententias
1219 1358 1492 1405 praestitimus,
1512 1358 1551 1392 in
1571 1359 1851 1405 prolegomenis
1876 1360 1933 1394 in—

184 1415 242 1450 fra
266 1415 512 1462 sequentibus
537 1415 669 1461 paucis
696 1415 852 1449 dicetur.

277 1474 323 1510 In
349 1474 576 1509 testimoniis
603 1473 636 1510 S.
664 1473 878 1520 Scripturae
906 1478 944 1508 et
969 1474 1227 1520 quorumlibet
1251 1479 1459 1521 auctorum,
1478 1488 1501 1509 a
1518 1474 1721 1522 Seraphico
1739 1476 1930 1523 adhibitis,

184 1546 267 1567 eam
298 1533 501 1567 lectionem
543 1533 765 1574 retinemus,
811 1544 924 1578 quam
967 1532 1137 1579 codices,
1184 1533 1245 1567 vel
1276 1533 1453 1568 omnibus
1492 1534 1554 1568 vel
1591 1535 1746 1580 optimis
1784 1535 1932 1581 conspi-

183 1591 364 1638 rantibus,
392 1590 590 1637 exhibent,
611 1604 688 1626 non
707 1604 805 1637 eam,
833 1604 929 1638 quae
954 1604 1056 1626 nunc
1083 1592 1122 1626 in
1149 1591 1318 1638 Vulgata
1343 1592 1405 1626 vel
1431 1593 1471 1626 111
1488 1593 1678 1628 modernis
1701 1593 1932 1629 editionibus

183 1655 379 1686 auctorum
405 1651 589 1697 impressa
614 1655 680 1685 est.
708 1649 973 1685 Differentiam
997 1655 1122 1685 tamen
1150 1650 1340 1697 lectionis,
1368 1651 1400 1686 si
1417 1656 1475 1686 est
1491 1651 1652 1686 alicuius
1671 1653 1863 1699 momenti,
1882 1653 1930 1687 ad

183 1710 328 1744 calcem
353 1709 576 1743 indicamus.
604 1708 701 1744 Cum
726 1709 829 1743 enim
854 1714 1018 1755 constet,
1045 1710 1117 1744 ista
1143 1710 1362 1745 testimonia
1386 1715 1555 1756 tempore
1582 1710 1616 1746 S.
1644 1710 1930 1746 Bonaventurae

184 1781 259 1803 non
277 1781 358 1803 raro
376 1768 416 1802 in
435 1767 631 1803 codicibus
649 1767 888 1802 differentem
905 1780 927 1802 a
943 1773 1093 1803 recente
1110 1768 1289 1803 habuisse
1314 1769 1467 1804 modum
1495 1769 1685 1815 lectionis,
1713 1782 1755 1804 eo
1781 1770 1893 1805 modo
1910 1783 1932 1805 a

183 1827 293 1862 nobis
317 1826 447 1862 referri
474 1826 630 1872 debent,
659 1838 734 1872 quo
760 1826 801 1860 in
826 1826 1023 1861 codicibus
1048 1827 1317 1873 inveniuntur,
1345 1839 1440 1874 quos
1466 1826 1500 1863 S.
1527 1827 1669 1863 Doctor
1697 1841 1786 1874 prae
1811 1829 1930 1863 mani-

183 1886 255 1921 bus
280 1886 426 1921 habuit.
454 1884 558 1920 Haec
585 1885 725 1931 agendi.
750 1885 860 1931 ratio,
901 1885 1133 1920 eruditorum
1170 1886 1336 1921 virorum
1374 1898 1560 1921 consensu
1596 1887 1820 1934 approbata,
1854 1900 1928 1922 non

182 1945 291 1991 parvi
316 1949 374 1980 est
397 1944 580 1979 momenti
606 1944 653 1978 ad
679 1956 769 1979 usus
796 1944 948 1978 criticae
973 1944 1063 1979 artis
1096 1944 1221 1991 quoad
1258 1957 1302 1979 ea
1339 1945 1496 1991 scripta,
1535 1957 1630 1991 quae
1668 1958 1690 1980 a
1728 1945 1931 1993 Seraphico

182 2003 396 2038 laudantur.

274 2062 320 2097 In
344 2062 391 2096 iis
418 2061 527 2107 locis,
555 2061 621 2108 qui
648 2061 709 2096 vel
734 2061 783 2096 ob
809 2060 1034 2096 brevitatem
1060 2061 1271 2097 laconicam
1302 2061 1336 2098 S.
1364 2062 1649 2097 Bonaventurae
1688 2062 1929 2110 familiarem,

180 2122 241 2157 vel
269 2121 318 2157 ob
343 2120 528 2167 loquendi
543 2120 675 2155 modos
701 2132 768 2156 suo
786 2125 955 2167 tempore
980 2120 1213 2167 notissimos,
1241 2133 1344 2155 1111116
1363 2134 1450 2156 vero
1476 2121 1682 2168 obsoletos,
1710 2122 1771 2156 vel
1789 2122 1838 2157 ob
1865 2122 1930 2157 do-

180 2181 322 2216 ctrinae
347 2178 648 2226 profunditatem
665 2178 798 2214 lectori
824 2179 864 2213 in
889 2179 1057 2226 antiquis
1076 2178 1320 2215 Scholasticis
1345 2180 1472 2215 minus
1493 2185 1639 2215 versato
1665 2180 1929 2215 difficultatem

180 2239 302 2274 facere
328 2242 503 2285 possunt,
530 2242 638 2273 notas
663 2237 711 2272 ad
737 2237 881 2272 calcem
908 2237 1147 2284 subiicimus,
1175 2238 1316 2285 quibus
1342 2251 1385 2273 ea
1403 2238 1629 2285 afferuntur,
1656 2252 1752 2286 quae
1777 2240 1825 2274 ad
1841 2239 1928 2274 illu-

180 2297 375 2333 strandum
400 2301 548 2331 textum
574 2297 711 2331 servire
729 2309 839 2343 posse
865 2296 1053 2331 videntur.
1080 2296 1336 2343 Depromptae
1363 2301 1452 2332 sunt
1468 2297 1539 2332 hae
1565 2302 1674 2333 notae
1692 2298 1754 2332 vel
1780 2311 1827 2332 cx
1844 2298 1927 2344 ipso

180 2356 214 2392 S.
242 2356 522 2401 Bonaventura,
549 2354 642 2390 alibi
669 2354 790 2390 fusius
815 2360 882 2390 aut
913 2354 1051 2390 clarius
1076 2355 1272 2402 loquente,
1306 2355 1368 2390 vel
1393 2369 1439 2390 ex
1464 2356 1549 2391 aliis
1581 2356 1828 2403 scriptoribus
1853 2357 1926 2403 ipsi

180 2415 345 2461 coaevis,
372 2414 433 2448 vel
451 2426 498 2448 ex
521 2414 683 2460 receptis
703 2426 770 2448 sua
794 2418 915 2448 aetate
940 2413 1205 2460 philosophiae
1223 2419 1261 2449 et
1285 2414 1499 2461 theologiae
1517 2415 1709 2450 doctrinis.
1737 2414 1927 2450 Moderate

179 2478 306 2508 tamen
331 2473 404 2508 hoc
429 2472 627 2519 faciemus,
653 2486 701 2507 ne
726 2473 854 2519 potius
880 2477 1194 2508 commentatores
1219 2485 1335 2519 quam
1359 2473 1520 2508 editores
1545 2486 1656 2520 agere
1682 2474 1863 2508 dicamur.

274 2532 453 2566 Attamen
478 2532 517 2565 in
544 2532 667 2578 primo
691 2544 713 2566 a
737 2531 848 2567 nobis
873 2531 1019 2566 edendo
1037 2530 1071 2567 S.
1099 2531 1386 2566 Bonaventurae
1404 2544 1531 2578 opere,
1560 2532 1662 2578 quod
1683 2537 1741 2567 est
1765 2544 1926 2578 magnus

179 2591 218 2625 in
244 2590 346 2625 Petri
370 2589 575 2625 Lombardi
593 2589 806 2625 Sententias
824 2589 1140 2636 Commentarius,
1168 2589 1283 2636 paulo
1308 2590 1473 2636 amplius
1492 2591 1584 2637 quid
1603 2590 1821 2625 faciendum
1847 2603 1926 2626 esse

179 2653 261 2683 tum
274 2648 315 2683 P.
334 2647 472 2694 Fideli,
491 2652 693 2695 postquam
708 2647 923 2695 Collegium
939 2648 1159 2684 institutum
1173 2653 1244 2695 est,
1264 2653 1347 2683 tum
1361 2648 1471 2684 nobis
1485 2649 1610 2684 visum
1624 2653 1695 2696 est,
1711 2653 1754 2684 ut
1767 2649 1924 2684 utilitati

179 2707 436 2742 consuleretur
464 2719 608 2753 eorum,
636 2707 701 2754 qui
727 2707 920 2742 doctrinae
947 2707 1141 2754 Seraphici
1171 2707 1345 2742 Doctoris
1371 2708 1520 2742 studere
1545 2708 1746 2754 incipiunt.
1780 2707 1926 2755 Oppor-

178 2771 314 2800 tunum
339 2765 440 2800 enim
473 2765 741 2812 iudicavimus,
768 2766 816 2800 ad
842 2766 1013 2812 singulas
1029 2766 1142 2801 huius
1161 2765 1430 2801 Commentarii
1456 2766 1695 2813 quaestiones
1720 2766 1834 2801 breve
1859 2766 1926 2801 ali—

179 2824 280 2870 quod
307 2823 478 2859 scholion
504 2823 680 2870 adiicere,
701 2836 776 2871 quo
793 2828 875 2858 tum
894 2837 937 2859 ea
962 2824 1217 2871 explicentur,
1237 2837 1333 2871 quae
1356 2825 1395 2858 in
1422 2825 1656 2870 argumentis
1685 2825 1747 2859 vel
1773 2825 1926 2860 conclu-

178 2882 347 2918 sionibus
379 2881 539 2917 obscura
569 2886 672 2928 sunt3
706 2887 787 2917 tum
820 2882 1063 2918 difficultates
1094 2883 1367 2930 cuiuscumque
1398 2887 1570 2930 naturae,
1603 2884 1634 2918 si
1668 2896 1763 2930 quae
1800 2888 1924 2929 erunt,

178 2941 386 2988 diluantur,
413 2946 495 2976 tum
522 2941 686 2976 breviter
711 2941 913 2988 indicetur,
941 2954 1055 2988 quam
1092 2942 1314 2977 relationem
1340 2942 1512 2977 doctrina-
1549 2942 1597 2977 ab
1622 2946 1773 2977 auctore
1798 2946 1926 2977 nostro
