2253 3317
766 160 849 187 DIST.
871 159 900 186 ΙΙ.
922 159 994 187 ART.
1017 158 1132 187 UNICUS
1154 157 1288 193 QUAEST.
1308 157 1337 185 ll.
1886 155 1922 184 53

184 240 295 268 Breviloq.
314 245 336 267 p.
353 239 368 261 1.
386 245 405 261 c.
424 239 444 260 2.
463 238 484 260 5.
502 238 531 265 6;
556 238 629 261 ltincr.
653 239 734 260 mentis
759 243 778 259 c.
796 237 817 259 5.
834 249 866 253 —
882 237 943 258 Alex.
960 236 1023 264 Hal.‚

183 279 205 300 S.
222 285 244 306 p.
262 279 277 300 l.
294 284 316 306 q.
337 277 370 300 14.
388 283 418 299 m.
437 278 458 299 2.
475 289 506 293 —
523 277 597 305 Soet,
615 278 651 299 1110
667 283 689 305 q.
708 277 735 304 3;
753 276 782 298 de
807 276 893 297 Rerum
910 275 1023 303 Principio

182 324 205 345 q.
225 317 244 338 l.
261 329 293 332 —
310 317 331 338 S.
350 317 444 344 Tuom,
457 316 471 338 l.
486 316 546 338 Sent.
565 317 601 338 liic
618 322 639 344 q.
659 316 679 338 11,
697 322 716 337 a.
735 316 763 342 1;
789 315 811 337 S.
829 315 843 336 l.
860 321 882 343 q.
903 314 937 336 11.
955 320 974 336 a.
994 314 1022 342 3;

181 358 205 378 et
220 356 344 383 praecipue
361 355 383 377 S.
400 361 419 377 0.
438 355 501 377 Gent.
518 355 533 376 l.
550 360 569 376 0.
589 354 624 376 42.
641 366 672 370 —
688 354 712 376 B.
729 353 826 381 Albcrt.,
840 354 876 375 llic
887 359 907 375 a.
920 354 941 375 2.
954 353 990 381 2t;
1001 353 1022 374 S.

1082 242 1103 263 p.
1121 235 1135 257 l.
1154 237 1180 257 tr.
1199 235 1220 257 6.
1238 241 1260 264 q.
1278 236 1314 257 29.
1337 241 1356 257 a.
1379 236 1396 257 l.
1414 241 1444 257 m.
1466 236 1483 257 l.
1500 247 1531 252 -—
1548 235 1605 258 Pctr.
1624 242 1635 257 a
1654 236 1720 264 Tan,
1738 235 1781 257 hic.
1800 240 1821 262 q.
1835 234 1888 256 l.a.
1904 235 1922 256 l.

1079 286 1111 290 —
1127 274 1232 296 Richard.
1250 280 1262 295 a
1280 274 1337 296 Med.
1348 292 1353 302 ,
1376 275 1411 296 hic
1428 280 1447 296 a.
1470 275 1487 296 l.
1505 281 1527 303 q.
1541 275 1561 296 l.
1573 286 1604 290 ——
1615 274 1689 302 AEgid.
1707 274 1746 302 R.,
1764 275 1800 296 liic
1818 275 1923 302 1.]111110.

1080 319 1101 341 q.
1121 313 1141 335 1.
1158 325 1190 329 -—
1207 312 1322 340 Durand.,
1341 313 1377 335 hic
1395 319 1416 341 q.
1439 313 1456 334 l.
1474 325 1505 329 —
1522 313 1589 335 llenr.
1609 313 1696 341 Gand.,
1720 313 1742 335 S.
1759 319 1779 335 a.
1797 312 1834 335 25.
1852 320 1873 341 q.
1902 314 1923 335 2.

1080 352 1100 374 53.
1117 364 1149 368 —
1164 351 1256 378 Dionys.
1274 351 1356 379 Carth„
1375 352 1418 373 liic.
1436 358 1457 380 q.
1477 352 1497 373 yl.

912 430 1121 467 QUAESTIO
1152 430 1190 458 ΙΙ.

630 516 734 544 Utrum
755 516 786 543 in
808 516 865 544 Deo
882 515 1018 552 ponenda
1038 515 1078 543 sit
1094 524 1293 552 personarunt
1310 515 1481 552 pluralitas.

260 603 387 632 Secundo
408 603 568 639 quaeritur,
589 604 686 629 utrum
715 601 750 629 sit
781 608 884 637 ponere
912 600 939 628 111
967 600 1023 628 Deo

181 657 366 688 personarum
396 648 594 686 pluralitatem.
616 648 647 676 Et
677 647 752 684 quod
783 647 836 681 sic,
867 647 1024 675 ostenditur

38 696 365 734 Fundamenta.supp0nendo
386 696 420 724 de
441 696 497 723 Deo
519 697 653 731 quatuor:
675 694 799 731 primum
821 696 877 728 est,
899 693 972 730 quod
996 693 1023 721 in

182 745 242 781 ipso
264 743 299 772 sit
320 750 438 771 Summa
460 741 623 775 beatitudo;
644 740 800 769 secundum
821 742 877 774 est,
905 748 1023 767 sumnia

178 788 337 828 perfectu),-
368 789 481 817 tertium
513 791 569 822 est,
590 796 708 816 summa
729 787 922 824 siniplicitas‚·
943 794 1025 823 quar-

183 841 242 867 tum
264 840 321 871 est,
342 844 460 864 sumina
477 835 627 872 primitas.

261 886 284 912 1.
307 884 347 912 Ex
362 883 452 921 prima
476 882 665 919 suppositione
690 882 819 918 arguitur
840 881 893 910 sic:
916 881 938 910 si
952 881 960 894 ²
983 883 1025 909 est

179 931 217 959 ibi
248 938 358 959 summa
390 930 533 958 beatitudo
541 940 551 963 ;
577 929 626 957 sed
654 928 826 965 ubicumque
852 931 893 957 est
914 935 1024 956 summa

180 978 338 1013 beatitudo,
366 980 408 1006 est
436 985 546 1006 summa
575 976 704 1009 bouitas,
731 984 842 1004 summa
863 975 976 1004 caritas
998 977 1024 1003 et

182 1032 293 1053 summa
315 1024 493 1052 iucunditas.
516 1023 568 1051 Sed
592 1023 614 1051 si
629 1025 671 1051 est
685 1030 796 1051 summa
812 1021 940 1055 bonitas,
959 1029 1023 1050 cum

182 1072 312 1101 bonitatis
339 1071 373 1099 sit
402 1078 511 1099 summe
539 1077 568 1098 se
595 1068 839 1102 communicare²,
862 1071 888 1097 et
910 1068 962 1096 hoc
983 1070 1025 1096 est

182 1119 306 1147 maxime
327 1118 355 1146 in
376 1117 558 1154 producendo
589 1124 626 1145 ex
658 1124 686 1145 se
717 1116 863 1153 aequalem
885 1118 912 1144 et
933 1115 1025 1144 dando

183 1174 244 1195 esse
265 1173 362 1195 suum:
385 1172 451 1201 ergo
472 1167 522 1193 etc.
545 1164 572 1192 Si
593 1171 704 1192 summa
719 1164 849 1197 caritas,
872 1171 937 1191 cum
959 1163 1026 1191 cari-

183 1216 225 1241 tas
246 1221 301 1241 non
322 1212 363 1241 sit
378 1219 457 1240 amor
471 1210 612 1248 privatus,
634 1210 683 1239 sed
698 1210 733 1238 ad
748 1210 883 1238 alterum:
905 1217 971 1246 ergo
986 1217 1026 1238 re-

183 1259 269 1296 quirit
290 1258 487 1296 pluralitatem.
503 1257 579 1291 ltem,
595 1256 617 1285 si
633 1264 743 1285 summa
758 1256 945 1289 iucunditas,
961 1263 1025 1284 cum

188 1306 318 1334 «nullius
339 1305 403 1333 boni
425 1305 483 1333 sine
505 1304 578 1333 socio
610 1303 644 1332 sit
667 1297 798 1331 ‘iucunda
823 1302 1024 1339 possessi0³»,

183 1360 249 1390 ergo
263 1352 298 1381 ad
314 1359 454 1380 summam
476 1350 678 1379 iucunditatem
693 1349 847 1386 requiritur
861 1349 978 1377 societas
999 1351 1026 1377 et

183 1399 221 1427 ita
241 1398 395 1436 pluralitas.

261 1447 287 1474 ⁹2.
309 1445 393 1479 Item,
415 1453 452 1474 ex
475 1445 597 1474 secunda
619 1443 808 1481 suppositione
844 1443 896 1471 sic:
934 1443 956 1471 si
985 1445 1026 1471 est

183 1493 219 1521 ibi
243 1500 353 1521 summa
376 1491 534 1528 perfectio;
560 1491 609 1520 sed
636 1489 836 1527 «perfectionis
863 1492 904 1518 est
925 1489 1026 1526 produ-

184 1546 247 1567 cere
269 1538 368 1572 talem,
390 1538 480 1575 qualis
501 1538 560 1574 ipse
585 1540 627 1566 est
654 1537 682 1565 in
709 1536 873 1564 natura⁴»:
895 1544 961 1572 ergo
982 1543 1027 1564 ne-

184 1593 276 1614 cessse
297 1588 354 1619 est,
375 1584 410 1613 ibi
444 1592 503 1613 esse
531 1583 806 1621 multiplicationem;
827 1582 876 1611 sed
898 1582 950 1610 hoc
971 1589 1026 1609 non

183 1635 274 1670 potest
294 1640 355 1661 esse
376 1632 531 1661 secundum
545 1631 629 1659 aliam
643 1631 805 1659 essentiam:
822 1638 889 1667 ergo
904 1632 1025 1667 oportet,

183 1679 258 1716 quod
281 1678 315 1707 sit
330 1678 485 1707 secundum
500 1678 583 1706 aliam
597 1685 745 1714 personam
761 1677 819 1705 sive
841 1676 1024 1713 suppositum.

264 1725 289 1753 3.
311 1725 394 1759 Item,
426 1732 462 1753 ex
493 1725 574 1753 tertia
595 1723 783 1761 suppositione
805 1723 857 1751 sic:
881 1723 901 1751 si
925 1725 966 1751 est
988 1722 1025 1750 ibi

183 1780 295 1802 summa
315 1772 489 1809 simplicitas
496 1782 506 1805 ,·
525 1771 574 1800 sed
588 1770 785 1807 simplicitatis
806 1772 862 1804 est,
884 1769 959 1806 quod
980 1768 1027 1797 ali-

184 1828 240 1856 qua
260 1822 360 1848 natura
381 1818 416 1847 sit
438 1818 465 1846 in
486 1818 631 1854 pluribus,
653 1820 685 1845 ut
704 1819 780 1853 patet
801 1816 829 1844 in
858 1815 1025 1849 universali,

185 1866 234 1895 sed
250 1874 286 1895 ex
302 1866 412 1894 defectu
434 1864 618 1902 simplicitatis
639 1866 695 1898 est,
717 1863 792 1900 quod
813 1865 979 1891 numeretur
1000 1862 1027 1890 in

185 1913 240 1941 illis
251 1913 274 1940 ⁵:
288 1920 354 1949 ergo
365 1912 386 1941 si
402 1912 430 1940 in
445 1912 501 1940 Deo
513 1914 554 1940 est
568 1910 730 1947 simplicitas
745 1910 773 1937 in
787 1909 865 1938 nullo
880 1909 1026 1943 deficiens,

185 1959 238 1988 erit
258 1959 285 1987 in
317 1958 448 1996 pluribus
478 1965 533 1985 non
554 1959 701 1985 numerata
722 1956 855 1985 essentia:
878 1963 944 1992 ergo
965 1958 1016 1983 etc.

265 2006 291 2034 [1.
314 2006 397 2039 1ῖο111,
418 2013 455 2033 ex
476 2007 576 2041 quarta
597 2003 786 2041 suppositione
808 2002 861 2031 sic:
883 2002 905 2030 si
927 2004 969 2031 est
989 2002 1027 2045 ibi

1080 608 1190 629 summa
1207 600 1364 637 prumia&
1385 600 1434 629 sed
1465 602 1569 637 quanto
1600 600 1705 637 aliquid
1731 600 1825 637 prius,
1847 603 1922 628 tanto

1080 647 1226 676 fecundius
1248 649 1289 675 est
1304 649 1331 675 et
1345 646 1464 674 aliorum
1479 646 1682 683 principium⁶:
1704 655 1770 684 ergo
1792 648 1863 676 sicut
1884 655 1923 675 es-

1081 694 1168 722 sentia
1190 693 1299 728 divina,
1320 693 1386 730 quia
1413 693 1523 730 prima,
1552 696 1593 721 est
1614 693 1781 730 principium
1803 694 1922 722 aliarum

1080 741 1279 774 essentiarum,
1302 740 1340 768 sic
1354 747 1473 776 persona
1487 739 1587 774 Patris,
1603 748 1666 768 cum
1682 740 1716 768 sit
1737 740 1842 776 prima,
1858 740 1923 777 quia

1080 796 1095 816 a
1116 787 1209 821 nullo,
1231 790 1273 815 est
1293 786 1462 823 principium
1483 788 1510 814 et
1531 786 1634 814 habet⁷
1659 786 1856 814 fecunditatem
1883 794 1924 814 re—

1080 837 1175 871 spectu
1195 841 1395 871 personarum;
1418 833 1466 861 sed
1487 832 1642 861 fecunditas
1664 833 1691 860 in
1712 833 1768 861 Deo
1795 836 1922 870 respectu

1079 881 1128 909 Dei
1149 888 1204 908 non
1225 883 1316 917 potest
1345 887 1406 908 esse
1433 879 1485 908 nisi
1507 879 1580 908 actui
1609 879 1769 908 coniuncta:
1792 888 1858 916 ergo
1879 887 1925 908 ne-

1081 935 1156 956 cesse
1178 930 1234 962 est,
1256 927 1352 964 plures
1373 934 1433 956 esse
1454 934 1595 963 personas.

1159 974 1211 1002 SED
1234 981 1356 1002 CONTRA:
1382 974 1406 1001 1.
1428 973 1560 1007 Videtur,
1581 973 1656 1009 quod
1677 980 1713 1001 ex
1734 973 1839 1001 eisdem
1860 981 1924 1010 sup-

1081 1020 1263 1057 positionibus
1277 1022 1370 1057 posset
1384 1019 1463 1056 argui
1478 1019 1662 1053 contrarium,
1684 1022 1711 1048 et
1725 1019 1763 1048 ita
1777 1019 1924 1048 destruun-

1081 1071 1127 1095 tur
1148 1067 1269 1095 rationes
1290 1069 1317 1095 et
1339 1066 1479 1095 conclusio
1490 1066 1507 1093 ⁸.
1536 1066 1562 1094 Si
1592 1066 1665 1094 enim
1692 1066 1730 1094 ibi
1752 1069 1793 1095 est
1814 1074 1924 1094 summa

1082 1113 1238 1147 beatitudo,
1260 1121 1324 1141 cum
1346 1113 1458 1141 beatum
1479 1121 1530 1150 per
1551 1113 1699 1141 essentiam
1725 1113 1777 1141 sibi
1799 1112 1849 1141 soli
1871 1112 1926 1140 suf-

1082 1160 1155 1188 ficiat
1176 1160 1211 1188 ad
1232 1159 1447 1189 beatitudinem:
1470 1168 1536 1197 ergo
1556 1168 1610 1189 non
1625 1163 1666 1188 est
1688 1168 1799 1189 necesse
1821 1167 1924 1196 ponere

1081 1207 1164 1235 aliam
1187 1215 1334 1244 personam
1356 1207 1391 1236 ad
1413 1207 1613 1236 beatitudinem
1635 1207 1693 1236 sive
1713 1206 1924 1235 iucunditatem.

1161 1255 1186 1282 2.
1213 1254 1296 1289 ltem,
1328 1257 1423 1283 contra
1455 1255 1607 1283 secundam
1639 1253 1857 1291 suppositionem
1886 1252 1925 1281 sic

1082 1299 1244 1328 obiicitur⁹:
1267 1301 1288 1329 si
1311 1304 1352 1329 est
1373 1301 1410 1329 ibi
1443 1309 1553 1330 summa
1583 1300 1728 1337 perfectio:
1751 1308 1818 1337 ergo
1837 1307 1925 1336 aeque

1082 1347 1162 1384 plene
1184 1350 1211 1376 et
1231 1348 1352 1384 perfecte
1373 1351 1414 1376 est
1435 1348 1553 1376 essentia
1575 1348 1602 1375 in
1624 1356 1679 1376 una
1706 1355 1825 1384 persona
1850 1349 1877 1375 et
1898 1346 1926 1374 in

1082 1394 1220 1431 pluribus.
1242 1394 1268 1422 Si
1290 1402 1356 1431 ergo
1377 1394 1452 1423 ultra
1472 1394 1669 1431 perfectionem
1690 1394 1795 1422 additio
1821 1396 1862 1422 est
1884 1401 1927 1422 su-

1081 1440 1204 1477 perflua,
1225 1440 1372 1477 pluralitas
1393 1444 1434 1469 est
1456 1440 1614 1478 superflua,
1637 1444 1663 1469 et
1686 1441 1707 1469 si
1728 1440 1797 1475 hoc,
1819 1448 1883 1468 cum
1898 1439 1927 1467 in

1083 1487 1184 1515 divinis
1215 1487 1285 1515 nihil
1317 1487 1351 1516 sit
1373 1487 1565 1524 superfluum,
1593 1487 1740 1525 pluralitas
1770 1495 1825 1515 11011
1853 1489 1895 1515 est
1907 1485 1927 1500 ¹⁰

1082 1534 1110 1562 in
1132 1534 1241 1563 divinis.

1161 1579 1187 1608 3.
1209 1580 1294 1616 Item,
1317 1585 1413 1610 contra
1434 1581 1544 1610 tertiam
1559 1582 1695 1610 rationem
1710 1582 1762 1610 sic:
1786 1581 1807 1610 si
1829 1584 1870 1610 est
1889 1580 1926 1609 ibi

1082 1634 1193 1656 summa
1214 1627 1388 1664 simplicitas,
1410 1635 1474 1657 cum
1489 1628 1635 1665 pluralitas
1649 1630 1806 1665 opponatur
1825 1626 1928 1664 simpli-

1083 1674 1172 1709 citati,
1194 1677 1221 1703 et
1246 1675 1395 1712 «opposita
1416 1683 1471 1704 11011
1492 1678 1609 1712 possunt
1630 1683 1690 1704 esse
1712 1674 1785 1703 circa
1807 1674 1881 1702 idem
1893 1673 1925 1701 ¹¹:

1082 1729 1148 1758 ergo
1170 1722 1192 1750 si
1213 1722 1288 1750 Deus
1309 1725 1350 1751 est
1370 1730 1444 1751 unus
1472 1725 1499 1750 et
1519 1722 1547 1750 in
1572 1730 1604 1750 eo
1618 1725 1660 1751 est
1681 1721 1856 1758 simplicitas,
1871 1728 1926 1749 11011

1082 1775 1149 1804 ergo
1170 1768 1330 1805 pluralitas,
1351 1777 1416 1798 cum
1437 1777 1488 1806 per
1509 1769 1602 1798 onmia
1624 1770 1658 1798 sit
1679 1769 1808 1806 simplex.

1160 1815 1186 1843 [1.
1209 1815 1295 1849 Item,
1316 1818 1412 1844 contra
1433 1819 1563 1853 quartam
1584 1816 1802 1853 suppositionem
1825 1815 1877 1844 sic:
1904 1814 1926 1843 si

1085 1861 1120 1889 ibi
1142 1865 1184 1890 est
1205 1870 1315 1890 summa
1335 1862 1462 1899 primitas
1470 1874 1477 1897 3
1498 1870 1565 1899 ergo
1586 1871 1650 1891 cum
1672 1866 1760 1891 status
1782 1862 1816 1891 sit
1830 1862 1858 1890 in
1873 1861 1927 1898 pri-

1084 1916 1129 1936 1110
1150 1908 1304 1945 principio,
1327 1912 1355 1938 et
1376 1912 1464 1938 status
1483 1912 1525 1938 est
1545 1909 1573 1938 111
1597 1909 1719 1938 unitate:
1746 1917 1812 1946 ergo
1833 1908 1928 1945 primi-

1084 1958 1125 1983 tas
1146 1963 1201 1983 11011
1224 1955 1301 1992 [10111ῖ
1321 1955 1525 1992 pluralitatem,
1548 1956 1596 1984 sed
1617 1956 1770 1984 unitatem:
1803 1962 1869 1991 ergo
1890 1954 1927 1982 vi—

1084 2001 1181 2036 detur,
1203 2002 1278 2038 quod
1299 2010 1356 2030 una
1377 2006 1485 2031 tantum
1508 2003 1543 2031 sit
1564 2010 1691 2040 persona.

248 2168 255 2183 1
274 2169 364 2190 Praeter
379 2168 449 2190 fidem
466 2174 521 2190 mss.
538 2170 561 2190 et
577 2167 613 2190 ed.
633 2168 640 2189 Ἰ1
662 2168 744 2190 omittit
761 2168 811 2190 Vat.
829 2168 866 2190 liic
888 2170 910 2190 et
932 2168 954 2189 in
979 2167 1028 2189 aliis

185 2207 260 2234 tribus
277 2213 326 2235 arg.
345 2207 480 2235 particulam
496 2205 524 2229 si.

249 2246 258 2260 ²
275 2246 326 2268 Vat.
344 2245 452 2268 bonitatis
468 2251 576 2268 summae
592 2244 624 2268 sit
638 2251 662 2268 se
683 2245 874 2273 communicare,
894 2245 935 2267 sed
952 2245 1028 2267 minus

186 2288 238 2313 apte
255 2287 277 2307 ct
293 2286 370 2306 contra
388 2285 544 2307 auctoritatem
561 2290 616 2306 mss.
633 2286 656 2306 et
668 2284 723 2306 edd.
743 2284 751 2306 1
766 2302 771 2313 ,
790 2285 802 2306 2
813 2302 818 2312 ,
837 2284 862 2312 33
875 2284 1028 2314 meliuslsane

186 2324 258 2352 foret,
277 2324 295 2345 si
312 2323 377 2345 lectio
402 2323 452 2345 Vat.
470 2325 492 2345 et
508 2329 562 2345 mss.
579 2324 720 2345 inveniretur
736 2323 871 2351 coniuncta,
897 2324 926 2345 ita
952 2325 976 2345 ut
1000 2323 1028 2345 le-

186 2364 294 2390 geretur:
312 2361 417 2384 honitatis
434 2368 538 2384 summae
555 2363 583 2384 sit
607 2368 698 2384 summe
722 2368 746 2384 se
771 2363 948 2384 communicare.
966 2362 1028 2384 Hane

184 2402 305 2423 lectionem
324 2401 458 2423 confirmant
474 2400 545 2423 verba
562 2401 681 2429 Richardi,
700 2402 736 2423 hic
753 2407 773 2423 a.
791 2402 811 2423 2.
829 2408 851 2430 q.
870 2401 878 2422 vt
896 2406 901 2423 :
919 2401 948 2423 ad
965 2407 1029 2423 sum-

189 2446 251 2462 mam
268 2440 393 2462 honitatem
410 2440 507 2468 pertinet
517 2446 541 2462 se
554 2446 645 2462 summe
662 2441 840 2462 communicare.
857 2440 960 2462 —Haec
971 2440 1028 2462 ratio

186 2479 294 2501 fundatur
312 2480 334 2500 in
352 2479 392 2500 ista
410 2479 566 2506 propositione
583 2484 609 2501 ex
625 2479 734 2507 Dionys,
753 2478 781 2501 de
798 2478 857 2501 Cael.
875 2479 990 2500 Ilicrarcli.
1009 2484 1027 2500 c.

187 2517 208 2539 4.
226 2521 248 2540 et
265 2517 293 2539 de
310 2517 360 2539 Div.
378 2517 442 2539 Nom.
460 2523 479 2539 c.
497 2517 518 2539 4.
535 2520 625 2539 sumta:
643 2517 731 2539 Bonum
749 2519 782 2539 est
799 2517 933 2539 diffusivum
950 2517 992 2539 sui.

249 2555 258 2569 ³
276 2556 377 2583 Seneca,
395 2555 410 2577 l.
428 2556 496 2583 Epist.
514 2555 543 2577 ad
559 2556 686 2584 Lucilium,
703 2557 769 2584 epist.
788 2556 808 2578 6.

250 2594 258 2609 ⁴
276 2595 382 2623 Α11ειοῖ.,
401 2595 423 2616 11.
442 2594 470 2617 de
487 2595 582 2623 Anima,
599 2597 651 2617 text.
669 2594 705 2617 34.
724 2595 752 2623 (c.
771 2594 809 2623 4.),
826 2606 858 2611 —
874 2595 897 2616 ln
915 2595 1028 2622 principio

188 2635 257 2656 huius
273 2636 296 2655 et
312 2634 428 2661 sequentis
444 2634 572 2661 argumenti
594 2634 644 2656 Vat.
668 2634 749 2656 omittit
773 2633 908 2661 particulam
925 2633 982 2655 Item
1007 2636 1029 2656 et

189 2675 241 2701 post
257 2671 415 2701 suppositione
432 2672 495 2694 addit
511 2672 641 2701 arquitur,-
658 2672 699 2695 sed
716 2672 806 2695 obstant
822 2678 876 2694 mss.
894 2675 916 2695 et
932 2672 967 2694 ed.
987 2672 1006 2694 l.

250 2710 260 2725 ⁵
276 2712 383 2738 Aristot.,
401 2711 454 2733 Vlll.
472 2711 568 2738 Mctaph.
587 2714 637 2733 text.
656 2710 692 2733 45.
711 2711 756 2737 (Vl.
774 2717 792 2733 c.
817 2711 878 2739 43.):
896 2711 943 2733 Hoc
967 2711 1028 2732 enim

187 2750 270 2772 dicitur
288 2750 428 2777 universale,
446 2749 509 2778 quod
526 2749 630 2777 pluribus
647 2751 720 2772 inesse
738 2752 816 2772 natum
828 2753 868 2772 est.
880 2750 906 2772 Et
917 2750 931 2772 l.
944 2750 1028 2772 Postcr.

187 2795 206 2811 c.
225 2789 260 2811 20.
280 2789 316 2817 (c.
335 2788 405 2816 24.):
424 2786 614 2817 Quantocumqu'e
631 2790 709 2817 utique
721 2790 795 2817 magis
808 2789 935 2811 secundum
953 2792 1029 2816 partes

187 2828 244 2858 (seu
257 2828 408 2856 particularis)
426 2830 473 2855 est,
487 2828 509 2849 in
523 2827 607 2849 infinita
624 2827 697 2855 cadit;
715 2828 843 2850 universale
855 2830 931 2850 autem
943 2828 965 2849 in
977 2828 1029 2849 sim-

187 2867 238 2894 plex
255 2870 277 2889 et
293 2868 314 2888 in
333 2867 408 2888 tinem.
425 2878 457 2883 ——-
473 2866 522 2888 Mox
539 2866 589 2888 Vat.
606 2868 683 2888 contra
701 2867 840 2895 antiquiores
852 2866 919 2889 codd.
932 2869 953 2888 et
965 2865 1001 2888 ed.
1016 2866 1023 2887 l

182 2905 259 2928 nihilo
277 2912 319 2934 pro
336 2905 403 2929 nullo
421 2908 443 2928 ct
459 2906 494 2928 est
510 2912 552 2933 pro
569 2904 620 2927 crit.

1146 2165 1156 2180 ⁶
1173 2165 1218 2188 Csr.
1235 2165 1285 2188 libr.
1298 2166 1327 2188 de
1339 2165 1433 2194 Causis,
1451 2172 1518 2194 prop.
1537 2166 1557 2188 1.
1574 2168 1597 2188 θῖ
1615 2166 1650 2188 -17,
1667 2178 1698 2182 -
1714 2165 1770 2188 Cod.
1787 2166 1807 2188 K
1825 2165 1926 2189 nobilius

1085 2204 1121 2228 vel
1135 2204 1266 2234 fecundius.

1145 2244 1156 2259 ⁷
1172 2245 1221 2267 Vat.
1239 2248 1317 2267 contra
1334 2251 1388 2268 mss.
1406 2248 1428 2268 et
1444 2245 1480 2267 ed.
1499 2246 1507 2267 Ἰ
1522 2263 1527 2274 ,
1544 2246 1725 2274 interpunctione
1743 2246 1843 2273 mutata,
1862 2244 1927 2273 ponit

1084 2289 1099 2306 a
1115 2283 1182 2306 nullo
1199 2285 1233 2307 est
1245 2283 1377 2313 principio,
1390 2283 1474 2311 habct;
1492 2291 1550 2313 quac
1568 2285 1632 2307 lectio
1650 2285 1697 2306 vim
1715 2283 1780 2306 dictis
1797 2283 1902 2305 detrahit.

1146 2321 1156 2337 ⁸
1172 2323 1242 2344 Maior
1258 2328 1312 2350 pars
1324 2322 1391 2345 codd.
1409 2325 1434 2345 ut
1450 2323 1468 2344 A
1477 2323 1492 2344 F
1502 2323 1519 2345 G
1529 2323 1547 2345 H
1556 2323 1572 2344 L
1583 2322 1600 2344 O
1610 2323 1628 2344 T
1638 2323 1658 2344 V
1668 2323 1697 2345 W
1708 2323 1728 2345 X
1739 2322 1758 2344 Y
1767 2323 1782 2344 Z
1805 2325 1846 2344 etc.
1872 2327 1926 2344 cum

1084 2361 1120 2383 cd.
1148 2361 1156 2383 l
1186 2361 1314 2389 refragatur
1338 2361 1388 2383 Vat.
1414 2362 1507 2389 ponenti
1524 2361 1684 2385 conclusiones
1708 2360 1757 2383 iam
1776 2360 1877 2390 positae,
1905 2362 1926 2382 et

1086 2399 1180 2429 quidem
1197 2401 1258 2428 iure,
1276 2406 1330 2421 cum
1357 2403 1445 2422 tantum
1470 2406 1516 2422 una
1533 2401 1637 2422 omnium
1660 2400 1773 2422 rationum
1799 2400 1926 2427 positarum

1093 2439 1120 2460 sit
1138 2439 1261 2460 conclusio.
1274 2439 1348 2466 Aliqui
1364 2444 1418 2461 mss.
1437 2441 1461 2461 ut
1477 2438 1510 2461 CS
1529 2439 1575 2465 (AT
1594 2445 1606 2460 a
1623 2439 1697 2466 prima
1714 2439 1792 2466 manu)
1815 2440 1857 2459 etc.
1874 2443 1926 2460 con-

1087 2476 1155 2500 victio
1173 2477 1222 2499 loco
1240 2476 1365 2500 conclusio.
1384 2476 1438 2499 Cod.
1452 2477 1469 2498 R
1487 2478 1569 2499 omittit
1592 2478 1614 2500 et
1636 2476 1761 2500 conclusio.
1779 2476 1849 2498 Paulo
1874 2478 1927 2504 post

1085 2517 1218 2538 auctoritate
1240 2522 1294 2538 mss.
1312 2518 1334 2538 et
1358 2522 1396 2538 sex
1422 2517 1550 2544 primarum
1574 2516 1627 2538 edd.
1653 2515 1745 2538 beatum
1767 2515 1926 2537 substituimus

1085 2554 1134 2576 loco
1163 2553 1243 2577 beatus
1252 2563 1262 2582 ,·
1289 2554 1351 2576 idem
1379 2555 1437 2576 intra
1460 2555 1482 2576 in
1510 2555 1623 2577 solutione
1648 2555 1716 2576 huius
1739 2553 1872 2576 obiectionis
1893 2559 1926 2575 re-

1085 2594 1161 2615 currit.

1146 2631 1156 2646 ⁹
1173 2631 1227 2654 Cod.
1254 2638 1279 2654 cc
1305 2632 1424 2662 arquitur.
1450 2632 1519 2654 Paulo
1537 2635 1589 2660 post
1606 2632 1670 2660 Vat.‚
1696 2631 1852 2654 obnitentibus
1872 2632 1925 2653 anti-

1086 2670 1206 2699 quioribus
1225 2677 1279 2693 mss.
1297 2673 1319 2693 et
1335 2671 1372 2693 ed.
1392 2672 1417 2699 1,
1435 2677 1508 2701 aeque
1523 2670 1593 2700 plena
1610 2672 1632 2694 et
1644 2670 1771 2700 perfectu...
1788 2671 1816 2693 ut
1831 2669 1856 2692 in
1873 2669 1926 2699 plu-

1086 2709 1158 2732 ribus.
1176 2708 1204 2732 Si
1219 2711 1297 2732 autem
1314 2709 1387 2732 ultra.

1148 2748 1167 2762 1⁰
1183 2749 1213 2770 Ex
1231 2754 1285 2770 mss.
1303 2751 1325 2770 ct
1341 2755 1380 2771 sex
1397 2749 1477 2776 primis
1493 2748 1546 2771 cdd.
1564 2748 1723 2771 substituimus
1734 2749 1769 2770 est
1784 2753 1826 2775 pro
1843 2746 1892 2770 erit.

1148 2786 1165 2801 11
1186 2787 1291 2815 Aristot.,
1309 2787 1332 2809 ll.
1350 2788 1441 2810 Elench.
1462 2793 1481 2810 c.
1500 2787 1520 2809 5.
1539 2787 1567 2813 (c.
1591 2787 1637 2815 25.)
1660 2790 1682 2809 et
1698 2786 1735 2808 Xl.
1753 2786 1849 2814 Metapli.
1867 2792 1886 2808 c.
1904 2785 1924 2808 4.

1087 2826 1124 2853 (X.
1143 2832 1161 2848 c.
1181 2826 1219 2855 5.).
1236 2838 1268 2842 —
1285 2826 1354 2848 Paulo
1374 2829 1426 2849 ante
1443 2826 1494 2849 cod.
1512 2826 1532 2848 X
1545 2826 1588 2848 sibi
1609 2828 1714 2848 constans
1731 2824 1799 2847 hahet
1819 2823 1925 2854 supposi-

1086 2863 1171 2887 tionem
1189 2871 1231 2892 pro
1248 2864 1372 2888 rationem.

1936 977 1965 995 Ad
1978 976 2054 1000 opposi-

1971 1002 2016 1018 lum.
