2253 3317
23 1107 164 1126 fundamenta.

740 136 823 164 DIST.
845 135 884 163 ΙΙΙ.
907 135 934 163 P.
955 135 985 163 ll.
1005 135 1078 163 ART.
1099 135 1117 162 Ι.
1140 134 1274 171 QUAEST.
1296 133 1336 161 111.

169 217 298 246 accidens
307 228 314 252 3
329 217 352 246 si
368 216 548 250 substantia,
563 217 611 244 aut
625 222 692 252 ergo
706 213 835 248 materia,
851 215 900 242 aut
913 213 1010 241 forma.

166 264 323 298 Praeterea,
345 263 367 291 si
391 262 530 297 differret,
551 262 627 290 illius
648 263 721 289 esset
741 260 858 288 materia
880 267 969 296 capax
981 259 998 287 ¹.

249 311 274 339 ὃ.
295 310 382 344 ltem,
404 309 493 337 forma
514 308 691 337 accidentalis
722 315 777 336 non
798 310 839 336 est
860 299 1012 343 simplicior

169 357 259 385 forma
279 355 453 385 substantiali
460 366 467 389 ;
489 355 537 384 sed
558 354 687 392 potentias
695 353 829 391 operandi
843 361 898 381 non
920 352 1012 381 dissert

169 411 185 431 a
206 403 295 431 forma
314 402 490 436 accidentali,
512 405 608 439 utpote
629 401 751 438 potentia
766 399 942 429 calefaciendi
957 407 1012 427 non

168 449 262 478 differt
281 457 331 486 per
353 449 500 478 essentiam
521 456 538 476 a
558 447 713 481 caliditate,
734 454 785 475 nec
809 445 931 483 potentia
952 445 1013 473 illu-

170 495 294 524 minandi
316 495 351 523 ab
372 495 433 532 ipsa
453 494 526 523 luce:
550 502 616 531 ergo
638 493 765 522 similiter
786 492 916 526 videtur,
936 491 1012 528 quod

168 550 219 571 nec
240 542 363 580 potentia
382 542 491 570 animae
511 541 547 570 ab
568 542 629 578 ipsa
649 540 751 568 anima.

249 590 274 617 6.
296 588 377 623 Item,
392 588 468 625 quod
482 590 524 616 est
537 587 681 621 accidens,
701 585 771 614 nulli
787 584 957 614 substantiae
972 586 1014 612 est

169 634 351 664 substantiale
364 633 373 647 ²
382 644 390 668 ;
412 634 461 663 sed
481 634 619 671 potentiae
637 633 706 661 istae
722 635 787 661 sunt
802 630 1011 660 substantiales:

169 689 236 718 ergo
257 681 366 709 animae
387 688 442 708 non
463 683 528 709 sunt
555 678 745 708 accidentia³:
778 686 845 715 ergo
865 679 929 706 sunt
951 676 1014 705 sub-

169 727 285 762 stantia3
307 729 414 756 constat
427 727 502 764 quod
518 734 573 755 non
587 726 641 754 alia
655 733 741 763 quam
755 724 855 753 anima.
872 722 1013 751 Probatz'o

168 774 307 803 minoris:
329 774 395 811 quia
416 774 508 802 anima
530 773 687 807 rationalis,
709 772 847 801 sensibilis
861 774 888 800 et
907 772 1014 807 vegeta—

169 820 233 849 bilis
251 821 279 849 in
294 821 406 849 homine
420 829 475 849 non
490 820 557 849 dicit
571 820 761 849 diversitatem
776 817 1012 851 substantiarum,

170 867 219 896 sed
234 867 442 904 potentiarum:
458 875 524 904 ergo
538 869 657 901 constat,
679 866 754 903 quod
769 865 796 894 in
811 865 924 893 homine
945 864 1013 892 istae

170 914 359 943 differentiae:
381 914 555 952 vegetabile,
576 913 728 947 sensibile,
753 911 914 945 rationale,
946 911 1014 940 acci-

169 960 286 997 piuntur
300 968 316 988 a
331 960 460 997 potentiis
469 972 476 995 3
492 960 541 989 sed
552 960 560 974 ⁴
582 959 743 988 huiusmodi
763 958 934 987 differentiae
949 959 1014 986 sunt

171 1007 385 1036 substantiales:
408 1015 474 1043 ergo
494 1009 521 1035 et
541 1006 694 1043 potentiae:
717 1013 784 1042 ergo
805 1008 855 1033 etc.

249 1054 380 1083 CONTRA:
405 1055 428 1081 1.
444 1053 615 1090 Augustinus
647 1052 755 1081 decimo
783 1052 881 1088 quinto
902 1051 936 1079 de
958 1050 1015 1078 Tri-

170 1100 255 1129 nitate
266 1101 276 1115 ⁵
289 1100 411 1137 assignat
429 1100 614 1129 differentiam
629 1099 757 1136 imaginis
771 1102 880 1127 creatae
901 1098 937 1126 ad
959 1097 1016 1125 Tri-

171 1147 284 1176 nitatem
306 1147 398 1182 illam,
421 1147 524 1175 scilicet
540 1147 691 1175 increatam
703 1168 710 1181 ,
731 1146 797 1183 quia
817 1146 845 1173 jn
860 1145 908 1173 illa
929 1144 1016 1172 Trini-

170 1196 227 1223 tate
248 1197 290 1223 est
311 1194 417 1222 habens
437 1193 465 1222 id
486 1194 561 1230 quod
582 1193 718 1227 habetur,
740 1193 785 1221 hic
799 1195 893 1220 autem
908 1191 1015 1219 habens

170 1249 225 1269 non
246 1243 287 1270 est
307 1241 336 1269 id
357 1240 432 1278 quod
454 1240 585 1269 habetur:
608 1248 675 1277 ergo
695 1240 717 1268 si
739 1240 832 1268 anima
853 1239 937 1267 habet
958 1241 1016 1266 tres

170 1288 324 1325 potentias,
344 1295 410 1324 ergo
431 1287 615 1316 essentialiter
635 1295 691 1315 non
712 1289 754 1315 est
774 1286 847 1314 illae.

250 1336 276 1363 2.
302 1335 385 1369 Item,
417 1334 584 1371 Dionysius⁶
615 1334 697 1368 dicit,
728 1333 803 1371 quod
834 1333 861 1361 in
893 1332 1017 1370 quolibet

173 1384 266 1411 creato
282 1381 415 1410 differunt
429 1381 498 1410 haec
511 1380 578 1409 tria:
593 1380 774 1414 substantia,
793 1380 889 1408 virtus
911 1382 938 1408 et
957 1388 1018 1416 ope-

171 1428 265 1457 ratio:
287 1436 353 1465 ergo
374 1430 401 1456 et
421 1428 450 1456 in
471 1428 564 1456 anima
595 1427 728 1456 differunt
749 1427 903 1456 substantia
924 1429 951 1455 et
972 1435 1018 1463 po-

172 1475 282 1504 tentiae.

251 1521 277 1550 3.
298 1522 378 1557 Item,
400 1521 566 1550 Boethius⁷:
595 1521 646 1549 «In
667 1520 792 1558 quolibet
820 1523 912 1549 creato
943 1520 1018 1549 diffe-

174 1571 241 1598 runt
263 1577 318 1607 quo
340 1572 380 1597 est
401 1570 428 1597 et
449 1568 526 1606 quod
540 1571 589 1602 est,
605 1568 663 1597 sive
678 1568 750 1606 qaid
763 1571 805 1596 est
818 1570 845 1596 et
859 1576 931 1595 esse:
951 1575 1018 1604 ergo

174 1615 310 1650 similiter,
343 1615 428 1644 immo
459 1615 548 1644 multo
568 1615 677 1650 fortius,
699 1615 776 1653 quod
792 1618 884 1651 potest
914 1617 941 1643 et
962 1622 1018 1652 qao

169 1666 269 1700 potest.

251 1709 277 1737 [ι.
301 1709 385 1744 Item,
405 1708 571 1737 rationibus
592 1708 748 1738 ostenditur
770 1708 824 1737 sic:
852 1715 924 1745 quae
945 1707 1020 1736 diffe-

173 1759 240 1785 runt
262 1763 380 1793 genere,
403 1756 535 1785 differunt
556 1755 693 1790 essentia,
715 1758 742 1784 et
762 1762 851 1783 unum
873 1754 907 1783 de
932 1754 1020 1783 altero

173 1811 228 1831 non
267 1803 446 1840 praedicatur
485 1802 667 1831 essentialiter
684 1802 712 1836 ³3
745 1801 794 1830 sed
825 1801 963 1838 potentiae
994 1803 1021 1829 et

174 1850 268 1879 anima
299 1852 365 1878 sunt
398 1850 575 1884 huiusmodi,
608 1849 674 1886 quia
694 1849 787 1877 anima
808 1851 850 1877 est
871 1848 897 1876 in
919 1855 1021 1885 genere

174 1897 361 1931 substantiae,
384 1896 433 1925 sed
454 1896 593 1934 potentiae
614 1896 675 1924 eius
696 1898 761 1924 sunt
782 1895 809 1923 in
825 1894 948 1923 secunda
963 1902 1022 1931 spe-

1873 132 1909 160 85

1069 213 1109 241 cie
1133 211 1289 249 qualitatis,
1311 210 1415 239 scilicet
1434 210 1571 239 naturalis
1602 209 1740 247 potentiae
1760 209 1805 238 vel
1827 204 1919 246 impo-v

1069 258 1184 286 tentiae:
1208 265 1275 294 ergo
1295 259 1347 285 etc.

1149 305 1174 333 5,
1195 304 1282 338 Item,
1310 303 1358 332 illa
1389 311 1510 340 quorum
1540 311 1629 332 unum
1660 306 1702 332 est
1733 305 1814 332 extra
1848 303 1913 332 alte-

1070 358 1151 384 rum,
1175 350 1307 378 differunt
1328 349 1511 378 essentialiter
1537 352 1564 378 et
1594 350 1831 384 substantialiter;
1863 349 1912 378 sed

1072 397 1160 426 virtus
1181 397 1325 434 egreditur
1340 396 1523 425 substantiam
1534 397 1552 431 ⁹,
1566 396 1632 433 quia
1647 398 1779 433 operatur
1794 396 1821 424 in
1842 396 1914 425 obie-

1071 445 1163 477 ctum,
1194 443 1269 480 quod
1300 445 1342 472 est
1363 445 1444 471 extra
1452 454 1459 477 ;
1491 443 1539 471 sed
1565 443 1736 480 impossibile
1756 446 1816 478 est,
1837 442 1913 480 quod

1071 492 1203 527 operetur
1224 489 1272 518 ubi
1294 497 1349 517 non
1370 492 1430 523 est;
1452 489 1475 517 si
1496 497 1563 526 ergo
1584 489 1674 518 virtus
1688 492 1730 518 est
1749 489 1798 518 ubi
1819 497 1914 526 opera-

1071 539 1133 571 tur,
1155 539 1183 565 et
1203 539 1336 573 operatur
1356 538 1438 564 extra
1460 535 1643 564 substantiam
1665 536 1825 565 cuiuslibet:
1847 543 1914 572 ergo

1069 583 1212 620 egreditur
1233 585 1315 611 extra
1335 581 1536 611 substantiam:
1559 590 1627 619 ergo
1647 585 1698 611 etc.

1150 629 1176 657 6.
1197 629 1281 663 Item,
1303 629 1338 657 ad
1360 629 1413 657 1106
1434 631 1476 657 est
1496 628 1551 657 alia
1582 629 1661 663 ratio,
1686 629 1752 666 quia
1772 630 1794 658 si
1817 629 1915 658 eadem

1072 682 1122 711 per
1137 675 1285 703 essentiam
1299 677 1392 703 essent
1406 675 1498 703 anima
1512 677 1539 703 et
1554 675 1704 711 potentiae,
1718 683 1785 712 ergo
1796 676 1815 690 ¹⁰
1826 684 1915 704 unum

1072 730 1127 750 non
1149 721 1385 758 multiplicaretur
1405 722 1458 751 nisi
1480 721 1635 750 secundum
1656 722 1915 759 multiplicationem

1071 769 1206 802 alterius:
1228 772 1255 798 et
1276 769 1332 804 sic,
1355 777 1419 798 cum
1440 777 1497 797 una
1519 772 1628 798 tantum
1649 770 1684 798 sit
1704 770 1812 805 anima,
1834 770 1916 799 habe-

1071 819 1114 845 ret
1134 819 1244 845 tantum
1275 824 1361 845 unam
1392 817 1565 854 potentiam;
1587 817 1635 845 sed
1656 817 1708 846 hoc
1733 820 1775 846 est
1795 817 1914 846 falsum:

1070 872 1137 901 ergo
1158 866 1209 892 etc.

1375 966 1611 987 CONCLUSIO.

1072 1051 1223 1080 Potentiae
1244 1052 1363 1081 animae
1382 1056 1453 1081 sunt
1471 1052 1678 1081 substantiales
1699 1056 1725 1081 et
1738 1056 1808 1081 sunt
1831 1052 1862 1081 z'n
1876 1061 1918 1081 eo-

1150 1099 1214 1127 dem
1226 1108 1330 1137 genere
1341 1108 1395 1136 per
1408 1100 1619 1134 reductionem,
1631 1100 1663 1128 in
1673 1108 1729 1138 quo
1741 1103 1782 1128 est
1795 1100 1917 1133 anima,-

1149 1153 1208 1173 non
1227 1149 1298 1173 sunt
1318 1149 1414 1174 tamen
1444 1155 1512 1174 eum
1533 1146 1599 1183 ipsa
1620 1146 1737 1175 omnino
1759 1146 1835 1174 idem
1862 1154 1917 1183 per

1150 1192 1313 1220 essentiam.

1151 1285 1330 1314 Rnsronnno:
1353 1286 1392 1314 Ad
1413 1286 1621 1323 praedictorum
1641 1286 1850 1323 intelligentiam
1872 1294 1918 1315 no-

1074 1331 1190 1360 tandum
1212 1335 1272 1367 est,
1294 1332 1369 1368 quod
1391 1333 1514 1369 potentia
1539 1333 1676 1362 naturalis
1697 1333 1799 1361 dicitur
1831 1333 1920 1370 dupli·
1943 1344 2049 1371 Dupliciter

1074 1378 1142 1406 citer
1155 1377 1181 1406 ¹¹.
1216 1378 1277 1406 Uno
1308 1379 1407 1413 modo,
1428 1382 1513 1416 prout
1544 1380 1610 1408 dicit
1640 1380 1756 1408 modum
1778 1379 1916 1408 existendi
1932 1367 2062 1418 3523&ss

1074 1425 1211 1453 naturalis
1232 1425 1372 1462 potentiae
1393 1426 1421 1454 in
1443 1426 1583 1461 subiecto,
1605 1426 1759 1455 secundum
1776 1434 1861 1463 quem
1882 1416 2004 1455 di-²⁰‘³¹¹⁵·

1075 1472 1148 1500 citur
1169 1472 1326 1501 subiectum
1348 1472 1428 1501 facile
1449 1473 1494 1502 vel
1516 1473 1628 1502 difficile
1656 1473 1692 1501 ad
1713 1473 1819 1510 aliquid
1841 1480 1921 1510 agen-

1077 1518 1145 1547 dum
1157 1529 1164 1553 3
1186 1522 1213 1547 et
1234 1519 1273 1548 sic
1293 1519 1431 1548 naturalis
1451 1520 1574 1556 potentia
1600 1519 1667 1548 dicit
1697 1519 1813 1548 modum
1835 1519 1921 1556 quali-

1077 1565 1140 1594 tatis
1162 1568 1189 1593 et
1210 1568 1252 1594 est
1272 1566 1440 1603 generaliter
1460 1566 1489 1594 in
1509 1567 1633 1595 secunda
1647 1567 1738 1604 specie
1760 1567 1920 1604 qualitatis,

1076 1615 1107 1640 ut
1127 1615 1221 1650 patet,
1243 1620 1307 1641 611111
1336 1613 1438 1641 dicitur
1467 1621 1573 1641 cursor
1602 1616 1628 1642 et
1649 1613 1827 1651 puqz'llator,
1855 1621 1922 1650 quo-

1077 1668 1139 1688 rum
1162 1663 1316 1697 utrumque
1331 1660 1397 1689 dicit
1418 1660 1593 1696 facilitatem,
1614 1668 1686 1698 quae
1708 1661 1888 1697 consequitur
1900 1660 1919 1675 ¹²

1076 1707 1192 1735 modum
1212 1707 1351 1735 existendi
1375 1707 1515 1744 potentiae
1541 1707 1685 1744 gradiendi
1707 1708 1751 1736 vel
1772 1707 1920 1736 resistendi

1078 1753 1136 1781 sive
1158 1753 1257 1790 agendi
1277 1753 1306 1781 in
1328 1753 1462 1782 subiecto.
1484 1754 1551 1782 Alio
1579 1754 1663 1782 morlo
1694 1754 1817 1791 potentia
1844 1756 1922 1782 natu-

1078 1799 1144 1827 ralis
1175 1799 1277 1827 dicitur
1308 1799 1431 1837 potentia
1461 1800 1627 1828 naturaliter
1655 1800 1802 1837 egrediens
1822 1808 1838 1829 a
1859 1800 1923 1829 sub-

1079 1846 1186 1875 iecto¹³.
1218 1847 1249 1875 Et
1270 1847 1322 1875 1106
1343 1850 1433 1884 potest
1461 1855 1521 1876 esse
1550 1847 1707 1884 dupliciter.
1735 1848 1803 1876 Nam
1827 1847 1922 1885 aliqua
1934 1861 2039 1888 subdam.

1080 1893 1202 1930 potentia
1223 1893 1367 1930 egreditur
1388 1901 1404 1922 a
1425 1894 1581 1922 substantia
1601 1903 1669 1922 eam
1697 1895 1859 1928 accidente,
1891 1897 1922 1923 ut
1970 1887 2013 1903 ⁰²¹⁰·

237 2006 244 2021 1
263 2006 302 2028 Ed.
325 2007 330 2028 1
352 2005 417 2028 illius
433 2006 493 2028 esset
507 2005 619 2034 incapax.

235 2045 245 2060 ²
262 2046 301 2068 Est
316 2045 449 2073 simpliciter
465 2050 575 2067 conversa
592 2045 661 2067 huius
678 2045 856 2073 propositionis:
880 2044 948 2072 Quod
967 2050 1021 2067 vere

174 2085 209 2108 est
226 2084 249 2113 (i.
267 2090 287 2106 6.
305 2083 440 2112 substantia)
458 2083 521 2106 nulli
536 2083 632 2112 accidit,
652 2090 722 2112 quam
735 2084 799 2112 ponit
810 2083 913 2112 Aristot.‚
926 2083 940 2105 l.
953 2083 1020 2111 Phys.

174 2126 226 2146 text.
244 2123 281 2145 27.
300 2123 328 2152 (6.
346 2123 385 2151 3.).

236 2161 246 2176 ³
262 2162 422 2190 interpolatam
440 2161 490 2183 Vat.
508 2161 628 2183 lectionem
645 2161 709 2191 quod
723 2161 768 2184 uni
783 2162 817 2184 est
827 2160 946 2189 accidens,
958 2160 1022 2183 nulli

173 2199 308 2224 substantia
324 2201 365 2228 est,
384 2199 426 2222 sed
441 2199 499 2222 istae
512 2199 631 2229 potentiae
655 2201 711 2223 sunt
727 2199 773 2229 ipsi
796 2199 890 2222 animae
913 2199 1020 2223 substan-

174 2238 249 2268 tiales,
270 2245 325 2268 erqo
342 2245 391 2262 non
407 2240 464 2262 sunt
480 2238 501 2261 ei
516 2238 670 2262 accidentales
691 2240 712 2261 et
733 2245 779 2268 per
803 2245 947 2269 consequens
971 2244 1020 2261 non

174 2278 231 2300 sunl
247 2276 377 2300 accidentia
389 2296 395 2306 ,
415 2278 580 2305 castigavimus
596 2283 622 2299 cx
647 2283 702 2299 mss.
719 2279 742 2300 et
763 2277 799 2299 cd.
818 2278 826 2299 fl
841 2295 846 2306 ,
871 2278 911 2306 qui
928 2280 950 2300 et
966 2283 1019 2299 mox

174 2319 227 2345 post
243 2317 336 2339 constat
352 2317 459 2339 omittunt
475 2322 487 2338 a
505 2316 555 2338 Vat.
573 2316 676 2339 additum
694 2318 781 2339 aulem.

236 2354 247 2374 4
263 2355 322 2384 Vat.‚
341 2355 496 2378 obnitentibus
513 2362 568 2378 mss.
585 2358 607 2378 et
624 2355 661 2378 ed.
679 2356 705 2384 ¹1,
723 2356 746 2379 et
761 2356 811 2378 loco
828 2355 874 2379 sed.
887 2356 956 2378 Paulo
968 2359 1020 2379 ante

175 2393 226 2416 cod.
244 2394 263 2416 M
278 2393 388 2423 potentiis
404 2394 527 2422 praemittit
543 2393 601 2417 istis.

237 2432 247 2447 ⁵
267 2432 365 2454 Textum
382 2432 436 2454 vide
453 2438 523 2461 supra
540 2434 562 2455 in
580 2433 610 2455 lit.
628 2433 742 2461 Magistri,
760 2439 780 2455 6.
798 2433 818 2455 3.
836 2433 858 2455 111
875 2433 945 2455 initio.

238 2470 247 2485 ⁶
264 2471 297 2492 De
315 2470 409 2493 Caelest.
422 2471 537 2493 Hieramh.
555 2477 574 2493 6.
594 2472 602 2493 sl
613 2472 630 2493 Ι.
647 2471 692 2494 Ctr.
704 2477 775 2499 supra
787 2478 809 2499 p.
822 2472 836 2493 l.
849 2473 917 2494 liuius
929 2471 951 2494 d.
964 2471 1020 2494 dub.

176 2510 198 2532 3.
215 2521 247 2526 -
263 2509 317 2531 Fide
335 2509 402 2531 codd.
420 2512 442 2531 et
458 2510 494 2532 ed.
514 2511 521 2532 'l
544 2511 612 2538 paulo
630 2510 687 2532 intra
705 2513 758 2539 post
774 2517 830 2540 erqo
847 2511 974 2533 adiecimus
991 2512 1019 2533 et.

238 2548 248 2563 ⁷
264 2549 287 2570 ln
306 2548 371 2576 libro,
385 2549 506 2576 Quomodo
518 2549 658 2572 substantiae
669 2550 692 2571 in
704 2556 732 2572 eo
744 2549 807 2578 quod
819 2551 870 2578 sint,
883 2549 957 2572 bonae
968 2551 1019 2578 sint,

176 2588 226 2610 sive
238 2587 267 2609 de
279 2587 470 2610 Hebdomadibus
486 2588 529 2610 ait:
546 2588 669 2610 Diversum
686 2590 720 2610 est
731 2594 782 2615 esse
793 2590 816 2610 et
827 2588 850 2610 id
862 2588 925 2617 quod
937 2590 977 2610 est.
995 2588 1021 2610 Et

176 2626 246 2654 paulo
263 2628 328 2654 post:
346 2626 412 2648 Omni
430 2627 557 2654 composito
579 2626 642 2649 aliud
666 2629 701 2649 est
723 2633 787 2655 esse,
804 2627 867 2649 aliud
883 2628 961 2655 ipsum
978 2629 1019 2649 est.

177 2665 199 2687 ln
217 2666 285 2687 huius
302 2666 465 2693 propositionis
481 2666 629 2693 explicatione
641 2666 756 2689 Gilbertus
772 2666 886 2688 Porretan.
900 2667 941 2688 ait:
953 2666 1020 2689 Aliud

176 2707 210 2726 est
227 2704 290 2734 quod
305 2705 350 2732 est,
370 2704 431 2726 aliud
448 2710 494 2734 quo
511 2705 551 2727 est.
569 2705 627 2727 Vide
643 2706 711 2727 etiam
723 2705 773 2727 libr.
786 2705 815 2727 de
833 2705 895 2727 Trin.
913 2712 933 2728 e.
951 2706 972 2728 2.
989 2717 1021 2722 —

177 2743 257 2766 Plures
274 2743 342 2765 codd.
369 2745 394 2765 ut
410 2745 428 2765 Α
438 2743 453 2765 Ε
463 2743 478 2765 S
490 2743 575 2765 VWX
597 2747 649 2771 post
664 2743 713 2767 sive
729 2745 810 2772 legunt
825 2744 883 2774 quid
906 2745 941 2767 est
956 2750 1018 2773 esse,

177 2782 228 2804 cod.
247 2782 266 2804 Y
283 2782 399 2812 quidquid
415 2783 468 2805 erat
482 2788 538 2805 esse.

239 2820 249 2836 ὅ
266 2822 369 2850 Aristot.‚
388 2821 415 2843 X.
435 2822 532 2850 Metaph.
549 2824 600 2844 text.
627 2822 719 2849 12.(1x.
738 2828 756 2845 6.
775 2823 820 2851 3.);
837 2823 924 2845 Genere
947 2823 1021 2858 (diffe-

177 2861 239 2888 runt)
258 2860 366 2889 quidem,
385 2866 485 2889 quorum
503 2867 548 2883 non
566 2863 600 2883 est
626 2862 756 2883 communis
777 2862 870 2884 materia
889 2868 930 2884 1166
955 2868 1021 2890 gene-

178 2900 235 2921 ratio
253 2899 282 2921 ad
299 2900 413 2927 invicem,
431 2905 633 2928 quorumcumque
651 2900 693 2922 alia
711 2900 783 2928 figura
802 2902 930 2928 categoriae
948 2901 1021 2929 (prae-

1078 2004 1213 2032 (nunionis).
1230 2004 1340 2026 —l’aulo
1358 2004 1415 2025 infra
1432 2006 1485 2031 post
1501 2003 1542 2026 sed
1556 2003 1673 2033 polentiae
1689 2004 1830 2026 restituimus
1846 2004 1924 2026 lectio-

1079 2049 1130 2065 nem
1148 2046 1242 2066 mss.,et
1258 2042 1294 2065 ed.
1314 2043 1322 2064 4
1344 2042 1451 2065 addendo
1469 2042 1519 2065 eius
1530 2045 1552 2065 et
1563 2042 1633 2071 paulo
1650 2045 1703 2071 post
1719 2042 1755 2065 rel
1766 2042 1923 2072 impotentiae.

1078 2082 1147 2104 Paulo
1163 2085 1215 2104 ante
1232 2082 1283 2104 cod.
1301 2082 1322 2103 X
1339 2081 1380 2104 sed
1395 2081 1512 2111 potentiae
1528 2081 1623 2105 animae
1640 2083 1662 2105 et
1677 2081 1766 2105 anima.
1777 2094 1809 2098 —
1820 2082 1853 2104 De
1870 2089 1924 2111 qua-

1078 2123 1129 2142 tuor
1138 2120 1272 2148 qualitatum
1283 2119 1405 2147 speciebus
1414 2120 1468 2142 vide
1478 2120 1577 2148 Aristot.‚
1586 2120 1615 2142 de
1625 2121 1765 2143 Praedicam.
1779 2126 1798 2143 6.
1810 2120 1839 2143 de
1851 2121 1924 2149 Quali.

1139 2158 1149 2172 ⁹
1165 2159 1213 2181 Hoc
1230 2161 1278 2185 est.
1305 2161 1368 2181 extra
1393 2159 1557 2187 substantiam
1584 2160 1616 2182 sie
1642 2160 1735 2182 Tacitus
1759 2159 1846 2187 pluries
1871 2159 1926 2182 dicit

1078 2196 1192 2220 terminos
1209 2197 1294 2227 eyredi.
1311 2210 1343 2214 —
1360 2198 1429 2220 Paulo
1447 2201 1500 2226 post
1517 2198 1591 2221 verbo
1609 2200 1720 2228 operetur
1736 2198 1787 2221 cod.
1812 2198 1833 2221 X
1859 2204 1926 2226 prae-

1078 2237 1144 2259 mittit
1160 2236 1200 2260 ibi.
1217 2237 1266 2259 Mox
1284 2237 1335 2259 cod.
1353 2237 1372 2259 Μ
1391 2237 1442 2259 1060
1460 2236 1587 2260 cuiuslibet
1603 2237 1672 2260 habet
1688 2236 1756 2260 euius
1773 2238 1819 2265 est,
1836 2237 1887 2260 cod.
1906 2237 1924 2259 T

1078 2282 1134 2298 vero
1151 2276 1273 2306 cuiusque.

1141 2315 1160 2330 10
1176 2315 1231 2338 Fide
1249 2322 1303 2338 mss.
1321 2319 1343 2338 et
1359 2315 1396 2338 ed.
1415 2316 1423 2338 Ἰ
1446 2316 1608 2344 supplevimus
1625 2322 1682 2346 erqo
1699 2319 1721 2338 et
1732 2316 1802 2344 paulo
1823 2316 1880 2338 intra
1898 2322 1925 2338 ex

1079 2355 1146 2377 codd.
1164 2355 1237 2377 BDH
1249 2355 1266 2377 N
1277 2355 1414 2383 PQVWX
1432 2361 1458 2377 aa
1476 2362 1502 2377 66
1524 2361 1566 2383 pro
1589 2359 1667 2378 unum
1689 2355 1851 2378 substituimus
1867 2361 1925 2378 una.

1078 2393 1134 2416 Cod.
1151 2393 1167 2415 F
1183 2393 1246 2417 sieut
1272 2393 1356 2416 anima
1380 2394 1414 2416 est
1439 2399 1488 2416 una
1514 2394 1621 2422 tantam,
1649 2399 1702 2416 cum
1721 2400 1767 2422 quo
1785 2393 1926 2415 concordant

1078 2432 1145 2455 codd.
1163 2432 1210 2461 lO,
1228 2439 1256 2455 eo
1273 2435 1381 2461 excepto,
1405 2433 1469 2462 quod
1491 2439 1534 2461 pro
1556 2439 1606 2455 una
1629 2433 1708 2461 legunt
1734 2438 1811 2456 unum
1829 2438 1855 2454 06
1872 2432 1924 2455 dein

1079 2475 1130 2499 post
1147 2473 1241 2494 tantum
1258 2471 1346 2494 addunt
1362 2471 1395 2495 sic
1412 2472 1501 2494 anima.
1518 2484 1550 2488 —
1567 2472 1628 2494 Alex.
1645 2472 1706 2500 Hah,
1725 2472 1746 2494 S.
1765 2478 1787 2500 p.
1806 2472 1828 2493 ll.
1847 2478 1869 2500 q.
1888 2471 1925 2493 65.

1079 2517 1109 2533 m.
1130 2512 1150 2533 l.
1169 2511 1231 2533 idem
1257 2514 1420 2539 argumentum
1443 2512 1511 2533 refert
1536 2511 1646 2540 additque
1663 2511 1815 2539 principium,
1832 2511 1855 2532 in
1880 2517 1927 2539 quo

1078 2550 1200 2579 fundatur,
1216 2551 1279 2572 scil.:
1298 2550 1464 2579 Quaecumque
1489 2551 1550 2572 enim
1568 2551 1607 2572 uni
1625 2552 1647 2572 et
1663 2550 1739 2572 eidem
1760 2552 1813 2572 sunt
1830 2549 1925 2578 eadem,

1078 2591 1136 2612 inter
1152 2596 1176 2612 se
1193 2592 1246 2612 sunt
1262 2590 1351 2612 eadem.

1141 2628 1158 2643 ¹¹
1177 2628 1227 2650 Vat.
1250 2631 1328 2650 contra
1354 2629 1401 2650 fere
1425 2634 1506 2650 omncs
1523 2628 1590 2650 codd.
1616 2631 1639 2650 et
1655 2628 1708 2651 edd.
1727 2629 1752 2657 1,
1770 2629 1799 2656 2,
1817 2628 1830 2650 3
1848 2629 1926 2650 minus

1078 2670 1181 2690 correcte
1200 2666 1331 2696 tripliciter.
1349 2667 1411 2695 Mox,
1429 2667 1599 2695 postulantibus
1616 2673 1683 2696 mss,
1696 2667 1857 2690 substituimus
1875 2667 1926 2691 Uno

1078 2709 1100 2728 et
1117 2707 1188 2734 paulo
1209 2706 1267 2728 infra
1285 2705 1339 2729 Alio
1355 2705 1425 2729 modo
1443 2707 1492 2729 loco
1509 2706 1591 2729 Primo
1608 2709 1630 2729 et
1646 2705 1754 2730 Secundo
1770 2706 1848 2729 modo.

1141 2745 1161 2760 ¹²
1179 2745 1229 2767 Vat.
1246 2745 1354 2775 sequitur
1365 2747 1388 2768 et
1398 2745 1468 2773 paulo
1485 2748 1536 2774 post
1548 2746 1570 2768 et
1582 2745 1632 2768 loco
1644 2745 1691 2774 vel,
1705 2745 1747 2768 sed
1764 2745 1855 2768 obstant
1871 2752 1926 2768 mss.

1077 2787 1099 2806 et
1115 2784 1151 2806 ed.
1171 2785 1191 2806 11.

1141 2822 1160 2838 ¹³
1177 2823 1236 2851 Vat.‚
1254 2823 1331 2845 minus
1347 2824 1423 2846 stricte
1441 2823 1532 2846 exhibet
1549 2824 1718 2852 oppositionem
1736 2829 1789 2846 cum
1805 2824 1880 2852 primo
1893 2823 1927 2846 dl-

1079 2863 1175 2884 visionis
1196 2861 1303 2884 membro
1321 2862 1429 2890 ponendo
1451 2868 1466 2884 a
1487 2861 1621 2885 substantia
1638 2863 1687 2885 loco
1704 2861 1840 2891 asubz'ecto,
1865 2862 1927 2885 obni·

1080 2901 1183 2923 tentibus
1199 2907 1253 2923 mss.
1272 2903 1295 2923 et
1310 2901 1346 2923 ed.
1366 2901 1391 2929 1ῖς
1404 2907 1457 2924 mox
1469 2907 1512 2930 pro
1530 2901 1591 2925 Nam
1610 2901 1680 2924 habet
1693 2901 1743 2925 Uno
1755 2901 1832 2925 modo.
