2253 3317
325 148 402 176 XLVI
1063 147 1165 176 ΒΗΜΛ
1187 147 1260 176 SlXT
1266 148 1273 175 Ι
1296 148 1325 176 V.

324 224 433 270 gelus
458 225 558 270 apud
585 223 783 259 Danielem
809 224 1000 270 loquitur:
1030 223 1098 268 Qui
1123 227 1237 259 autem
1265 223 1357 259 docti
1381 224 1541 271 suerint,
1559 224 1749 272 fulyebmzt
1779 226 1880 273 quase]
1905 226 2069 273 splendor

319 282 553 328 firmamenti,
581 285 612 317 et
637 283 697 329 ςμιεῗ
721 282 769 317 acl
796 282 967 317 iustitiam
984 282 1150 317 eraclium}
1167 282 1309 327 multos,
1329 283 1431 329 quasi
1455 282 1571 318 stellae
1596 284 1633 318 in
1644 287 1832 331 perpetuas
1849 285 2069 320 aeternitates

325 340 433 387 (Dan.
462 341 515 387 12,
543 341 601 387 3..)
628 340 702 376 Eos
728 340 891 388 denique
917 340 1088 376 Salvator
1112 341 1194 387 ipse
1220 340 1391 376 Christus
1416 340 1601 377 Dominus
1618 342 1761 388 insigni
1784 343 1851 377 illo
1870 343 1993 389 elogio
2012 356 2068 378 or-

323 400 451 434 navit:
480 399 550 444 Qui
564 399 693 446 fecerit
716 402 746 434 et
763 399 935 445 docuerit,
962 398 1017 434 hic
1034 412 1180 447 maynus
1197 399 1374 435 vocabitur
1390 399 1428 435 in
1445 412 1548 448 raquo
1566 400 1736 436 caelorum
1762 399 1908 447 (Matth.
1927 403 1959 448 5,
1985 402 2065 448 19.).

324 457 418 493 Cum
443 462 571 493 autem
596 457 773 493 omnibus
798 458 1034 505 temporibus
1053 471 1242 493 sacrorum
1259 458 1465 493 Doctorum
1485 459 1653 493 studium
1679 464 1717 494 et
1737 459 1906 494 doctrina
1932 460 1971 494 in
1997 460 2069 495 Ec-

323 517 437 551 olesia
461 516 531 551 Dei
557 516 663 551 utilis
696 521 734 551 et
759 516 932 552 salutaris
958 515 1042 564 fuit,
1070 522 1153 552 tum
1178 517 1342 552 maxime
1368 516 1601 552 fructuosam
1626 522 1664 552 et
1681 517 1794 564 plane
1819 519 2067 553 necessariam

322 588 400 610 esse
426 588 483 610 res
509 576 591 622 ipsa
617 575 908 623 demonstravit,
936 589 1033 622 cum,
1060 580 1342 623 persecutorum
1372 576 1567 611 christiani
1601 576 1766 612 nominis
1800 576 1970 612 horribili
2010 577 2069 612 fu-

320 648 400 670 rore
426 647 608 681 represso,
635 634 675 668 111
701 635 785 681 ipsa
809 634 1002 670 Ecclesiae
1020 647 1112 681 pace
1139 635 1329 670 teterrima
1345 635 1542 670 haeresum
1558 635 1661 670 bella
1682 635 1943 671 vehementius
1969 636 2067 670 exci-

322 699 400 728 tata
438 697 537 728 sunt.
577 692 683 728 Tunc
722 693 824 728 enim
862 693 1134 728 haereticorum
1169 693 1247 729 doli
1282 698 1319 728 et
1344 693 1535 741 fallaciae,
1563 694 1646 741 qui,
1674 694 1825 730 diabolo
1850 695 2068 741 instigante,

324 753 361 787 in
387 765 477 798 agro
503 751 657 787 Domini
683 752 825 786 zizania
849 752 1146 799 superseminare
1171 765 1247 786 non
1273 752 1548 799 intermittunt,
1576 752 1783 787 Doctorum
1808 765 1897 787 cura
1922 757 1959 788 et
1984 753 2068 788 dili-

321 812 452 858 gentia
476 811 666 857 detectae,
694 815 732 845 et
756 810 927 857 pestiferi
960 823 1004 845 ac
1030 810 1273 845 detestabiles
1298 823 1437 845 errores
1462 811 1590 856 gladio
1617 811 1771 857 spiritus
1799 812 2003 858 amputati,
2031 816 2069 847 et

323 870 531 905 catholicae
557 870 726 905 veritatis
753 870 809 916 vi,
837 870 952 905 sacris
988 869 1217 905 Doctoribus
1254 869 1509 915 administris,
1550 869 1792 904 mendacium
1828 874 2067 916 prostratum.

323 930 443 974 Quare
470 929 549 963 iure
574 929 719 975 optimo
745 928 927 974 Hyadum
957 928 1151 963 stellarum
1188 928 1342 962 nomine
1381 928 1502 963 sancti
1539 927 1720 963 Doctores
1745 928 1785 962 in
1810 927 1982 963 Ecclesia
2007 929 2069 964 de-

323 989 541 1035 signantur,
587 988 670 1034 qui,
710 987 917 1034 perfrigida
943 987 1079 1033 hyeme
1113 991 1151 1021 et
1186 986 1312 1033 longis
1349 986 1585 1021 infidelitatis
1615 986 1792 1021 noctibus
1830 987 1991 1033 expletis
2032 992 2070 1023 et

321 1047 593 1093 persecutionis
619 1051 843 1093 tempestate
869 1046 1013 1092 sedata,
1041 1050 1133 1080 tunc
1152 1045 1326 1080 clariores
1344 1049 1494 1080 sanctae
1513 1044 1705 1080 Ecclesiae
1724 1046 1843 1080 exorti
1865 1050 1962 1092 sunt,
1982 1059 2069 1081 cum

323 1106 492 1140 veritatis
518 1105 574 1140 sol
599 1118 666 1152 per
691 1105 803 1140 corda
827 1104 999 1139 fidelium
1031 1104 1145 1139 altius
1177 1104 1397 1150 calesceret,
1437 1108 1475 1138 et
1507 1108 1688 1151 tanquam
1722 1117 1821 1139 novo
1857 1104 1946 1139 fidei
1984 1117 2070 1140 vere

322 1165 484 1199 lucidior
508 1176 629 1198 annus
654 1164 871 1211 aperiretur.
1786 1203 1789 1205 ‚

416 1223 435 1270 ξ
463 1224 492 1258 1.
520 1223 600 1258 Iam
628 1236 714 1257 vero
741 1223 839 1257 inter
864 1234 943 1269 eos,
972 1234 1066 1269 quos
1092 1221 1278 1257 Dominus
1291 1234 1454 1267 magnus
1472 1221 1607 1268 spiritu
1626 1221 1902 1267 intelligentiae
1926 1222 2070 1268 replere

323 1282 461 1328 voluit,
490 1282 631 1329 quique
657 1286 839 1328 tanquam
865 1280 1005 1316 imbres
1031 1280 1182 1327 eloquia
1207 1280 1412 1327 sapientiae
1439 1292 1526 1315 suae
1558 1280 1597 1314 in
1629 1279 1800 1315 Ecclesia
1831 1280 1901 1315 Dei
1939 1281 2071 1315 emise-

321 1346 426 1387 runt,
454 1341 587 1375 merito
613 1344 832 1375 numeratur
870 1339 904 1375 S.
944 1339 1228 1386 Bonaventura,
1267 1338 1468 1374 Confessor
1500 1343 1537 1373 et
1573 1338 1752 1373 Pontifex
1789 1342 1826 1373 et
1862 1339 1902 1373 111
1940 1339 2070 1374 eadem

323 1399 509 1434 catholica
534 1399 706 1434 Ecclesia
731 1398 872 1434 Doctor
897 1398 1076 1445 eximius,
1105 1410 1218 1444 quem
1244 1397 1368 1432 felicis
1393 1397 1662 1439 recordationis
1689 1397 1816 1433 Sixtus
1847 1396 1951 1444 Papa
1984 1397 2069 1444 IV.,

323 1458 584 1505 praedecessor
608 1462 752 1504 noster,
781 1457 829 1492 ob
855 1456 1118 1491 admirabilem
1145 1457 1244 1491 vitae
1271 1457 1511 1491 sanctitatem
1546 1460 1584 1490 et
1608 1455 1902 1503 praecellentem
1935 1456 2075 1491 doctri-

322 1530 409 1551 nam
436 1517 473 1551 in
501 1516 725 1552 Sanctorum
750 1529 949 1551 numerum
975 1515 1188 1562 adscripsit.

416 1576 434 1623 §
461 1576 492 1611 2.
519 1575 557 1610 Is
583 1576 684 1610 enim
711 1574 951 1620 Balneoregii
977 1574 1017 1609 in
1042 1574 1191 1609 Etruria
1217 1578 1347 1621 natus,
1374 1578 1417 1608 ut
1442 1574 1527 1620 piae
1554 1573 1683 1608 matris
1710 1577 1799 1608 voto
1825 1573 2068 1620 satisfaceret,

321 1635 540 1670 adolescens
566 1634 801 1680 seraphicam
827 1633 954 1669 Sancti
980 1632 1173 1668 Francisci
1200 1632 1440 1678 Religionem
1467 1637 1523 1667 est
1548 1633 1763 1678 ingressus,
1787 1644 1858 1678 ¹per
1884 1632 1991 1667 cuius
2008 1646 2071 1667 ve-

322 1695 435 1740 stigia
459 1694 626 1728 recentia
650 1693 774 1727 adhuc
800 1704 922 1727 novus
948 1691 1088 1727 Christi
1113 1691 1223 1726 miles
1248 1691 1444 1726 humiliter
1461 1694 1499 1725 et
1516 1695 1732 1726 constanter
1756 1690 1951 1737 innedens,
1973 1691 2072 1726 salu-

322 1753 523 1787 berrimam
559 1752 792 1798 regularium
818 1751 1079 1786 institutorum
1109 1750 1389 1785 observantiam
1423 1753 1529 1784 tanto
1566 1749 1684 1783 animi
1721 1749 1850 1784 ardore
1890 1753 2070 1797 tantaque

321 1812 443 1847 cordis
468 1811 649 1845 aviditate
674 1810 818 1856 hausit,
847 1814 889 1844 ut
915 1822 1062 1844 summa
1087 1809 1127 1843 in
1153 1821 1196 1843 eo
1224 1809 1403 1843 sanctitas
1429 1812 1635 1855 appareret,
1662 1820 1706 1842 ac
1732 1808 1832 1842 vitae
1850 1808 2068 1843 innocentia

321 1876 358 1904 et
384 1870 576 1915 castitate,
605 1873 735 1904 sancta
760 1868 993 1914 humilitate,
1021 1868 1225 1915 patientia,
1252 1866 1563 1913 mansuetudine,
1591 1870 1819 1901 terrenarum
1858 1879 1982 1901 rerum
2008 1867 2073 1901 de-

322 1929 537 1975 spicientia,
566 1928 785 1962 caelestium
811 1927 996 1962 desiderio
1022 1926 1198 1961 omnibus
1224 1930 1262 1960 et
1287 1925 1462 1972 exemplo
1488 1929 1526 1959 et
1552 1925 1791 1960 admirationi
1816 1929 1922 1959 esset.
1950 1924 2070 1960 Tanta

322 2000 471 2034 quoque
497 1987 652 2033 spiritus
677 1986 879 2021 dulcedine
905 1990 942 2020 et
968 1985 1088 2020 divini
1115 1985 1251 2020 amoris
1278 1984 1422 2019 fervore
1449 1983 1706 2018 inflammatus
1732 1984 1771 2018 in
1798 1983 1920 2018 Deum
1949 1984 2068 2030 rapie-

320 2046 450 2092 batur,
478 2050 521 2080 ut
546 2046 622 2080 iam
646 2046 687 2079 in
713 2044 849 2079 cellam
876 2045 1060 2078 vinariam
1086 2043 1222 2090 Sponsi
1248 2043 1487 2078 introductus
1521 2047 1559 2077 et
1596 2043 1685 2077 vino
1724 2043 1867 2089 optimo
1901 2039 2067 2077 caritatis

322 2105 464 2151 ebrius,
491 2104 617 2139 Iesum
644 2103 837 2139 Christum
863 2102 1086 2137 crucifixum
1121 2106 1158 2136 et
1183 2102 1391 2148 patientem
1417 2102 1559 2148 ubique
1583 2100 1722 2135 intueri
1752 2105 1789 2135 et
1814 2101 1853 2135 in
1880 2101 1959 2135 eius
1985 2101 2068 2135 vul-

322 2163 475 2198 neribus
499 2162 670 2197 habitare
696 2162 895 2196 videretur.
922 2161 983 2195 Ad
1009 2161 1107 2195 hanc
1133 2173 1221 2195 vero
1247 2161 1424 2195 eximiam
1450 2160 1549 2195 vitae
1568 2160 1808 2195 sanctitatem
1827 2160 1885 2193 vir
1902 2159 1972 2194 Dei
1991 2172 2067 2194 ma-

322 2235 437 2266 gnam
462 2221 688 2268 praestantis
714 2220 906 2255 doctrinae
931 2219 1082 2254 laudem
1108 2219 1300 2265 adiunxit,
1333 2218 1413 2253 Deo
1450 2219 1503 2253 ita
1541 2218 1786 2264 disponente,
1826 2222 1869 2252 ut
1902 2217 1949 2252 ad
1987 2218 2066 2252 eius

322 2281 482 2327 gloriam
515 2285 552 2315 et
577 2279 769 2314 Ecclesiae
795 2278 1001 2313 utilitatem
1036 2291 1110 2312 non
1148 2278 1271 2312 solum
1297 2277 1489 2324 exemplo,
1522 2277 1587 2311 sed
1625 2275 1739 2311 Verbo
1783 2280 1820 2310 et
1857 2276 2066 2311 eruditione

322 2351 549 2386 magnopere
576 2338 783 2385 proficeret.
810 2337 944 2384 Itaque
974 2349 1061 2371 cum
1101 2337 1140 2370 in
1179 2348 1366 2371 sacrarum
1403 2335 1631 2370 Litterarum
1670 2334 1811 2380 studio,
1851 2338 2066 2369 sanctorum

322 2398 476 2433 Patrum
503 2397 664 2432 lectione
696 2401 734 2431 et
758 2396 1004 2431 scholasticae
1035 2395 1249 2441 theologiae
1287 2394 1563 2440 pernecessaria
1600 2393 1812 2439 disciplina,
1848 2393 2064 2428 Alexandro

322 2458 367 2491 dc
392 2445 708 2502 Alesmagistro,
736 2455 878 2500 insigni
904 2454 1009 2489 illius
1026 2454 1159 2489 aetatis
1176 2453 1369 2499 theologo,
1390 2452 1681 2499 diligentissime
1706 2455 1931 2498 versaretur,
1958 2451 2065 2486 brevi

322 2516 501 2562 temporis
527 2515 649 2562 spatio
680 2514 902 2549 excellentis
928 2513 1072 2559 ingenii
1098 2512 1286 2559 bonitate,
1313 2512 1463 2547 assiduo
1489 2511 1632 2558 labore,
1664 2515 1701 2545 et
1727 2511 1828 2557 quod
1851 2514 1966 2556 caput
1991 2514 2065 2556 est,

322 2575 443 2620 gratia
469 2573 631 2621 Spiritus
657 2573 797 2619 saneti,
825 2572 891 2619 qui
917 2584 983 2607 vas
1008 2584 1163 2606 aureum
1189 2571 1229 2605 111
1255 2571 1434 2605 honorem
1460 2570 1625 2604 electum
1652 2569 1755 2604 omni
1781 2582 1826 2603 ex
1860 2573 1966 2615 parte
1991 2568 2065 2603 for-

322 2633 467 2679 mabat,
495 2637 620 2667 tantos
645 2643 865 2678 progressus
902 2630 995 2665 fecit
1032 2635 1070 2664 et
1094 2630 1141 2664 ad
1167 2634 1311 2664 tantam
1338 2628 1529 2663 doctrinae
1559 2627 1831 2674 perfectionem
1868 2627 2062 2674 pervenit,

323 2698 364 2727 ut
390 2692 553 2728 doctoris
586 2695 623 2725 et
649 2688 1061 2736 magistriinsignibus
1087 2689 1127 2723 in
1153 2688 1396 2723 celeberrimo
1434 2686 1635 2721 Parisiensi
1669 2686 1870 2732 gymnasio
1905 2685 2063 2720 solemni

323 2765 423 2787 more
450 2752 662 2796 decoratus,
691 2761 834 2783 sacram
858 2748 1091 2793 theologiam
1115 2747 1259 2781 ibidem
1284 2746 1439 2792 publice
1465 2745 1657 2791 professus
1683 2745 1741 2780 sit.

417 2810 436 2857 ξ
462 2810 493 2844 3.
521 2809 679 2843 Tantam
705 2820 792 2842 vero
818 2807 969 2841 laudem
995 2807 1034 2840 in
1072 2805 1345 2851 interpretandi
1370 2816 1525 2838 munere
1541 2808 1592 2838 ‘et
1617 2804 1656 2837 in
1690 2804 1886 2838 universae
1921 2802 2066 2837 theolo-

323 2871 406 2914 giae
434 2868 591 2904 scientia
616 2871 673 2901 est
699 2870 939 2911 consecutus,
968 2870 1010 2899 ut
1035 2864 1106 2899 viri
1141 2863 1350 2898 doctissimi
1386 2863 1466 2897 eius
1500 2863 1710 2897 doctrinam
1744 2867 1781 2896 et
1814 2861 2063 2896 eruditionem

322 2926 603 2964 admirarentur.
622 2925 672 2960 Et
690 2925 844 2972 quidem
862 2923 1096 2970 multiplices
1115 2922 1233 2957 sancti
1253 2922 1323 2956 viri
1341 2921 1622 2956 lucubrationes
1642 2926 1679 2955 et
1695 2920 1888 2967 praeclara
1905 2919 2060 2965 scripta,
