2253 3317
203 963 245 981 Alia
256 962 328 980 solutio.

345 138 397 166 176

342 216 417 255 quod
438 224 488 254 per
508 215 556 244 illa
576 218 696 252 quatuor
721 212 910 242 excludantur
931 214 1051 248 quatuor
1072 218 1181 247 gre-nera

343 263 589 300 composiliomun.
611 260 718 288 Prima
739 259 812 288 enim
834 261 875 287 est
896 258 1030 287 essentiae
1052 264 1088 285 ex
1109 256 1182 293 prin-

342 310 421 347 cipiis
441 307 646 341 essentialibus,
662 306 767 334 ratione
788 305 868 333 euius
883 304 993 337 dicitur,
1014 303 1088 340 quod
1104 303 1181 331 Deus

342 365 397 384 non
414 359 455 384 est
467 363 501 383 ear
525 353 703 390 compositis,
720 352 747 381 id
762 355 803 380 est
822 351 905 379 simul
920 350 1024 387 positis.
1049 349 1183 378 Secunda.

342 405 383 431 est
404 401 574 430 substantiae
594 408 629 428 ex
651 398 793 436 principiis
815 397 1003 429 naturalibus,
1024 403 1096 432 quae
1118 398 1183 424 sunt

342 447 458 476 materia
478 450 505 475 et
526 447 629 479 forma,
658 445 763 473 ratione
792 444 876 472 huius
897 443 1010 471 dicitur:
1035 450 1121 479 neque
1148 449 1182 469 ex

342 493 486 530 infirmis,
507 492 572 529 quia
593 491 709 520 materia
731 490 854 519 subiecta
869 493 910 518 est
929 488 1090 526 privationi,
1112 495 1182 524 quae

342 540 406 568 l'acit
426 539 544 567 formam
565 545 625 567 esse
640 537 796 566 instabilem
810 536 817 549 ¹
841 538 868 564 et
888 535 1044 568 infirmam,
1065 536 1092 562 et
1112 533 1182 562 simi-

342 586 414 614 liter'
432 584 592 617 materianu
627 583 737 611 infirma
765 582 838 611 enim
871 581 1003 609 dicuntur
1035 579 1182 608 instabilia.

349 631 446 660 Tertia
465 634 506 659 est
521 630 682 667 compositio
704 629 784 657 mixti
806 636 842 657 ex
858 627 1054 658 miscibilibus,
1078 626 1182 654 ratione

342 678 422 707 cuius
446 677 523 705 dicit:
552 685 641 714 neque
668 684 702 703 ex
730 675 876 707 obscuris,
898 674 963 711 quia
991 673 1039 702 ubi
1066 673 1181 707 mixtio,

342 724 379 752 ibi
401 723 538 760 quaedam
563 723 717 750 formarum
739 721 875 754 confusio,
903 723 930 749 et
954 720 991 748 ita
1015 719 1182 747 obscuratio.

344 770 459 805 Quarta
473 772 514 797 est
526 768 686 805 compositio
698 767 811 795 animati
823 774 859 795 ex
873 765 1001 802 partibus
1012 765 1182 801 disparibus,

342 824 378 845 ex
400 816 492 844 anima
519 815 647 843 videlicet
671 817 697 842 et
718 821 847 850 corpore,
869 812 974 841 ratione
995 811 1081 840 huius
1102 812 1182 840 dicit:

345 871 431 900 neque
442 870 476 889 ex
487 860 622 898 partibus
638 859 825 897 disparibus,
841 859 911 897 qaia
927 859 986 895 ipse
1000 858 1183 895 eslspirilas.

420 908 503 936 Aliter
519 910 610 935 tamen
632 910 721 943 potest
735 906 805 940 dici,
826 905 901 942 quod
920 905 1046 933 excludit
1067 904 1184 933 eandem

343 954 568 991 compositionem
583 953 689 981 ratione
710 953 897 980 diuersarum
919 951 1124 979 conditionum.
1146 951 1184 979 Ad

344 1002 395 1030 boc
410 1001 483 1029 enim
504 1000 579 1037 quod
594 1000 687 1036 aliqua
700 999 708 1012 ²
724 999 860 1036 principia
877 998 1045 1027 constituant
1063 997 1184 1034 aliquid,

1033 129 1282 161 SENTENTIARUM
1304 128 1362 157 LlB.
1384 126 1402 156 L

1238 208 1361 246 oportet,
1383 209 1457 245 quod
1479 209 1614 246 principia
1635 209 1689 238 sint
1709 206 1891 246 differentia,
1914 208 2080 245 5101010000-

1239 254 1352 288 (letitia,
1374 254 1428 283 sint
1456 254 1643 292 imperfecta,
1672 255 1726 283 sint
1754 254 1836 283 etiam
1865 252 2023 291 clifformia.
2052 254 2079 282 Si

1238 301 1312 329 enim
1333 303 1425 329 essent
1445 301 1557 329 omnino
1578 301 1730 329 conformia
1743 302 1770 329 et
1790 300 1925 337 perfecta,
1945 307 2000 328 non
2021 308 2085 337 pos--

1239 350 1299 376 sent
1313 347 1419 384 aliquid
1433 347 1610 381 constituere,
1625 347 1691 383 quia
1705 354 1741 375 ex
1758 347 1868 375 duobus
1890 347 2001 375 entibus
2016 349 2080 375 actu

1240 394 1309 421 nibil
1330 393 1389 421 iit³.
1412 393 1482 429 Quia
1502 401 1568 429 ergo
1590 392 1770 430 differentia,
1792 393 1853 422 ideo
1881 396 1946 421 sunt
1973 400 2081 429 compo-

1240 440 1299 474 sita,
1311 439 1390 476 quasi
1412 447 1477 467 cum
1497 439 1558 468 aliis
1580 439 1684 476 posita,
1706 439 1771 476 quia.
1792 439 1995 476 dependentia,
2018 438 2080 467 ideo

1240 485 1388 520 infirma⁴³3
1409 486 1475 522 quia
1496 484 1683 522 imperfecta,
1705 485 1767 514 ideo
1787 485 1919 519 obscura,
1939 485 2005 521 quia
2026 483 2086 512 clis-'

1239 532 1367 565 similia,
1389 532 1451 560 ideo
1472 531 1601 568 disparia.
1624 532 1699 560 Deus
1720 534 1813 560 autem
1834 539 1888 559 non
1909 533 2000 568 potest
2020 538 2089 559 essen

1240 586 1276 607 ex
1298 578 1509 607 differentibus⁵
1530 580 1556 606 et
1578 578 1709 612 diversis,
1731 578 1796 614 quia
1824 580 1865 606 est
1893 577 1950 605 vita
1971 584 2021 614 per
2042 584 2082 605 es-

1240 624 1372 658 sentiam,
1394 632 1448 652 non
1469 626 1559 661 potest
1580 632 1641 653 esse
1661 632 1697 652 ex
1719 623 1940 661 dependentibus
1961 627 1988 651 et
2008 622 2082 651 intir-

1240 671 1305 705 mis,
1327 671 1393 708 quia
1414 671 1503 699 virtus
1524 678 1574 707 per
1596 670 1759 704 055001111οῃ
1781 678 1835 698 non
1858 672 1948 706 potest
1970 676 2031 697 esse
2045 676 2081 696 ex

1240 717 1409 754 imperfectis
1430 720 1456 745 et
1477 717 1616 751 obscuris,
1638 717 1704 753 quia
1725 716 1775 744 lux
1797 718 1853 750 est;
1875 715 2003 744 similiter
2027 722 2082 743 non

1239 766 1329 801 potest
1343 772 1404 792 esse
1419 771 1455 792 ex
1470 764 1629 800 disparibus
1641 766 1667 792 et
1682 763 1872 797 dissimilibus,
1887 763 1953 799 quia
1968 762 2091 799 spiritus.

1240 819 1291 847 per
1305 810 1461 839 essentiam.
1477 811 1592 838 Summa
1612 818 1678 846 ergo
1693 809 1868 843 actualitas,
1888 817 1998 837 summa
2009 811 2083 845 pote-

1240 861 1318 891 stas,
1334 865 1444 885 summa
1458 856 1581 885 claritas
1590 879 1598 890 ,
1613 864 1723 884 summa
1737 855 1936 892 spiritualitas
1955 863 2008 883 non
2022 862 2083 891 per-

1240 904 1354 932 mittunt
1381 903 1408 931 in
1429 903 1486 931 Deo
1514 910 1574 931 esse
1594 903 1716 939 aliquam
1745 902 1979 939 compositionem.
2007 901 2083 930 Unde

1241 959 1277 979 ex
1299 950 1342 979 his
1369 952 1490 987 quatuor
1518 949 1721 977 conditionibus
1745 951 1865 986 quatuor
1892 948 2014 977 rationes
2038 947 2093 976 eliss

1242 997 1354 1025 ciuntur
1375 997 1524 1033 probantes
1546 996 1656 1024 DeumG
1677 995 1922 1033 simplicissimum.

1057 1105 1292 1139 DISTINCTIO
1319 1105 1371 1138 lX.

711 1222 771 1249 CAP.
797 1222 814 1248 1.

496 1309 533 1334 De
552 1306 722 1333 (lis-tiaelioae
742 1306 826 1333 [riam
843 1314 1034 1341 personarum.

412 1394 488 1420 Nunc
508 1394 542 1420 ad
561 1393 757 1419 distinctionem
778 1393 858 1418 trium
878 1399 1053 1426 personarum
1073 1392 1181 1418 acceda-

343 1444 410 1463 mus.
435 1448 445 1459 «
457 1437 604 1463 Teneamus
624 1435 720 1468 igitur,
740 1438 769 1461 ut
790 1435 869 1461 docet
881 1434 1044 1468 Augustinus
1064 1434 1089 1460 111
1111 1434 1179 1461 libro

343 1480 375 1506 de
394 1479 459 1506 Fide
478 1478 512 1505 ad
530 1477 672 1509 Pet1¹um¹,
700 1478 805 1504 Patrem
835 1480 860 1503 et
887 1477 983 1503 Filium
1003 1480 1029 1503 et
1053 1476 1183 1510 Spiritum

343 1525 464 1549 sanctum
483 1528 566 1547 unum
580 1528 637 1547 esse
651 1521 735 1546 Deum
749 1519 918 1551 naturaliter,
933 1527 981 1545 nec
994 1522 1082 1545 tamen
1097 1519 1184 1553 ipsum

342 1566 446 1591 Patrem
466 1571 524 1590 esse.
549 1563 596 1597 (1111
614 1563 696 1589 Filius
725 1565 780 1595 est,
809 1570 857 1588 nee.
883 1562 979 1588 Filium
1008 1569 1066 1588 esse
1094 1562 1181 1596 ipsum

343 1607 388 1641 qui
408 1607 485 1633 Pater
504 1609 559 1638 est,
579 1612 627 1631 nec
647 1605 775 1639 Spiritum
795 1607 917 1630 sanetum
937 1611 994 1630 esse
1023 1604 1110 1638 ipsum
1137 1604 1183 1637 qui

342 1651 419 1676 Pater
439 1653 477 1676 est
497 1652 542 1675 aut
561 1648 651 1674 Filius.
671 1648 729 1674 Una
748 1648 817 1674 enim
838 1651 877 1673 est
902 1647 1016 1674 essentia
1043 1647 1128 1672 Patris
1159 1650 1183 1672 et

342 1692 401 1718 Filii
421 1695 446 1718 et.
473 1691 588 1725 Spiritus
617 1690 715 1722 sancti,
736 1690 761 1715 111
791 1697 844 1723 qua
868 1697 919 1715 non
940 1692 979 1715 est
999 1688 1071 1714 aliud
1091 1689 1183 1721 Pater,

342 1734 414 1760 aliud
445 1734 544 1765 Filius,
576 1732 648 1759 aliud
676 1732 792 1766 Spiritus
821 1735 943 1764 sanetus,
975 1732 1098 1766 quamvis
1128 1739 1185 1765 per-

341 1776 467 1803 sonaliter
493 1776 561 1802 alius
587 1775 620 1801 sit
639 1775 729 1806 Pater,
759 1774 827 1800 alius
846 1774 943 1806 Filius,
973 1774 1041 1800 alius
1065 1774 1180 1808 Spiritus

343 1823 451 1846 sanctus
461 1818 469 1831 ²
481 1829 505 1844 u.

710 1902 770 1928 Cu).
790 1902 818 1928 Π,

518 1989 556 2014 De
575 1986 760 2013 coaeternitate
780 1986 871 2013 Patris
891 1991 914 2012 et
932 1985 1008 2013 Filii.

413 2073 523 2099 Genitus
542 2076 581 2099 est
609 2073 679 2099 enim
708 2079 722 2098 a
750 2073 827 2098 Patre
856 2072 952 2104 Filius,
973 2075 998 2098 et
1018 2072 1077 2098 ideo
1099 2072 1181 2103 alius,

344 2123 392 2142 nec
413 2119 501 2142 tamen
526 2118 585 2141 ante
611 2115 658 2141 fuit
686 2115 763 2141 Pater
791 2121 872 2149 quam
900 2115 997 2146 Filius;
1026 2118 1184 2141 coaeternae

345 2159 414 2185 enim
434 2158 485 2184 sibi
504 2162 565 2184 sunt
584 2161 637 2184 tres
664 2165 803 2192 personae.
824 2158 876 2184 Sed
899 2161 991 2184 eontra
1020 2158 1071 2184 hoe
1100 2158 1187 2192 inquit

1242 1221 1408 1252 haereticus⁷
1428 1223 1457 1247 ut
1476 1221 1556 1248 refert
1574 1221 1732 1248 Ambrosius
1752 1221 1778 1247 in
1792 1221 1859 1248 libro
1879 1221 1966 1255 primo
1986 1221 2019 1248 de
2032 1221 2085 1248 Tri-

1243 1263 1356 1290 nitate³:
1382 1263 1485 1290 «Omne
1504 1264 1576 1298 quod
1590 1267 1681 1290 natum
1701 1267 1752 1296 est,
1771 1264 1937 1298 principium
1950 1264 2044 1297 habet;
2059 1268 2085 1291 et

1243 1306 1317 1339 ideo,
1337 1306 1401 1340 (111111
1419 1306 1502 1333 Filius
1521 1310 1574 1338 est,
1594 1307 1757 1341 principium
1771 1307 1852 1333 habet
1866 1310 1892 1333 et
1906 1314 1964 1334 esse
1983 1307 2084 1341 eoepit;

1242 1349 1314 1383 quod
1334 1349 1531 1375 haereticorum
1551 1356 1598 1375 ore
1629 1349 1667 1375 510
1696 1350 1797 1375 dictum
1818 1352 1891 1376 est».
1917 1349 2007 1376 «Nam
2027 1349 2085 1383 ipse

1242 1392 1337 1424 Arius,
1366 1394 1395 1417 ut
1422 1392 1542 1418 meminit
1561 1392 1725 1425 Augustinus
1745 1393 1770 1418 in
1790 1395 1865 1419 sexto
1885 1392 1954 1419 libro
1975 1392 2008 1419 de
2033 1393 2085 1419 Tri-

1242 1433 1324 1459 nitate
1334 1433 1352 1467 ⁴,
1381 1434 1480 1460 dixisse
1506 1434 1602 1460 fertur:
1632 1434 1659 1461 Si
1687 1434 1770 1461 Filius
1798 1438 1851 1468 est,
1872 1438 1950 1461 natus
1977 1438 2032 1468 est;
2058 1435 2080 1461 si

1243 1479 1320 1502 natus
1339 1480 1391 1508 est,
1412 1480 1482 1509 erat,
1502 1477 1609 1510 quando
1630 1484 1681 1503 11011
1701 1480 1758 1503 erat
1778 1477 1894 1503 Filius».

1312 1519 1360 1550 Qui
1381 1519 1432 1545 hoe
1461 1519 1526 1545 dicit
1557 1527 1631 1546 «non
1652 1519 1789 1553 intelligit,
1810 1520 1889 1546 etiam
1908 1524 2005 1546 natam
2030 1528 2083 1546 esse

1243 1561 1274 1587 de
1293 1562 1346 1587 Deo
1365 1562 1557 1595 sempiternum
1578 1569 1650 1594 esse,
1671 1564 1700 1588 ut
1718 1562 1752 1587 sit
1780 1565 1937 1588 coaeternus
1956 1562 2027 1589 Patri
2046 1562 2086 1588 Fi-

1242 1604 1308 1637 lius,
1328 1604 1397 1630 510111
1416 1604 1556 1637 splendor,
1576 1604 1620 1638 qui
1642 1604 1758 1638 gignitur
1772 1604 1805 1630 ab
1820 1605 1879 1637 igne
1897 1607 1977 1639 atque
1994 1604 2086 1631 (1111011-

1243 1646 1328 1679 ditur,
1348 1653 1464 1672 coaevus
1492 1649 1531 1672 est
1552 1643 1604 1679 illi,
1631 1650 1657 1673 et
1676 1649 1745 1673 esset
1774 1650 1948 1680 coaeternus,
1968 1647 1990 1673 si
2020 1647 2085 1681 ignis

1243 1691 1312 1715 esset
1332 1692 1455 1715 aeternus
1466 1688 1475 1701 ⁵
1486 1699 1510 1714 ιι.

1313 1731 1393 1757 110111;
1420 1742 1429 1753 «
1441 1731 1467 1758 Si
1488 1731 1534 1757 Dei
1554 1731 1650 1764 Filius,
1666 1731 1752 1766 inquit
1764 1732 1942 1765 Augustinus,
1962 1732 2047 1759 virtus
2060 1736 2086 1760 et

1242 1775 1373 1808 sapientia
1392 1775 1439 1800 Dei
1459 1777 1512 1807 est,
1535 1782 1584 1801 nee
1609 1782 1727 1809 unquam
1747 1775 1795 1801 fuit
1815 1776 1885 1802 Deus
1912 1775 1968 1802 sine
1988 1776 2085 1803 virtute

1243 1820 1269 1843 et
1287 1817 1432 1851 sapientia,
1452 1820 1611 1843 coaeternus
1631 1820 1670 1843 est
1683 1817 1737 1844 Deo
1756 1818 1826 1844 Patri
1846 1817 1936 1844 Filius.
1955 1818 2025 1844 Dicit
2043 1826 2087 1845 au-

1243 1863 1296 1886 tem
1315 1859 1458 1893 Apostolus
1469 1859 1486 1885 ⁶:
1508 1859 1645 1886 &tristavit
1659 1868 1711 1886 esse
1725 1859 1776 1886 Dei
1791 1859 1919 1887 virtatem
1938 1864 1961 1887 et
1979 1860 2031 1887 Dei
2047 1869 2087 1888 sa-

1241 1901 1393 1936 pz‘ena'a·m;
1412 1905 1458 1928 aut
1478 1909 1540 1935 ergo
1566 1910 1617 1928 non
1638 1902 1701 1935 fuit,
1721 1902 1828 1937 quando
1847 1910 1899 1929 non
1919 1903 1967 1929 suit
1985 1903 2085 1937 Filius,

1244 1947 1289 1971 aut
1309 1944 1451 1978 aliquando
1472 1945 1542 1971 Deus
1555 1952 1607 1971 non
1622 1945 1716 1971 habuit
1735 1945 1860 1971 virtutem
1880 1948 1905 1972 et
1918 1945 2085 1980 sapientiam⁷

1243 1987 1315 2021 quod
1329 1987 1459 2013 dementis
1472 1990 1511 2014 est
1524 1987 1648 2014 dicere».
1668 1987 1777 2014 Constat
1796 1988 1880 2019 enim,
1901 1988 1964 2022 quia
1979 1995 2086 2022 semper

1244 2029 1338 2056 habuit
1357 2030 1530 2063 sapientiam,
1550 2037 1656 2063 semper
1676 2037 1738 2063 ergo
1758 2029 1852 2056 habuit
1871 2030 1975 2056 Filium.

1314 2072 1407 2098 Eidem
1427 2079 1534 2106 quoque
1547 2072 1688 2098 Arianieae
1701 2072 1851 2106 quaestioni
1864 2072 2021 2099 Ambrosius
2033 2072 2041 2085 ⁷
2060 2073 2090 2099 111Ἰ

1244 2115 1314 2141 hunc
1334 2115 1443 2141 modum
1463 2115 1620 2148 respondet:
1646 2115 1736 2148 «Ego,
1758 2115 1881 2150 inquam,
1900 2116 1997 2142 Filium
2026 2123 2084 2143 esse

1244 2160 1335 2183 natum
1354 2158 1497 2189 coniite0r3
1524 2158 1597 2191 quod
1626 2157 1760 2192 reliquum
1788 2161 1827 2184 est
1856 2158 2000 2192 impietatis
2027 2159 2086 2185 lior-

408 2302 414 2316 ¹
434 2302 484 2324 Vat.
503 2308 556 2324 01101
573 2302 623 2324 cod.
641 2308 681 2329 00,
699 2302 748 2324 aliis
766 2305 840 2324 tamen
859 2302 926 2324 codd.
944 2305 965 2324 et
990 2302 1026 2324 ed.
1051 2303 1055 2323 l
1086 2302 1186 2324 obniten-

345 2341 405 2364 tibus
416 2360 421 2369 ,
438 2340 574 2363 mutabilem
592 2347 634 2369 pro
651 2347 699 2363 esse
717 2340 856 2363 instabilem.

407 2380 417 2394 2
434 2380 598 2407 Supplevimus
615 2379 695 2409 aliqua
713 2386 739 2401 ex
761 2380 765 2401 1
788 2379 823 2401 ed.
842 2382 862 2402 et
880 2379 987 2402 omnibus
1004 2386 1058 2402 mss.
1069 2398 1073 2407 ‚
1086 2386 1185 2408 quorum

346 2419 409 2440 multi
427 2421 501 2440 tamen
519 2424 570 2440 mox
588 2419 693 2440 omittunt
709 2418 806 2447 aliquid.

407 2457 416 2471 3
434 2458 539 2484 Ariston,
558 2457 601 2478 x’ll.
620 2457 715 2485 Metaph.
734 2460 784 2479 text.
807 2457 839 2479 te.
859 2457 904 2485 (w.
917 2464 936 2479 0.
954 2457 995 2484 13.)
1007 2462 1012 2478 ;
1025 2457 1074 2479 Duo
1087 2462 1186 2485 namque

345 2497 377 2518 510
394 2498 460 2523 aetu,
479 2502 596 2524 nunquam
613 2499 666 2518 sunt
682 2502 754 2517 unum
772 2498 855 2518 aetum.
875 2502 927 2517 01101
945 2499 1008 2518 110105
1025 2498 1123 2523 separat.

408 2534 416 2548 ⁴
435 2535 495 2556 Multi
513 2534 580 2556 codd.
598 2540 651 2556 cum
669 2534 704 2556 ed.
727 2535 731 2555 1
754 2534 882 2563 informia,
902 2534 942 2556 sed
960 2535 1022 2556 111150.

408 2573 417 2587 5
435 2574 578 2601 Antiquiores
595 2573 661 2595 codd.
680 2579 733 2595 00111
750 2573 786 2595 ed.
809 2573 813 2594 1
843 2574 949 2596 omittunt
974 2572 1133 2602 differentibus
1150 2574 1186 2596 el.

347 2618 388 2639 pro
406 2618 451 2640 (1110
469 2612 520 2633 cod.
538 2618 563 2633 00
579 2614 601 2633 01
617 2612 670 2633 edd.
688 2613 716 2639 2,
735 2612 759 2639 3,
778 2612 790 2633 6
813 2612 897 2633 habent
913 2611 1099 2641 dependentibus.
1118 2612 1186 2633 Paulo

347 2653 398 2677 post
416 2650 464 2672 Vat.
482 2657 535 2672 eum
553 2650 603 2672 cod.
620 2656 661 2678 00,
679 2651 727 2672 aliis
745 2654 821 2672 autem
839 2657 893 2673 mss.
911 2657 964 2673 01101
986 2651 1022 2673 ed.
1052 2651 1056 2672 1
1086 2650 1187 2673 obniten-

347 2688 421 2713 tibus,
440 2690 520 2711 omittit
536 2688 715 2718 dependentibus
732 2690 759 2711 et.

408 2727 417 2741 ⁶
434 2727 507 2755 Aliqui
525 2728 591 2749 codd.
610 2730 633 2749 ut
651 2727 722 2749 KVY
734 2734 759 2749 ee
772 2727 858 2750 addunt
870 2734 925 2750 esse.
937 2740 969 2744 —
984 2727 1028 2750 Csr.
1046 2729 1069 2750 B.
1091 2728 1186 2753 Albert..

347 2766 383 2786 bic
400 2771 419 2786 a.
438 2765 474 2786 33.
490 2777 522 2781 —-
538 2766 559 2787 S.
577 2766 659 2787 Τ110111.
677 2768 698 2787 et
715 2766 814 2787 Rieliard
830 2784 834 2791 ,
853 2767 888 2788 1110
906 2767 965 2788 eirea
984 2767 1013 2789 lit.

517 2803 611 2826 NOTAE
628 2803 664 2825 Ab
681 2803 756 2825 LIBR.
775 2803 1013 2827 SENTENTIARU'M.

410 2841 416 2855 ¹
436 2842 489 2869 Cap.
511 2843 528 2864 l.
547 2849 567 2864 0.
586 2842 605 2863 ”)’.
623 2854 654 2858 -
671 2843 692 2864 ln
711 2843 824 2870 princ-ipio
847 2842 996 2865 distinctionis
1021 2850 1101 2865 onmes
1118 2843 1186 2865 codd.

347 2882 450 2903 omittunt
470 2880 548 2903 triton.

1305 2302 1314 2316 ²
1332 2302 1381 2324 Vat.
1400 2302 1452 2323 huic
1469 2302 1568 2329 capitulo
1590 2301 1652 2323 addit
1675 2301 1746 2323 verbu
1772 2303 1888 2331 sequentis
1913 2310 1963 2331 cap.
1989 2303 2085 2327 Gentius

1243 2342 1278 2364 est
1294 2347 1367 2369 usque
1384 2340 1453 2363 alius.

1307 2379 1316 2394 3
1334 2379 1387 2407 Cap.
1411 2380 1443 2401 ll.
1462 2386 1482 2401 0.
1501 2379 1537 2401 73.
1555 2391 1586 2395 -
1603 2379 1753 2401 Solmnmodo
1779 2380 1828 2401 Vat.
1847 2383 1868 2401 et
1890 2380 1943 2402 edd.
1967 2380 1992 2409 4,
2018 2381 2044 2409 6,
2071 2382 2084 2403 8

1244 2419 1312 2440 citant
1328 2419 1389 2440 11000
1406 2417 1491 2440 librum
1508 2417 1551 2439 sub
1578 2418 1669 2439 nomine
1694 2417 1721 2440 cle
1737 2417 1793 2440 Fide
1810 2417 1841 2440 acl
1864 2418 2021 2446 Gratianum,-
2044 2420 2084 2442 cfr.

1244 2463 1313 2484 supra
1332 2457 1384 2478 Dis'.
1403 2456 1425 2478 ll.
1443 2462 1461 2478 c.
1481 2456 1500 2477 l.
1518 2456 1540 2477 10
1559 2458 1618 2477 textu
1637 2459 1713 2478 eontra
1732 2457 1841 2484 originale
1859 2461 1880 2479 et
1905 2457 1972 2479 codd.
1995 2461 2094 2480 nostros.

1244 2495 1292 2517 Vat.
1311 2501 1364 2517 eum
1382 2495 1462 2517 ceteris
1478 2494 1530 2517 edd.
1549 2496 1600 2521 post
1617 2494 1692 2517 Filius
1709 2495 1772 2517 addit
1788 2496 1867 2518 uatus.

1306 2533 1314 2547 ⁴¹
1336 2533 1390 2561 Cap.
1413 2534 1430 2555 1.
1448 2540 1469 2555 n.
1491 2534 1496 2554 1
1511 2551 1515 2561 ‚
1534 2533 1595 2555 unde
1612 2536 1634 2555 et
1651 2533 1710 2555 duae
1727 2534 1885 2561 auctoritates,
1903 2540 1961 2563 quae
1984 2540 2085 2563 sequun-

1244 2575 1294 2597 tur.
1313 2574 1401 2594 sumtae
1418 2574 1476 2594 sunt.
1494 2572 1516 2593 ln
1535 2573 1610 2599 primo
1627 2574 1687 2594 textu
1705 2566 1850 2594 solummodo
1871 2573 1920 2594 Vat.
1933 2575 1955 2594 et
1966 2572 2018 2595 edd.
2032 2573 2057 2601 4,
2070 2574 2083 2595 6

1244 2616 1297 2632 eum
1313 2610 1416 2637 originali
1429 2610 1550 2637 Augustini
1563 2612 1613 2632 ante.
1626 2610 1720 2639 qnando
1732 2610 1820 2632 addunt
1832 2612 1929 2640 tempas.
1948 2611 1993 2633 Sed
2005 2615 2083 2633 notum

1244 2650 1352 2677 adagium
1370 2649 1415 2671 Arii
1438 2651 1482 2671 est:
1501 2649 1553 2671 Erat
1569 2649 1662 2677 quando
1680 2656 1723 2671 non
1736 2652 1784 2672 erat
1802 2646 1837 2678 (ἥν
1850 2657 1905 2671 ποτε
1916 2668 1921 2677 ,
1936 2647 1972 2671 ὅτε
1986 2647 2023 2672 ὀυν
2037 2645 2082 2680 ἦν).

1306 2688 1316 2702 5
1333 2688 1383 2710 Sola
1401 2688 1451 2710 Vat.
1470 2694 1592 2715 perperam
1611 2689 1692 2710 omittit.
1709 2689 1826 2711 aeternus.

1305 2726 1314 2741 6
1332 2727 1344 2748 l.
1363 2726 1412 2749 Cor.
1436 2727 1459 2753 1,
1479 2726 1522 2753 24-;
1541 2727 1581 2749 sed
1599 2727 1621 2748 10
1639 2727 1735 2754 Vulgata
1758 2730 1777 2748 et
1796 2728 1922 2755 Augustino
1948 2727 2011 2749 deest
2027 2733 2082 2750 esse.

1244 2766 1312 2787 Paulo
1330 2767 1381 2787 ante
1398 2767 1449 2792 post
1465 2767 1603 2788 couplet-mis
1622 2765 1672 2787 Vat.
1690 2769 1711 2787 et
1728 2765 1779 2787 edd.
1799 2765 1824 2793 si,
1844 2766 1856 2787 9
1874 2759 1961 2787 addunt
1977 2771 2039 2795 erqo.

1306 2804 1315 2818 ⁷
1332 2805 1383 2826 Loca
1402 2805 1437 2826 cit.
1455 2816 1486 2820 —
1502 2805 1532 2826 Ex
1549 2805 1630 2826 eodem
1649 2805 1706 2826 libro
1724 2811 1742 2827 0.
1761 2805 1781 2826 8.
1800 2811 1820 2826 n.
1839 2804 1868 2826 55
1886 2805 2003 2832 proximus
2015 2805 2082 2827 liuius

1244 2844 1336 2870 capituli
1354 2843 1417 2864 10005
1434 2845 1523 2864 sumtus
1534 2845 1574 2869 051,
1588 2843 1703 2865 secundus
1720 2846 1740 2864 et
1758 2843 1836 2864 tertius
1853 2849 1878 2864 ex
1896 2849 1914 2864 e.
1934 2843 1953 2864 9.
1973 2848 1993 2864 0.
2012 2842 2048 2865 58.
2061 2846 2082 2865 ct

1244 2881 1287 2909 59,
1306 2884 1401 2909 quartus
1418 2887 1443 2903 ex
1461 2881 1542 2903 eodem
1560 2888 1609 2909 0111),
1628 2888 1649 2903 n.
1668 2881 1703 2903 60.
