2253 3317
36 1471 138 1494 Responsio

10 1495 35 1513 ad
46 1495 59 1512 Ι.
70 1496 140 1517 quaest.

13 2030 62 2047 Ada.
69 2031 140 2052 quaest.

886 152 965 179 blst'.
990 152 1064 180 xvtt.
1088 153 1114 180 ι).
1138 152 1166 179 [Ι.

153 228 251 253 caritas
269 227 303 253 sit
321 226 436 260 Spiritus
455 230 563 254 sauctus
583 230 608 254 et
627 222 726 254 donum
752 228 926 255 excellentius
938 249 944 260 ,
972 231 997 255 et
1024 224 1025 227 ’

152 268 286 303 quomodo
306 268 357 294 hoc
370 268 484 300 donum,
499 269 525 295 id
539 273 578 296 est
592 269 707 303 Spiritus
720 274 840 303 sanctus,
861 271 940 297 detur
952 278 996 297 no-

153 311 207 342 bis,
220 310 323 337 scilicet
335 317 396 337 eum
410 310 445 336 ita
461 310 611 344 impertitur
630 312 722 344 alicui⁷
744 312 768 338 id
791 316 843 346 est,
864 313 899 340 ita
914 313 995 340 habet

1845 156 1899 182 282)

1055 236 1112 255 esse
1126 229 1151 255 in
1165 229 1269 263 aliquo,
1283 233 1311 256 ut
1325 237 1385 256 eum
1406 230 1484 257 saciat
1504 230 1549 257 Dei
1571 233 1596 257 et
1610 231 1725 265 proximi
1744 235 1898 259 amatorem.

1052 271 1127 302 Quod
1146 279 1207 298 cum
1227 272 1301 304 facit,
1322 276 1383 299 tunc
1404 273 1460 299 dari
1478 273 1575 299 dicitur
1594 274 1650 300 sive
1670 274 1735 300 mitti
1756 274 1854 305 alicui,
1875 278 1898 301 et

1053 316 1115 340 tunc
1134 314 1177 340 ille
1197 314 1295 341 (licitur
1314 316 1422 349 proprie
1443 315 1542 342 habere
1563 316 1689 350 Spiritum
1710 320 1840 344 sanctum.

970 419 1041 447 PARS
1062 418 1090 447 11.

517 525 577 551 CAr.
598 526 628 551 V.

155 590 250 616 Utrum
268 589 385 624 Spiritus
403 594 511 616 sallellas
530 594 660 625 [acy-eamr
675 590 704 616 m
717 590 825 617 homme
840 591 882 617 uel
901 591 993 617 mc'mcs

222 636 245 658 et
264 631 348 667 maglt's
368 631 498 659 habeatur
518 632 560 658 cel
577 632 671 663 (betur,
692 637 715 658 et
733 641 770 659 (ιη
789 633 867 659 stetur
887 633 996 660 habenti

222 679 245 700 μί
265 683 320 701 non
339 674 455 702 habenti.

223 741 269 766 Hic
289 741 441 774 quaeritur,
461 741 482 766 si
503 741 600 767 caritas
620 740 735 775 Spiritus
748 744 856 767 sanctus
870 744 921 772 est,
935 748 996 767 cum
1025 734 1026 744 ¹

153 783 210 817 ipsa
229 786 358 816 augeatur
385 786 410 809 et
439 783 575 809 minuatur
603 783 629 809 iu
659 783 766 809 homine
801 786 827 809 et
859 784 943 817 magis
972 786 998 810 et

152 825 239 851 minus
259 832 306 859 per
324 825 434 851 diversa.
452 829 571 860 tempora
585 826 730 857 habeatur,
747 828 836 852 utrum
850 825 996 852 eonceden-

151 868 214 894 ‹lnm
235 868 282 899 sit,
301 868 372 902 quod
394 868 508 903 Spiritus
527 872 635 895 sauctus
655 871 784 901 augeatur
798 868 838 895 vel
860 869 996 894 minuatur

152 911 177 936 iu
196 910 304 936 homine
329 914 355 937 et
384 912 467 944 magis
488 911 528 937 vel
541 911 548 924 ¹
569 911 657 937 miuus
678 911 816 937 habeatur.
837 911 862 937 Si
884 911 954 937 enim
971 911 995 937 ιιι

152 952 259 979 homine
279 955 391 986 augetur
410 955 436 979 et
455 953 537 987 magis
558 953 598 979 vel
621 953 709 979 minus
729 953 807 980 datur
827 956 852 979 ct
873 953 995 985 habetur,

151 996 286 1022 mutabilis
306 1003 364 1022 esse
384 996 503 1027 videtum
524 997 594 1022 Deus
615 999 704 1022 autem
724 997 832 1023 omnino
847 996 996 1022 immutabi—

152 1038 183 1064 lis
207 1042 253 1065 est.
274 1038 386 1065 Videtur
405 1046 482 1073 ergo,
502 1039 574 1072 quod
595 1039 636 1065 vel
665 1038 780 1073 Spiritus
808 1042 916 1065 sanctus
945 1046 995 1065 uon

151 1081 186 1107 sit
204 1081 316 1112 caritas,
337 1081 378 1107 vel
397 1082 494 1107 caritas
515 1089 566 1107 non
585 1084 715 1114 augeatur
744 1081 785 1108 vel
806 1082 941 1108 minuatur
971 1082 996 1107 iu

152 1124 267 1151 homine.
287 1124 362 1154 Item,
382 1124 480 1150 caritas
500 1127 526 1150 et
545 1131 596 1150 uon
609 1124 718 1150 habenti
733 1124 823 1155 datur,
844 1127 872 1150 ut
886 1124 997 1155 habeat,

152 1170 178 1193 et
196 1166 319 1198 habenti,
341 1170 369 1192 ιιι
387 1166 493 1200 plenius
513 1166 638 1193 habeat2.
666 1166 692 1192 Si
721 1173 783 1199 ergo
804 1166 920 1200 Spiritus
940 1173 997 1193 san-

152 1213 211 1236 ctus
230 1209 328 1236 caritas
348 1213 400 1241 est,
420 1212 443 1235 et
469 1216 520 1235 non
545 1209 651 1235 habenti
679 1209 774 1241 datur,
794 1212 822 1235 ut
842 1209 951 1241 habeat,
972 1213 997 1236 et

152 1252 274 1284 habenti,
296 1255 323 1279 ut
343 1252 448 1286 plenius
476 1252 581 1278 habeat.
610 1251 660 1278 Sed
690 1252 825 1286 quomodo
846 1252 925 1278 datur
945 1260 995 1278 non

153 1295 275 1327 habenti,
294 1302 355 1322 eum
377 1295 434 1329 ipse
454 1298 481 1321 ιιι
502 1295 572 1321 Deus
592 1295 625 1321 sit
653 1295 754 1329 ubique
774 1297 799 1321 et
820 1295 845 1320 in
874 1295 997 1321 onmibus

151 1338 282 1365 creaturis
301 1338 387 1364 totus?
407 1340 432 1364 et
451 1337 586 1372 quomodo
606 1337 711 1371 plenius
730 1337 809 1364 datur
823 1337 862 1363 vel
883 1337 997 1364 habetur

151 1380 208 1406 sine.
227 1380 268 1406 sui
288 1381 454 1407 mutatione?

230 1425 275 1451 His
295 1425 330 1450 ita
342 1422 350 1435 ⁸
371 1423 563 1457 respondemus
577 1423 710 1451 (licentes,
724 1423 796 1456 quod
811 1422 926 1456 Spiritus
940 1430 997 1449 sau-

150 1473 209 1496 ctus
237 1469 293 1495 sive
321 1467 419 1493 caritas
446 1466 553 1499 penitus
581 1465 757 1492 immutabilis
785 1469 825 1492 est
844 1473 893 1491 nec
924 1465 948 1491 in
968 1473 996 1492 se

150 1513 263 1544 augetur
294 1509 335 1535 vel
367 1507 495 1534 minuitur
527 1514 576 1533 nec
608 1507 633 1533 in
660 1514 688 1534 se
717 1507 813 1541 recipit
842 1507 926 1540 inagis
955 1507 997 1533 vel

151 1553 253 1584 atinus,
272 1552 318 1579 scd
339 1552 364 1577 in
394 1551 500 1577 homine
526 1551 567 1577 vel
587 1551 676 1585 potius
704 1550 805 1576 homini
831 1554 942 1584 augetur
971 1553 997 1576 et

150 1595 279 1621 minuitur
298 1596 324 1620 et
343 1593 427 1626 magis
448 1592 489 1619 vel
509 1592 596 1619 minus
615 1592 694 1619 datur
713 1592 755 1618 vel
779 1592 906 1625 habetur;
927 1592 996 1618 sicut

151 1638 221 1664 Deus
240 1637 339 1663 dicitur
358 1635 523 1668 magnificari
537 1638 562 1661 et
575 1635 687 1662 exaltari
702 1635 727 1661 ιιι
740 1635 832 1667 nobis,
847 1635 893 1669 qui
909 1639 995 1661 tamen

152 1679 177 1705 in
196 1686 225 1706 sc
244 1686 293 1705 nec
313 1678 498 1711 magnificatur
517 1684 565 1704 nec
580 1677 720 1703 exaltatur.
734 1677 809 1704 Unde
828 1677 961 1711 Propheta
973 1677 995 1703 ⁴:

150 1721 261 1749 Accedet
281 1721 358 1748 homo
373 1721 408 1757 (td
421 1729 466 1747 cor
479 1720 580 1751 [[ίιιιῃῑ,
595 1724 618 1746 ec
631 1719 796 1747 manahim»
810 1721 889 1746 Deus.
909 1720 996 1754 Super

151 1772 231 1799 quem
251 1764 340 1790 locum
359 1764 396 1790 ait
415 1762 592 1789 auctoritas⁵z
619 1763 709 1789 «Deus
729 1770 780 1789 non
801 1762 826 1788 ιιι
846 1769 882 1795 se,
902 1762 949 1789 sed
970 1763 995 1789 in

151 1808 232 1834 corde
252 1807 367 1833 hominis
386 1806 573 1839 grandescit».
592 1805 635 1832 Sic
656 1812 719 1838 ergo
745 1805 860 1839 Spiritus
888 1809 996 1831 sanetus

151 1850 252 1877 homini
271 1850 351 1876 datur
369 1853 394 1876 et
407 1849 485 1875 datus
498 1848 613 1883 amplius
633 1848 722 1881 datur,
737 1847 763 1874 id
778 1851 817 1874 est
830 1851 956 1881 augetur,
971 1851 996 1874 et
1023 1866 1025 1869 ψ

150 1893 235 1927 magis
254 1900 286 1919 ac
305 1892 392 1918 minus
412 1891 537 1921 habetur,
558 1894 583 1917 et
603 1894 690 1917 tamen
710 1890 885 1917 immutabilis
898 1891 995 1917 existit.

221 1936 341 1969 Cumque
360 1934 460 1968 ubique
479 1934 513 1960 sit
532 1937 557 1960 et
577 1934 602 1960 ιιι
617 1933 688 1959 οιιιιιι
703 1936 826 1960 creatura
846 1936 996 1963 totus,sunt

152 1982 238 2005 tamen
258 1978 348 2008 multi,
368 1978 412 2011 qui
433 1984 494 2003 eum
514 1984 566 2003 nou
585 1976 692 2003 habent..
718 1976 775 2002 Non
805 1976 875 2002 euim
903 1982 995 2002 omnes

151 2021 279 2055 Spiritum
299 2023 420 2047 sanctum
440 2020 546 2051 habent,
566 2019 592 2045 in
612 2019 710 2053 quibus
738 2022 790 2046 est:
819 2018 937 2052 alioquin
970 2021 996 2045 et

150 2063 317 2090 irrationales
330 2066 469 2089 creaturae
489 2062 617 2088 haberent
631 2061 758 2095 Spiritum
773 2064 909 2093 sanetum,
922 2061 994 2095 quod

151 2106 212 2132 lidei
232 2106 318 2140 pietas
337 2112 387 2131 non
408 2097 531 2130 admittit.

213 2281 220 2295 ¹
240 2281 289 2303 Vnt.
306 2283 328 2302 et
344 2279 379 2302 ed.
399 2279 411 2301 ι
430 2279 465 2302 cce!
483 2277 558 2308 nzaqis
575 2280 596 2301 et
612 2278 711 2307 min.us;
728 2278 780 2301 edd.
800 2279 823 2307 2,
842 2279 867 2305 3,
886 2278 912 2306 5,
931 2279 958 2306 7,
978 2279 991 2300 9

150 2326 203 2342 cum
221 2319 271 2342 cod.
289 2320 307 2341 D
323 2320 345 2341 et
360 2318 436 2348 magis
452 2319 473 2341 et
490 2317 570 2341 azimos
580 2326 589 2346 ;
605 2317 641 2340 cd.
660 2318 672 2339 8
686 2317 710 2340 id
726 2318 759 2340 est
770 2316 847 2347 muys-5
859 2316 901 2340 vel.
915 2318 990 2340 Sceuti

150 2363 231 2379 sumus
248 2356 315 2379 codd.
333 2356 419 2379 ABCE
437 2359 457 2378 et
475 2356 527 2378 edd.
550 2356 554 2377 1
570 2374 575 2384 ,
593 2356 614 2377 6.

213 2396 222 2410 ²
239 2396 368 2423 Respicitur
385 2395 414 2417 ad
432 2395 485 2417 Luc.
509 2396 550 2422 ta,
570 2395 606 2416 26.

212 2434 221 2449 3
240 2435 289 2456 Vnt.
306 2437 328 2456 et
343 2429 398 2456 alsae
416 2433 468 2455 edd.
487 2435 563 2455 contra
582 2433 618 2455 ed.
641 2433 645 2453 Ι
667 2436 689 2455 ct
706 2439 786 2455 omnes
803 2432 870 2455 codd.
888 2432 974 2462 itaque.

211 2473 220 2487 ⁴
238 2473 319 2495 Psalm.
337 2473 378 2501 63,
390 2472 410 2494 7.
424 2473 445 2494 8.
462 2484 494 2488 —
512 2473 560 2494 Vat.
578 2475 599 2494 et
617 2472 738 2494 nonnullae
756 2472 808 2494 edd.
823 2471 926 2500 Accedit,
941 2478 992 2493 ‹ton-

150 2511 274 2534 tradicentc
291 2512 358 2533 etiam
376 2511 481 2538 Vulgata.

212 2550 221 2565 ⁵
238 2551 326 2572 Scilicet
342 2549 492 2572 Cassiodorus
510 2555 579 2577 supra
597 2550 679 2571 Psalm.
696 2550 741 2575 (53,
762 2550 782 2571 6.
800 2561 831 2565 -
851 2550 919 2571 Paulo
941 2552 992 2577 post

150 2590 199 2611 Vat.
218 2595 271 2611 cum
288 2589 337 2610 aliis
348 2588 400 2610 edd.
412 2588 489 2617 maqis
506 2589 529 2611 nt
542 2588 629 2617 mittas,
644 2589 685 2611 sed
697 2588 763 2611 codd.
777 2587 853 2617 victqis
865 2593 893 2610 ac
905 2587 992 2610 mimis.

211 2628 221 2643 ⁶
239 2628 288 2650 Vat.
306 2631 326 2649 et
344 2628 396 2649 edd.
415 2627 443 2653 4,
462 2628 474 2649 6
493 2627 678 2657 confirmemus;
696 2627 748 2649 edd.
776 2628 780 2649 Ι
795 2645 799 2655 ,
824 2628 836 2647 8
861 2627 992 2657 fimnemus.

150 2667 198 2689 Mox
216 2666 362 2689 solummodo
380 2667 429 2688 Vat.
447 2668 468 2687 et
486 2666 522 2688 cd.
541 2666 553 2687 ιι
570 2668 619 2693 post
632 2665 701 2689 detur
712 2666 821 2688 adiiciunt
835 2664 993 2688 athabeatitr.

150 2706 251 2734 Denique
268 2705 321 2727 edd.
344 2706 348 2726 1
364 2723 369 2729 ,
388 2705 401 2726 8
418 2707 470 2732 post
488 2705 514 2727 at
528 2704 583 2733 plus
600 2705 688 2727 addunt
704 2704 742 2727 ‘vel
755 2704 857 2734 plenius.

211 2744 221 2758 ⁷
238 2744 312 2766 Tract.
331 2743 367 2765 74.
387 2744 407 2764 in
425 2743 511 2771 Evang.
531 2743 588 2765 ioan.
607 2749 628 2764 n.
647 2744 668 2765 2.
686 2746 707 2765 et
725 2744 744 2765 3.

211 2782 221 2797 ⁸
237 2783 272 2805 tv.
292 2783 347 2809 neg.
366 2783 394 2809 2,
412 2783 433 2804 5).
447 2782 557 2810 Vulgata:
571 2781 671 2805 Obsecro
682 2801 688 2810 ,
708 2783 736 2805 ut
750 2782 793 2812 fiac
809 2782 834 2805 ἰη
851 2788 888 2805 me
905 2782 994 2811 dupleoe

148 2820 246 2850 spiritus
262 2822 324 2843 ttius.
342 2821 448 2848 Magister
464 2821 532 2842 refert
549 2821 605 2842 baec
621 2820 692 2843 verba
705 2839 710 2849 ,
728 2822 786 2843 sicut
803 2821 915 2843 habentur
931 2821 994 2849 apud

149 2860 311 2887 Augustinum.
329 2860 381 2881 Post
398 2859 458 2881 hunc
476 2859 553 2881 locum
570 2865 651 2881 omnes
667 2859 735 2881 codd.
753 2862 775 2881 et
799 2859 851 2881 edd.
875 2860 879 2881 l
895 2877 899 2887 ,
918 2860 931 2880 (3
956 2859 994 2881 ad-

149 2898 207 2920 <tunt
224 2898 259 2920 vel
277 2899 298 2920 ιιι
317 2898 420 2925 margine
438 2897 473 2919 vel
498 2898 519 2919 in
546 2900 605 2919 textu
631 2900 765 2926 sequentem
793 2898 909 2925 notulam,
934 2904 993 2926 quac

277 2943 300 2966 S.
319 2943 406 2966 Bonae.
423 2955 454 2959 —
473 2943 538 2965 Tom.
558 2944 572 2965 l.

1054 570 1244 597 confirmamus
1255 570 1272 596 ⁶.
1292 571 1366 602 Quod
1387 571 1501 605 Spiritus
1521 576 1628 599 sanetus
1648 574 1731 607 magis
1755 581 1786 600 ac
1811 575 1898 601 minus

1054 612 1220 646 percipiatur
1239 615 1264 639 et
1284 613 1384 639 homini
1404 618 1534 647 augeatur
1553 619 1578 641 et
1599 623 1649 641 non
1670 616 1777 642 habenti
1807 617 1898 647 detur,

1025 651 1026 690 l
1055 657 1080 680 et
1099 655 1219 686 habenti,
1239 658 1268 681 ut
1286 656 1347 689 plus
1360 656 1502 688 habeatur,
1516 658 1677 691 Augustinus
1691 659 1806 685 ostendit
1819 667 1899 694 super

1024 693 1027 699 '
1055 697 1178 724 Ioannem
1190 697 1198 711 ⁷
1213 698 1316 724 dicens:
1336 710 1346 720 «
1358 698 1417 725 Sine
1431 699 1531 733 Spiritu
1544 704 1635 726 sancto
1649 705 1752 728 constat
1765 702 1897 729 Christum

1055 747 1103 766 nos
1122 747 1173 766 non
1195 740 1305 774 diligere
1319 742 1414 768 eteius
1434 742 1558 769 mandata
1577 750 1685 770 servare
1699 752 1749 770 non
1766 752 1859 779 posse,
1874 750 1897 772 ct

1056 782 1081 807 id
1102 790 1149 808 nos
1168 790 1248 816 posse
1267 786 1347 817 atque
1367 791 1445 818 agere
1466 788 1536 811 tanto
1566 786 1666 816 minus,
1695 790 1794 821 quanto
1823 787 1897 814 illum

1055 825 1219 859 percipimus
1243 826 1343 857 minus,
1373 830 1444 853 tanto
1472 834 1535 854 vero
1555 828 1678 862 amplius,
1698 833 1796 863 quanto
1823 831 1897 857 illum

1053 868 1219 901 percipimus
1238 869 1360 902 amplius.
1380 869 1495 904 Ideoque
1516 878 1566 896 uon
1589 871 1674 897 solum
1695 879 1745 897 non
1775 872 1896 905 habenti,

1054 917 1146 936 verum
1178 911 1257 937 etiam
1289 911 1395 938 habenti
1421 920 1471 938 non
1493 912 1625 939 ineassum
1646 914 1821 947 prmnittitur:
1846 923 1897 942 uon

1054 952 1161 979 habenti
1190 953 1306 987 quidem,
1327 957 1355 980 ut
1383 954 1529 987 habeatur,
1549 955 1656 982 habenti
1677 960 1777 989 autem,
1799 961 1826 983 ut
1846 965 1899 984 am-

1053 994 1124 1028 plius
1155 995 1293 1022 habeatur.
1324 996 1389 1022 Nam
1422 997 1443 1022 si
1472 997 1505 1023 ab
1533 997 1585 1024 alio
1615 998 1702 1024 minus
1731 1002 1757 1025 et
1782 1000 1815 1025 ab
1845 1000 1897 1026 alio

1054 1037 1169 1071 amplius
1197 1045 1249 1064 nou
1277 1038 1433 1071 haberetur,
1453 1043 1561 1066 sanetus
1588 1040 1690 1067 Eliseus
1714 1045 1805 1068 sancto
1825 1043 1898 1069 Eliae

1054 1087 1105 1106 uon
1134 1080 1268 1107 dicerets:
1290 1080 1426 1115 Spiritus,
1455 1082 1504 1116 qm*
1526 1086 1562 1108 est
1592 1082 1620 1109 [aa
1647 1087 1683 1113 ce,
1710 1083 1793 1118 rlchlo
1815 1084 1850 1110 sit
1869 1085 1898 1111 ίη

1053 1131 1102 1149 me.
1122 1123 1226 1149 Christo
1246 1127 1349 1154 autem,
1369 1125 1414 1158 qui
1435 1128 1474 1151 est
1496 1125 1541 1151 Dei
1570 1126 1665 1157 Filius,
1689 1134 1743 1152 non
1765 1126 1801 1152 ad
1826 1136 1900 1153 men-

1053 1173 1146 1191 snram
1168 1165 1246 1192 (lalus
1272 1170 1308 1192 cst
1337 1165 1453 1201 Spiritus
1465 1167 1483 1193 ξ’.
1513 1167 1604 1201 Neque
1633 1169 1702 1194 enim
1731 1169 1787 1195 sine
1813 1171 1898 1203 gratia

1054 1207 1169 1241 Spiritus
1194 1209 1279 1234 sancti
1308 1212 1347 1235 est
1375 1209 1510 1235 Medicam·
1530 1209 1580 1236 Dei
1597 1214 1619 1235 ι’(
1648 1210 1790 1238 hammum
1819 1212 1897 1238 Immo

1056 1249 1176 1276 Christus
1188 1250 1228 1281 ¹⁰;
1248 1251 1320 1284 quod
1341 1252 1409 1278 enim
1436 1255 1475 1278 est
1503 1252 1652 1286 unigenitus
1673 1253 1754 1280 Filius
1779 1255 1898 1288 aequalis

1054 1292 1139 1325 Patri,
1159 1300 1210 1319 non
1232 1296 1271 1319 est
1290 1294 1404 1325 gratiae,
1434 1294 1479 1320 sed
1509 1298 1633 1323 naturae:
1663 1296 1734 1329 quod
1755 1300 1842 1323 autem
1872 1298 1897 1323 ιιι

1054 1335 1181 1361 unitatem
1202 1343 1332 1369 personae
1352 1336 1483 1370 Unigeniti
1504 1340 1638 1363 assumtus
1658 1342 1695 1364 est
1725 1339 1813 1369 homo,
1839 1347 1897 1373 gra—

1055 1378 1106 1403 tiae
1125 1381 1178 1409 est,
1199 1385 1249 1404 non
1270 1381 1388 1405 naturae.
1408 1379 1508 1405 Ceteris
1528 1383 1615 1405 autem
1636 1381 1668 1406 ad
1690 1388 1840 1408 mensuram
1855 1382 1898 1409 ‹la-

1055 1423 1097 1446 tur
1116 1423 1142 1446 et
1160 1420 1238 1446 datus
1257 1420 1376 1451 additur,
1396 1421 1481 1448 donec
1502 1422 1646 1456 unicuique
1667 1431 1715 1456 pro
1735 1424 1813 1450 modo
1833 1432 1897 1451 suae

1054 1463 1224 1496 perfeetionis
1252 1464 1361 1497 propria
1391 1471 1515 1490 mensura
1535 1465 1736 1498 compleatur».
1759 1467 1826 1492 Eece
1855 1474 1898 1494 ex-

1052 1512 1175 1539 pressum
1187 1506 1206 1518 ¹¹
1227 1506 1318 1537 habes,
1332 1506 1404 1540 quod
1418 1506 1533 1540 Spiritus
1554 1511 1661 1534 sauctus
1675 1509 1758 1540 ualuis
1772 1512 1797 1535 et
1810 1510 1897 1536 minus

1052 1548 1130 1574 datur
1144 1548 1185 1574 vel
1200 1549 1339 1582 accipitur,
1359 1553 1384 1575 et.
1404 1549 1503 1576 homini
1525 1549 1602 1576 datus
1616 1554 1735 1583 augetur,
1750 1554 1776 1577 et
1789 1552 1896 1578 habenti

1053 1595 1079 1618 et
1094 1599 1143 1618 non
1156 1592 1264 1618 habenti
1285 1592 1377 1624 datur,
1397 1592 1459 1626 quia
1480 1592 1594 1626 Spiritus
1608 1597 1716 1620 sanetus
1729 1597 1768 1620 cst
1788 1595 1897 1626 caritas,

1053 1641 1122 1668 quae
1136 1641 1187 1660 non
1201 1634 1309 1661 habenti
1322 1634 1400 1661 datur
1414 1637 1439 1661 et
1452 1635 1478 1661 in
1492 1635 1605 1662 habente
1620 1639 1731 1669 augetur
1745 1640 1769 1663 et
1783 1633 1898 1671 proficit.

1052 1678 1148 1710 Immo,
1169 1680 1196 1703 ut
1216 1677 1304 1703 verius
1323 1680 1349 1703 et
1368 1677 1452 1710 magis
1471 1679 1580 1712 proprie
1594 1678 1699 1712 loquar,
1720 1679 1799 1705 homo
1820 1680 1845 1705 ιιι
1866 1687 1896 1707 ea

1052 1720 1159 1754 proficit
1178 1723 1203 1746 et
1223 1719 1312 1746 delicit
1331 1720 1489 1754 aliquand0;
1510 1724 1533 1747 et
1555 1724 1616 1747 tunc
1636 1722 1694 1755 ipsa
1715 1721 1813 1748 dicitur
1839 1730 1898 1756 pro-

1052 1763 1133 1789 ficere
1146 1762 1187 1788 vel
1201 1762 1324 1794 deficere,
1338 1769 1407 1796 quae
1421 1765 1507 1789 tamen
1522 1769 1570 1788 nec
1584 1763 1689 1796 proiicit
1703 1771 1751 1790 nec
1765 1764 1855 1790 deficit
1870 1764 1895 1789 in

1023 1799 1025 1836 ξ
1052 1812 1089 1836 se,
1103 1805 1166 1839 quia
1179 1805 1250 1831 Deus
1260 1807 1306 1831 est.
1318 1805 1392 1831 Unde
1408 1805 1569 1838 Augustinus
1580 1806 1604 1831 in
1616 1806 1723 1832 homilia
1736 1813 1803 1832 nona
1815 1813 1896 1840 super

1052 1847 1199 1881 Epistolam
1218 1847 1353 1873 Ioannis¹²
1373 1847 1422 1873 ait:
1448 1847 1565 1874 «Probet
1578 1855 1606 1874 se
1619 1849 1746 1882 quisque,
1766 1852 1895 1882 quantum

1054 1890 1079 1916 ιιι
1100 1890 1144 1916 illo
1164 1889 1307 1924 profecerit
1325 1890 1431 1921 caritas,
1451 1890 1492 1915 vel
1512 1890 1602 1923 potius
1625 1894 1753 1924 quantum
1784 1891 1839 1925 ipse
1869 1891 1894 1917 ιιι

1053 1933 1163 1959 caritate
1182 1932 1332 1966 profecerit.
1351 1932 1417 1958 Nam
1437 1933 1459 1958 si
1479 1933 1576 1959 caritas
1603 1933 1671 1959 Deus
1691 1936 1738 1963 est,
1759 1941 1807 1959 nee
1837 1941 1897 1967 pro-

1052 1975 1107 2001 licit
1127 1982 1175 2001 nec
1194 1974 1292 2001 deficit.
1313 1974 1356 2001 Sic
1370 1982 1432 2008 crgo
1446 1975 1544 2001 dicitur
1556 1976 1686 2009 proficere
1702 1976 1726 2001 in
1741 1979 1765 2001 te
1780 1977 1895 2006 caritas,

1052 2018 1115 2051 quia
1133 2021 1160 2043 tu
1181 2018 1205 2043 iu
1225 2024 1256 2043 ea
1275 2017 1418 2051 proficis».
1439 2018 1509 2044 Ecce
1532 2013 1666 2052 quomodo
1694 2019 1894 2052 intelligendum

1051 2061 1098 2093 sit,
1118 2067 1179 2087 cum
1199 2060 1298 2086 dieitur
1315 2060 1430 2094 Spiritus
1449 2064 1557 2087 sauctus
1577 2062 1667 2094 augeri
1684 2062 1709 2087 ιιι
1724 2062 1812 2093 nobis,
1833 2063 1895 2096 quia

1023 2097 1024 2112 ἶ
1053 2110 1100 2129 nos
1120 2103 1144 2128 in
1165 2110 1196 2128 eo
1215 2102 1318 2129 seilicet
1337 2102 1504 2137 proficimus:
1524 2103 1562 2129 sic
1582 2107 1606 2129 et
1627 2104 1677 2129 alia
1698 2104 1872 2130 huiusmodi.

1048 2278 1116 2300 etiam
1134 2284 1146 2299 a
1164 2278 1186 2300 S.
1204 2277 1292 2299 'l'homa
1310 2278 1330 2299 ιιι
1349 2284 1391 2300 suo
1413 2277 1540 2300 Commi-nt.
1566 2279 1633 2305 (hie,
1659 2280 1769 2306 expositio
1797 2283 1868 2301 textus
1885 2282 1889 2303 )

1049 2317 1144 2339 citatur:
1162 2317 1191 2339 In
1208 2315 1267 2339 libro
1284 2316 1373 2345 Requm.
1390 2315 1476 2345 quititr
1492 2316 1542 2339 sic:
1560 2316 1625 2339 Elius
1642 2316 1703 2339 (lavit
1719 2317 1751 2339 ml
1768 2317 1874 2340 Elsseum.
1886 2325 1893 2340 .-

1049 2354 1146 2378 Postula
1163 2354 1226 2384 quod
1244 2355 1284 2383 vis,
1304 2357 1325 2377 et
1340 2354 1429 2383 faciam
1446 2354 1494 2382 liei,
1515 2356 1640 2384 antequmu
1661 2355 1732 2377 tollar
1749 2361 1763 2377 t(
1776 2356 1813 2377 le:
1826 2354 1893 2377 ‹limit-

1050 2400 1094 2424 que
1110 2393 1218 2417 Eliseus:
1230 2393 1337 2421 Obsecro,
1353 2395 1379 2416 ut
1389 2393 1486 2423 spiritns
1504 2395 1559 2416 tutas
1576 2393 1618 2423 siat
1629 2394 1719 2423 duplam
1731 2394 1753 2416 [ιι
1767 2400 1811 2416 me.
1825 2393 1893 2421 Quot!

1049 2432 1132 2455 ibidem
1148 2432 1181 2456 sic
1198 2432 1340 2462 mannitur:
1365 2432 1431 2455 Elias
1455 2432 1541 2461 spiritu
1562 2432 1697 2461 prophetali
1718 2434 1740 2455 et
1756 2432 1893 2461 operatione

1050 2462 1225 2494 ιηῐιάὲιιῖοιηιηι
1244 2470 1384 2493 emt-allento·
1408 2469 1516 2499 pollebat.
1543 2470 1665 2494 Gemimrm
1693 2477 1749 2500 erqo
1773 2471 1891 2501 qratiam„

1050 2516 1122 2539 quam
1146 2509 1239 2532 Eliseus
1256 2509 1280 2531 ἱη
1297 2509 1411 2538 Μαᾳίεινο
1429 2508 1506 2538 visset-e
1523 2508 1682 2538 coqrzoscebat,
1708 2509 1753 2531 sibi
1764 2509 1836 2532 tribui
1858 2515 1893 2531 ro-

1049 2548 1119 2578 qauit.
1134 2548 1198 2571 Unde
1211 2549 1287 2577 putet,
1307 2547 1369 2577 quod
1386 2553 1432 2570 non
1450 2554 1498 2570 esse
1515 2547 1643 2577 descipnlnx
1660 2554 1732 2577 super
1749 2547 1890 2577 illu-(sistrum

1047 2587 1183 2617 postulavit.

1112 2626 1121 2640 ‘³
1139 2627 1196 2648 ioan.
1215 2626 1244 2651 3,
1263 2625 1298 2647 31..
1318 2626 1427 2653 Vulgata*
1445 2632 1491 2648 non
1510 2625 1569 2648 enim
1583 2625 1614 2648 ml
1626 2631 1763 2648 mensurum.
1775 2625 1815 2648 dul
1832 2625 1891 2648 Deus

1050 2664 1167 2694 spirltum.

1113 2703 1132 2718 ¹⁰
1150 2704 1164 2725 Ι.
1183 2704 1241 2725 Tim.
1260 2704 1288 2731 2,
1306 2703 1327 2725 ὃ
1339 2715 1370 2719 -
1382 2703 1431 2725 Mox
1450 2703 1499 2725 Vat.
1516 2706 1537 2725 et
1556 2704 1632 2730 plures
1649 2703 1701 2725 edd.
1721 2707 1769 2730 post
1789 2702 1891 2732 auiqenc-

1021 2731 1022 2759 ἶ
1050 2744 1088 2765 tus
1105 2742 1192 2764 addunt
1204 2741 1259 2769 Dei,
1274 2742 1482 2764 comi-adieentihus
1506 2742 1613 2764 omnibus
1630 2742 1696 2764 codd.
1707 2760 1712 2769 ,
1735 2741 1787 2763 edd.
1809 2742 1826 2769 l,
1845 2742 1857 2763 8
1870 2745 1892 2764 et

1050 2781 1193 2808 Augustino,
1210 2781 1249 2808 qui
1266 2781 1334 2802 etiam
1351 2786 1432 2802 vocem
1450 2780 1525 2803 Filius
1542 2781 1628 2802 omittit.

1114 2820 1130 2834 ¹¹
1151 2820 1199 2841 Vat.
1217 2823 1239 2841 et
1255 2820 1333 2847 plures
1350 2819 1402 2842 edd.
1421 2825 1530 2848 cupresso
1547 2824 1623 2842 contra
1637 2819 1703 2841 codd.
1722 2823 1744 2841 et
1760 2819 1812 2841 edd.
1835 2820 1851 2847 l,
1870 2820 1890 2841 8.

1114 2859 1132 2873 1²
1150 2859 1203 2880 Sive
1221 2859 1295 2880 Tram.
1314 2859 1335 2880 9.
1353 2859 1374 2880 in
1394 2859 1461 2886 Epist.
1481 2859 1540 2880 ioan.
1559 2865 1579 2880 ιι.
1598 2859 1611 2874 ⁰

1125 527 1158 553 Ut
1177 531 1265 554 autem
1285 528 1384 554 certius
1404 529 1448 555 liat
1477 530 1548 563 quod
1578 530 1709 562 diximus,
1738 532 2033 558 auctoritatecoum-nmini:
