2253 3317
4 187 11 355 ⁴„⁴„„,„—„-‚2.
5 145 7 173 „-

52 840 89 859 Ad
102 840 175 863 opposi-

94 865 138 881 tum.

47 1954 178 1972 Fundamenta.

695 123 779 151 DIST.
801 123 864 152 VIII.
886 123 912 151 P.
935 123 963 151 tt.
986 123 1058 151 ART.
1080 123 1195 152 UNICUS
1216 122 1350 159 QUAEST.
1372 122 1414 151 IV.

185 204 211 224 et
227 203 334 229 insuper,
353 204 377 223 ut
394 201 422 223 sit
438 202 509 222 totum
527 201 549 222 in
567 202 613 222 toto
629 203 652 222 et
668 202 739 222 totum
758 201 779 222 in
792 200 893 229 qualibet
903 203 967 229 parte
979 201 1029 227 loci,

189 242 244 262 tunc
261 240 343 262 dicitur
360 245 410 261 esse
427 238 542 268 definitive
558 239 579 260 in
598 239 654 260 loco.

250 278 281 299 lll.
292 277 356 300 Circa
373 277 543 299 conclusionem
560 276 668 299 omnibus
685 283 832 299 communem
848 277 888 299 cfr.
900 277 960 299 Alex.
974 277 1029 305 Hal.y

187 316 209 338 S.
236 322 258 344 p.
286 316 308 338 ll.
334 323 356 345 q.
381 315 418 337 64.
435 328 467 331 —
483 316 553 342 Scot..
571 316 603 337 Do
629 321 672 337 rer.
691 316 763 343 princ.
781 322 803 344 q.
825 316 858 337 12.
876 322 895 338 a.
919 316 939 338 3.
956 328 988 332 —
1006 316 1028 338 S.

187 356 286 382 Trium,
306 356 341 377 liic
359 361 381 383 q.
399 354 420 377 5.
439 362 458 376 a.
485 354 513 382 33
531 355 553 377 S.
572 354 585 376 1.
604 361 625 382 (1.
643 354 679 376 76.
698 360 718 376 a.
745 355 770 382 ὃς
793 355 814 376 S.

843 361 861 376 c.
887 355 950 377 Gent.
968 355 990 377 il.
1009 361 1028 377 c.
1056 379 1058 383 .

1871 119 1925 148 173

1085 199 1122 222 72.
1140 212 1172 217 —
1188 200 1212 222 B.
1229 199 1326 227 Albert.,
1345 200 1381 222 liic
1397 206 1416 221 a.
1435 199 1471 221 26.
1488 210 1520 215 —
1535 199 1593 221 Petr.
1612 204 1623 220 a
1642 198 1710 225 Tan,
1729 198 1765 219 hie
1782 204 1803 226 q.
1822 198 1843 219 6.
1860 203 1880 219 a.
1904 197 1924 219 2.

1084 251 1116 255 —
1132 239 1238 261 Richard.
1255 245 1267 260 a
1284 238 1355 266 Med„
1373 239 1409 260 hic
1426 245 1446 260 a.
1465 237 1485 259 4.
1503 244 1524 266 q.
1546 238 1563 259 1.
1581 249 1612 254 -
1629 237 1702 265 AEgid.
1719 237 1758 264 R..
1771 237 1807 259 hic
1819 237 1840 258 2.
1853 237 1924 264 princ.

1086 284 1108 306 q.
1127 277 1148 299 3.
1164 289 1196 293 —
1212 277 1325 305 Durand.y
1343 277 1380 299 hic
1396 283 1418 304 q.
1437 276 1457 298 3.
1474 288 1506 292 —
1524 276 1616 303 Dionys.
1635 275 1709 297 Carth.
1720 293 1725 303 ‚
1743 276 1779 297 hic
1796 281 1818 303 q.
1835 274 1856 296 7.
1875 276 1927 302 post

1085 316 1194 338 medium.
1211 328 1243 332 —
1259 316 1316 343 Biel,
1335 315 1349 337 ll
1367 315 1427 338 Sent.
1445 315 1466 337 d.
1486 315 1521 336 16.
1539 321 1561 342 q.
1580 315 1638 336 unic.
1656 314 1711 336 dub.
1730 313 1751 336 lt.

944 454 1104 490 QUAESTIO
1126 454 1165 482 IV.

505 541 609 568 Utrum
630 541 707 569 Deus
727 540 765 568 sil
787 540 817 568 13η
838 539 936 577 aliquo
958 540 1147 568 determinato
1165 548 1269 577 yeotere
1292 540 1351 567 sive
1372 539 1617 576 praedicamento.

265 650 368 686 Quarto
389 652 416 677 et
436 649 535 677 ultimo
549 649 709 685 quaeritur,
731 651 827 677 utrum
848 648 923 677 Deus
944 648 979 676 sit
1000 648 1027 676 in

186 696 280 733 aliquo
301 696 489 724 determinato
511 703 619 732 genere.
644 696 673 723 Et
693 695 768 731 quod
796 695 850 725 sic.
871 694 1027 723 ostenditur

186 742 238 771 hoc
258 742 348 770 modo.

266 789 290 815 1.
312 787 391 823 Quod
416 787 596 824 distinguitur
623 788 658 815 ab
685 787 746 815 aliis
773 787 898 820 entibus,
920 789 961 815 est
982 786 1028 814 ali-

186 842 242 871 qua
262 837 362 863 natura
387 834 585 867 determinata:
613 834 662 862 sed
689 834 764 862 Deus
784 838 825 862 est
852 833 1026 867 huiusmodi,

186 880 248 917 quia
279 880 459 917 distinguitur
486 888 502 907 a
529 879 665 908 creaturis
699 879 843 913 omnibus,
872 879 937 916 quia
968 879 1028 907 nul-

185 926 244 954 lum
259 929 384 955 creatum
405 928 447 954 est
466 926 551 954 Deus:
573 934 640 962 ergo
660 928 702 954 est
716 929 815 954 natura
832 926 1026 960 deteriiiinata;

184 973 232 1001 sed
247 973 322 1009 quod
337 975 378 1001 est
393 975 493 1000 natura
507 972 690 1001 determinata
710 974 752 1000 est
776 971 803 1000 in
825 979 925 1008 genere
940 971 1028 1000 deter-

183 1019 287 1047 minato
302 1019 322 1046 ¹:
345 1026 411 1055 ergo
435 1021 486 1047 etc.

261 1065 287 1092 2.
311 1064 390 1098 item,
412 1064 487 1101 quod
509 1064 592 1092 habet
617 1064 747 1101 superius
768 1064 919 1093 univocum
940 1067 968 1092 et
988 1072 1028 1092 es-

183 1111 310 1146 sentiale,
332 1111 416 1140 habet
430 1118 491 1140 esse
512 1111 539 1139 in
554 1119 655 1148 genere
670 1111 867 1145 determinato3
890 1111 936 1139 sed
952 1111 1027 1139 Deus

183 1158 267 1186 hahet
288 1158 418 1194 superius
439 1165 469 1186 se
482 1157 500 1191 ²,
522 1160 553 1185 ut
574 1157 770 1191 substantiam,
785 1165 857 1193 quae
871 1157 973 1185 dicitur
992 1157 1027 1185 de

183 1203 240 1232 Deo
261 1206 288 1232 et
308 1203 444 1232 creaturis
458 1206 485 1232 et
505 1203 688 1232 essentialiter
705 1206 733 1231 et
752 1203 885 1237 univoce,
906 1202 971 1239 quia
989 1210 1027 1231 εθ-

184 1250 308 1279 cundum
329 1250 410 1279 istam
430 1250 566 1278 rationem
587 1257 658 1286 quae
690 1252 746 1283 est,
766 1258 814 1277 res
837 1257 891 1286 per
914 1257 944 1277 se
971 1249 1028 1277 exi-

182 1300 270 1324 stens:
293 1304 359 1333 ergo
380 1299 430 1324 etc.

262 1342 287 1371 3.
309 1343 392 1376 Item,
413 1342 488 1379 quod
510 1343 544 1370 sit
566 1343 592 1370 in
617 1342 739 1380 quolibet
763 1350 883 1379 genere,
905 1341 1025 1369 videtur.

183 1390 253 1426 Quia
274 1397 367 1423 omne.
383 1389 457 1426 quod
472 1391 514 1417 est
528 1389 718 1426 completionis
728 1389 738 1403 ³
752 1389 779 1417 in
794 1391 931 1419 creatura.
952 1388 1027 1416 attri-

182 1436 328 1464 buendum
348 1438 390 1464 est
410 1435 480 1470 Deo,
502 1436 550 1464 sed
565 1443 646 1464 omne
666 1435 924 1472 praedicamentum
942 1434 1026 1462 habet

183 1483 289 1520 aliquid
304 1483 508 1519 completionis:
528 1490 594 1519 ergo
615 1490 660 1511 res
675 1482 800 1510 omnium
820 1481 1026 1518 praedicamen-

183 1532 276 1558 torum
298 1532 363 1558 sunt
385 1529 411 1557 in
440 1529 496 1558 Deo
504 1541 511 1564 3
539 1529 588 1558 sed
610 1529 747 1565 quidquid
775 1532 816 1557 est
843 1528 871 1556 in
900 1528 956 1556 Deo
984 1530 1025 1556 est

182 1575 265 1610 Deus,
281 1578 307 1604 et
328 1583 343 1604 e
358 1583 491 1604 converso
503 1576 523 1603 ⁴:
539 1583 605 1612 ergo
619 1575 693 1604 Deus
714 1575 896 1604 essentialiter
917 1574 1026 1603 subiici-

183 1624 230 1649 tur
250 1621 291 1649 rei
312 1621 401 1649 omnis
423 1621 653 1657 praedicamenti:
676 1629 742 1657 ergo
763 1624 805 1650 est
825 1621 852 1649 in
873 1620 1005 1657 quolibet.

261 1668 287 1695 [1..
309 1667 385 1702 Item,
408 1675 518 1695 summo
540 1667 610 1695 bono
631 1667 701 1695 nihil
722 1667 814 1696 deficit
835 1667 869 1695 de
891 1666 1023 1695 bonitate:

183 1721 249 1751 ergo
270 1721 380 1742 summo
401 1714 455 1742 enti
478 1713 567 1741 nihil⁵
588 1714 622 1742 de
636 1713 761 1742 entitate:
784 1721 850 1750 ergo
872 1713 899 1741 in
914 1713 970 1741 Deo
984 1716 1026 1742 est

183 1760 272 1788 omnis
287 1760 386 1788 entitas
412 1763 438 1788 et
462 1760 551 1788 omnis
566 1759 720 1788 differentia
733 1759 864 1788 entitatis:
880 1767 946 1796 ergo
961 1767 1025 1787 cum

183 1806 353 1835 differentiae
374 1807 479 1835 entium
501 1807 555 1835 sint
575 1806 671 1835 decem
685 1806 918 1843 praedicamenta,
933 1806 1025 1834 omnia

185 1855 249 1881 sunt
270 1853 297 1880 in
318 1853 382 1881 Deo.

262 1899 391 1927 CONTRA:
418 1900 440 1926 l.
462 1899 632 1935 Augustinus
652 1899 679 1926 in
701 1898 772 1926 libro
793 1898 889 1935 quinto
913 1898 947 1926 de
970 1898 1026 1926 Tri-

185 1945 269 1973 nitate
281 1945 303 1973 ⁵:
325 1957 335 1969 «
350 1945 425 1974 Deus
446 1948 487 1973 est
502 1945 591 1973 bonus
606 1945 664 1973 sine
679 1945 819 1981 qualitate,
834 1952 952 1981 magnus
966 1945 1025 1972 sine

184 1991 336 2029 quantitate
349 2002 380 2019 »:
403 1999 469 2028 ergo
491 1991 652 2028 magnitudo
673 1991 720 2019 Dei
740 1999 794 2019 non
814 1994 855 2019 est
876 1991 902 2018 in
925 1998 1025 2027 genere

184 2038 345 2075 quantitatis
366 2046 416 2066 nec
430 2038 537 2066 bonitas
560 2038 585 2066 in
601 2045 700 2074 genere
722 2037 873 2074 qualitatis:
895 2045 961 2073 ergo
976 2045 1025 2065 nec

185 2084 339 2112 substantia
359 2084 387 2112 in
408 2091 508 2120 genere
530 2084 711 2112 substantiae:
734 2091 800 2120 ergo
814 2084 841 2111 111
863 2083 940 2111 nullo
961 2086 1002 2111 est
1015 2083 1023 2096 ⁷

184 2137 293 2166 genere.

263 2177 289 2204 ἰ).
311 2176 393 2210 Item,
415 2176 525 2204 videtur
546 2176 619 2212 quod
635 2184 689 2204 non
711 2176 794 2204 estin
815 2182 915 2212 genere
940 2175 1027 2203 deter-

185 2222 311 2255 mimam
327 2222 392 2258 quia
407 2230 500 2257 omne,
515 2222 590 2259 quod
611 2225 652 2250 est
666 2222 694 2250 in
715 2229 815 2259 genere
830 2221 1025 2255 determinato,

184 2269 269 2297 habet
282 2276 342 2297 esse
363 2268 472 2297 finitum
488 2272 515 2297 et
537 2269 685 2297 limitatum
691 2280 698 2303 ;
713 2269 787 2297 Deus
804 2272 897 2297 autem
913 2271 954 2297 est
969 2268 1025 2296 infi-

184 2315 270 2344 nitus:
293 2323 359 2352 ergo
380 2318 430 2344 etc.

1162 647 1186 676 3.
1209 648 1291 682 Item,
1318 647 1393 684 quod
1420 655 1475 675 non
1503 647 1531 675 in
1560 646 1683 684 quolibet
1706 654 1824 683 ywere,
1852 645 1926 674 vide-

1084 696 1145 728 tur,
1174 694 1239 730 quia
1260 694 1335 730 quod
1356 694 1439 722 habet
1460 694 1486 721 in
1509 701 1538 722 se
1566 701 1610 721 res
1635 693 1760 729 plurium
1790 699 1924 729 generum

1083 743 1125 769 θεῖ
1158 740 1342 777 compositum
1351 751 1357 774 ς
1386 740 1460 768 Deus
1491 742 1583 767 autem
1615 742 1657 767 est
1687 738 1923 775 simplicissimus:

1083 794 1150 823 ergo
1170 790 1220 815 etc.

1425 885 1582 906 CONCLUSIO.

1143 971 1220 999 Deus
1241 979 1291 999 ozee
1313 974 1353 999 est
1374 971 1404 999 in
1423 970 1521 1008 aliquo
1542 971 1731 999 determinato
1749 978 1865 1007 pellere,

1369 1025 1419 1045 nec
1440 1017 1471 1045 in
1491 1017 1637 1053 pluribus:

1163 1110 1338 1138 Rnsronnno:
1354 1110 1526 1144 Dicendum,
1547 1110 1621 1147 quod
1642 1119 1695 1139 non
1721 1110 1848 1139 convenit
1867 1109 1925 1138 Deo
1938 1114 2063 1133 Conclusio1-

1084 1163 1144 1184 esse
1172 1156 1200 1183 in
1226 1165 1285 1184 uuo
1310 1164 1412 1193 genere
1442 1156 1647 1190 determinato,
1676 1157 1742 1194 quia.
1761 1165 1843 1186 omne
1870 1157 1925 1185 tale

1084 1202 1169 1231 habet
1189 1210 1250 1231 esse
1271 1203 1421 1231 limitatum
1442 1206 1469 1231 et
1489 1206 1626 1231 arctatum
1648 1206 1675 1232 et
1689 1204 1881 1241 compositum.
1896 1204 1925 1232 In
1939 1214 2065 1233 eonciusioa.

1080 1248 1239 1285 pluribus*
1258 1249 1413 1286 generibus
1432 1257 1487 1277 non
1508 1252 1598 1286 potest
1618 1257 1685 1278 esse.
1712 1250 1765 1278 Aut
1785 1250 1859 1278 enim
1879 1250 1926 1278 ali-

1084 1295 1152 1331 quid
1174 1298 1216 1324 est
1236 1295 1263 1323 in
1285 1295 1414 1332 pluribus
1435 1298 1549 1332 propter
1571 1298 1735 1324 naturarum
1756 1299 1783 1325 et
1803 1296 2008 1333 proprie-Essem
2017 1307 2057 1330 plu-

1083 1344 1172 1370 tatum
1194 1341 1404 1375 diversitatem,
1432 1345 1464 1370 ut
1494 1342 1602 1376 album,
1633 1342 1659 1370 in
1692 1345 1827 1379 quantum
1859 1343 1925 1372 dicit
1949 1330 2055 1376 illitati?

1083 1389 1239 1418 subiectum
1267 1388 1381 1425 aliquod
1402 1388 1460 1417 sive
1487 1396 1547 1417 rem
1575 1389 1682 1423 albam,
1710 1392 1752 1418 est
1777 1390 1804 1418 in
1825 1398 1925 1426 genere

1083 1434 1268 1469 substantiae.
1289 1435 1338 1463 sed
1358 1434 1387 1462 in
1401 1438 1537 1471 quantum
1553 1435 1619 1464 dicit
1632 1435 1765 1470 formam,
1787 1445 1859 1473 quae
1884 1440 1926 1466 est

1083 1480 1199 1513 albedo,
1222 1483 1264 1509 est
1278 1480 1304 1508 111
1326 1480 1551 1517 praedicamento
1566 1481 1721 1517 qualitatis:
1742 1485 1791 1510 aut
1811 1486 1925 1520 propter

1080 1527 1316 1563 ρεπεναίίῖαῖθυῑ,
1339 1527 1410 1555 sicut
1431 1535 1518 1555 unum
1541 1530 1568 1555 et
1589 1535 1638 1556 ens
1648 1528 1665 1555 ⁹.

1160 1574 1274 1610 Propter
1286 1576 1452 1602 naturarum
1462 1572 1727 1610 multlsormz‘tctlem
1738 1575 1757 1589 ¹⁰
1768 1583 1823 1603 non
1834 1579 1924 1613 potest
1949 1584 2040 1610 uenum.

1082 1621 1156 1649 Deus
1178 1628 1238 1649 esse
1259 1620 1286 1648 in
1307 1620 1453 1657 pluribus,
1475 1620 1541 1656 quia
1561 1628 1642 1649 omne
1666 1621 1720 1649 tale
1742 1623 1925 1659 compositum
1942 1607 2047 1649 aafffflfflr

1082 1669 1124 1695 est
1145 1669 1172 1695 et
1185 1666 1370 1700 multiforme,
1392 1666 1466 1695 Deus
1480 1669 1574 1695 autem
1589 1667 1717 1704 simplex.
1732 1668 1790 1696 Non
1811 1672 1924 1705 propter

1080 1712 1310 1750 peoterctlz'latem,
1326 1712 1391 1748 quia
1405 1719 1454 1740 ens
1468 1712 1523 1740 tale
1537 1713 1605 1740 nihil
1621 1716 1662 1741 est
1676 1713 1782 1742 habens
1794 1714 1813 1729 ¹¹
1832 1715 1925 1743 distin-

1082 1762 1156 1787 ctum
1179 1767 1195 1787 a
1216 1759 1301 1787 rebus
1322 1759 1429 1787 creatis.
1452 1759 1526 1787 Deus
1546 1761 1640 1787 autem
1655 1763 1697 1788 est
1717 1760 1822 1789 habens
1843 1761 1869 1789 in
1896 1769 1924 1790 se

1082 1814 1130 1834 ens
1151 1806 1312 1834 distinctum
1333 1813 1350 1833 a
1370 1805 1470 1839 rebus,
1498 1808 1525 1833 et
1546 1805 1651 1834 habens
1675 1814 1735 1834 esse
1756 1807 1877 1844 simplex
1898 1811 1925 1836 et

1082 1852 1236 1886 infinitum:
1257 1854 1284 1879 et
1298 1851 1359 1880 ideo
1381 1851 1473 1879 necin
1494 1859 1550 1879 uno
1565 1859 1665 1887 genere
1680 1860 1730 1881 nec
1752 1850 1924 1889 in'pluribus

1081 1906 1141 1927 esse
1161 1900 1259 1935 potest.

1162 1945 1185 1971 1.
1208 1944 1246 1971 Ad
1268 1943 1337 1971 illud
1360 1951 1426 1980 ergo
1447 1944 1522 1979 quod
1553 1944 1694 1979 obiicitur,
1724 1945 1799 1981 quod
1830 1945 1924 1974 distin-
1948 1952 2018 1978 Solutio
2032 1957 2063 1975 01¹-

1085 1990 1179 2026 guitur
1193 1990 1228 2018 ab
1243 1990 1319 2023 aliis,
1342 1992 1383 2018 est
1404 1992 1504 2018 natura
1519 1990 1647 2018 distincta
1667 1994 1734 2025 etc.;
1760 1991 1923 2026 dicendum,
1937 1977 2045 1998 'mmmm'

1082 2037 1156 2073 quod
1179 2044 1278 2064 verum
1300 2038 1356 2070 θεῖ,
1379 2036 1399 2064 ε1
1423 2036 1610 2072 distinguatur
1630 2044 1681 2073 per
1700 2037 1821 2074 aliquid,
1848 2038 1922 2074 quod

1083 2082 1208 2120 11)ε1111112
1231 2083 1376 2111 contrahat
1397 2084 1423 2111 et
1444 2085 1539 2116 arctet,
1567 2083 1638 2111 sicut
1667 2090 1718 2119 per
1739 2083 1923 2112 differentiam

1084 2129 1228 2158 cadentem
1250 2130 1276 2157 in
1299 2136 1415 2165 genere:
1436 2128 1510 2157 Deus
1531 2131 1624 2157 autem
1646 2137 1699 2157 non
1722 2129 1760 2157 sic
1781 2129 1924 2166 distingui-

1083 2178 1144 2210 tur,
1166 2176 1215 2204 sed
1236 2183 1265 2204 se
1286 2175 1355 2212 ipso.

1161 2222 1187 2249 Ξ.
1208 2221 1247 2249 Α(]
1270 2221 1339 2250 illud
1360 2221 1434 2258 quod
1466 2221 1611 2254 obiicitur,
1633 2222 1708 2258 quod
1735 2222 1810 2250 Deus
1839 2222 1923 2250 habet

1083 2267 1213 2304 superius
1235 2267 1386 2296 univocum
1394 2278 1402 2301 3
1424 2267 1592 2301 dicendum,
1613 2267 1687 2304 quod
1709 2267 1766 2296 Deo
1796 2276 1850 2296 non
1882 2270 1924 2296 est

1084 2314 1224 2351 superius,
1246 2314 1311 2350 quia
1325 2313 1344 2328 ¹³
1365 2321 1418 2341 non
1441 2316 1482 2342 est
1503 2313 1671 2350 simplicius3
1689 2321 1739 2341 nec
1757 2313 1924 2348 univocum,

248 2438 255 2452 ¹
274 2438 318 2461 Cfr.
336 2439 438 2465 Ariston,
457 2439 484 2461 de
510 2439 648 2461 Praedieain.
674 2440 695 2461 in
721 2440 808 2467 princ.y
831 2439 870 2461 ubi
888 2440 990 2467 quinque
1015 2446 1026 2461 a

187 2478 332 2500 Scholasticis
350 2478 502 2500 communiter
519 2480 623 2505 receptae
640 2478 781 2500 conditiones
798 2484 840 2506 pro
865 2484 891 2500 eo
909 2478 970 2506 quod
989 2478 1028 2499 ali-

187 2515 243 2544 quid
261 2518 359 2543 ponatur
376 2517 398 2537 in
416 2522 500 2543 genero
513 2516 667 2538 determinato
684 2517 843 2544 assignantur,
861 2517 908 2538 scil.
925 2516 988 2545 quod
1000 2517 1028 2538 sit

187 2555 322 2581 univocum,
341 2554 404 2582 quod
421 2555 449 2576 sit
466 2560 505 2576 ens
523 2555 692 2582 incomplexum
709 2561 748 2576 seu
766 2561 807 2577 ens
823 2561 865 2582 per
889 2561 913 2576 so
938 2560 1026 2579 unumv

187 2592 250 2620 quod
266 2593 294 2614 sit
311 2598 351 2614 ens
368 2593 427 2614 reale
438 2610 443 2620 ,
461 2592 523 2620 quod
540 2593 569 2614 sit
584 2593 713 2624 uniuersale
734 2593 769 2615 vel
788 2594 937 2621 particulare,
964 2593 1026 2621 quod

187 2631 215 2653 sit
225 2637 265 2653 ens
277 2630 367 2652 finitum
384 2637 423 2653 seu
438 2631 493 2659 quid
505 2631 676 2653 (leterminabile
685 2631 714 2653 ad
723 2632 845 2659 specialem
855 2632 950 2654 modum
962 2633 1025 2654 entis.

249 2669 258 2683 ‘2
283 2669 361 2691 Plures
386 2669 453 2691 codd.
479 2672 503 2691 ut
527 2670 730 2692 ABDFGKST
756 2672 798 2692 etc.
823 2676 876 2692 cum
901 2670 936 2692 ecl.
964 2671 972 2691 11
1000 2676 1027 2692 re

187 2709 236 2730 loco
254 2714 284 2731 se.

249 2745 258 2760 3
275 2746 322 2768 Hoc
340 2749 388 2773 est,
407 2746 559 2773 perfectionis.
576 2758 607 2762 —
624 2746 667 2768 Ct'r.
686 2746 800 2775 Anselm⁴⁷
822 2747 934 2774 Monolog.
952 2752 971 2768 c.
990 2746 1026 2768 45,

248 2784 257 2798 ⁴²
275 2784 320 2807 Csr.
344 2784 436 2812 noem..
463 2784 491 2806 de
510 2784 571 2806 Trin.
589 2790 607 2806 c.
627 2784 650 2812 t,
668 2788 689 2806 et
706 2784 768 2806 Alan.
794 2784 823 2807 ab
846 2785 927 2813 lnsul.‚
946 2785 1026 2812 Regul.

188 2823 302 2851 theolog..
320 2829 368 2850 reg.
386 2823 406 2844 9.

249 2861 259 2876 5
275 2861 330 2884 cod.
348 2861 367 2882 V
385 2864 405 2883 et
423 2861 458 2883 ed.
482 2862 486 2883 1
509 2864 612 2889 repetunt
631 2862 665 2883 liic
682 2861 762 2891 deficit.

1145 2438 1154 2452 0
1172 2438 1226 2466 Cap.
1249 2438 1265 2459 1.
1284 2444 1305 2459 11,
1324 2438 1353 2459 2:
1371 2437 1396 2459 Ut
1414 2438 1446 2459 sie
1463 2437 1615 2464 intelligamus
1632 2436 1735 2458 Deum...
1753 2438 1801 2459 sine
1818 2438 1924 2465 qualitate

1084 2477 1186 2504 bonum,
1205 2477 1253 2498 sinc
1270 2476 1394 2504 quantitate
1410 2481 1528 2503 magnum.

1145 2514 1155 2528 ⁷
1171 2515 1202 2536 Ex
1221 2513 1388 2542 antiquioribus
1404 2519 1458 2534 mss.
1476 2516 1498 2535 et
1514 2512 1550 2534 cd.
1569 2513 1576 2534 l
1599 2513 1758 2540 supplevimus
1774 2514 1814 2535 est.

1145 2553 1155 2567 8
1172 2553 1221 2575 Vat.
1242 2554 1332 2580 praeter
1349 2551 1419 2573 tidem
1428 2557 1483 2573 mss.
1493 2554 1515 2573 et
1523 2557 1561 2573 sex
1571 2552 1698 2578 primarum
1707 2551 1758 2573 edd.
1773 2551 1835 2573 addit
1846 2550 1923 2573 etiam.

1145 2591 1155 2605 ⁹
1173 2592 1249 2619 Quae,
1267 2591 1326 2612 sicut
1342 2593 1363 2612 et
1379 2595 1432 2618 res,
1457 2589 1550 2619 aliquid
1557 2608 1563 2617 ,
1592 2595 1690 2616 verum,
1719 2588 1807 2611 bonum
1830 2592 1924 2617 propter

1084 2631 1208 2652 maximam
1226 2629 1430 2657 universalitatem,
1447 2635 1493 2657 qua
1510 2629 1531 2649 in
1549 2627 1656 2650 ominbus
1673 2627 1797 2655 generibus
1806 2628 1924 2655 implican-

1084 2672 1133 2697 tur.
1152 2671 1263 2690 vocantur
1281 2666 1500 2690 transcendentatia.

1146 2706 1164 2721 ¹⁰
1181 2707 1232 2728 Vat.
1249 2705 1457 2735 multiplicitatem,
1477 2706 1518 2728 sed
1535 2708 1613 2727 contra
1629 2711 1684 2727 mss.
1702 2707 1724 2727 et.
1739 2705 1775 2727 ed.
1794 2705 1813 2726 ft.

1146 2746 1163 2759 ¹¹
1181 2745 1245 2767 Unus
1262 2745 1347 2767 alterve
1364 2744 1435 2766 codex
1452 2747 1476 2767 ut
1492 2744 1537 2766 EV
1554 2744 1633 2766 omittit
1652 2743 1745 2766 liabens.

1145 2784 1163 2798 ¹²¹
1182 2783 1237 2806 Cod.
1255 2783 1274 2805 V
1291 2782 1408 2805 rollonem
1424 2783 1474 2805 loco
1490 2782 1574 2811 ipsum.

1146 2822 1164 2837 13
1184 2822 1237 2844 Fide
1255 2822 1408 2850 antiquiorum
1426 2827 1480 2843 mss.
1498 2824 1518 2843 et
1536 2821 1571 2843 ed.
1585 2821 1593 2842 si
1610 2822 1761 2848 expunximus
1771 2822 1807 2843 liic
1819 2820 1921 2843 additum

1083 2867 1116 2889 eo,
1137 2864 1157 2883 et
1176 2861 1244 2888 paulo
1263 2863 1314 2887 post
1331 2859 1490 2882 substituimus
1507 2859 1548 2882 illa
1566 2865 1608 2887 pro
1625 2858 1775 2882 substantiae.
