2253 3317
77 485 156 504 Nomina

27 509 108 529 *relativa
128 508 156 527 di-

28 533 155 556 stinguumur.

55 625 161 644 Sul-»distin—

76 649 113 667 ctio
127 648 143 667 1.

887 123 969 152 DIST.
992 123 1068 152 XXll.
1089 124 1195 153 DUBIA.

170 200 269 237 accipit
288 199 460 237 Augustinus
469 210 476 234 3
500 200 587 229 etsie
617 200 697 229 Pater
728 204 755 229 et
785 200 880 235 Filius,
911 203 938 230 et
969 209 1014 229 no-

169 246 245 275 mina
265 246 382 275 relativa
403 246 559 275 secundum
580 246 765 275 substantiam
785 255 840 275 non
871 247 1012 276 dicuntur.

248 294 273 321 5.
295 292 334 320 Ad
355 292 425 321 illud
447 292 523 329 quod
544 292 643 321 ultimo
664 292 806 327 obiicitur,
828 293 903 330 quod
924 294 1013 322 multa

169 339 301 368 dicuntur
323 338 358 368 de
378 338 444 373 Deo,
464 346 536 375 quae
557 346 613 367 non
626 339 759 367 dicuntur
773 339 929 368 secundum
950 339 1014 368 sub-

169 385 303 415 stantiam·
319 392 370 413 nec
391 384 547 414 secundum
569 384 748 420 relationem;
763 385 922 420 dicendum,
937 385 1012 422 quod

169 431 230 460 dici
249 431 369 459 relative
389 431 418 459 in
439 430 541 460 divinis
561 434 652 468 potest
673 438 734 460 esse
749 431 907 468 dupliciter.
927 432 1014 468 Quae-

166 478 235 506 dam
260 478 334 507 enim
365 477 478 506 nomina
503 477 637 507 dicuntur
658 478 774 507 relative
795 485 831 507 ex
849 477 1014 515 principali

168 524 288 553 nominis
308 523 465 558 intellecta,
486 524 626 561 quaedam
646 532 683 553 ex
704 524 894 562 consequenti.

247 570 299 600 Et¹
321 571 413 608 prima
443 570 599 599 differentia
630 571 766 600 dividitur
797 571 825 599 in
856 574 925 600 tres:
947 571 1013 608 quia

169 618 307 655 quaedam
330 617 486 654 significant
507 617 671 646 relationem
685 621 713 646 et
727 617 868 646 dicuntur
882 617 1011 652 relative,

169 667 200 693 ut
222 665 316 699 Pater;
337 664 477 701 quaedam
492 663 648 701 significant
662 664 827 693 relationem
839 664 857 699 ²,
879 667 911 693 ut
923 668 1013 702 pater-

168 711 254 746 nitas,
276 719 348 748 quae
368 719 425 739 non
447 711 557 739 dieitur
578 711 619 739 ad
632 711 772 745 alteram,
798 711 847 740 sed
863 715 904 740 est
918 711 1011 748 ipsum

168 766 224 796 quo
248 758 369 787 alterum
400 758 540 792 refertur3
562 757 701 795 quaedam
722 757 854 787 dicuntur
878 758 1012 792 relative,

168 804 233 842 quia
242 804 365 842 privant
375 804 558 838 relationem,
570 806 602 832 ut
612 804 760 841 ingenitus,
772 804 1011 841 improcessibilis;

168 855 260 880 tamen
275 851 325 880 ista
340 859 394 879 non
409 853 452 880 est
464 850 584 888 privatio
604 859 688 888 pura,
704 854 736 879 ut
756 851 826 879 infra
841 850 982 880 videbitur
992 851 1009 878 ³.

1852 126 1907 156 399

1147 202 1223 238 Quae
1237 205 1331 231 autem
1343 202 1493 240 important
1504 203 1666 232 relationem
1677 211 1714 232 ex
1729 205 1911 242 consequenti
1935 212 2040 231 subdistin-

1957 235 1993 254 ctio
2006 236 2023 253 2.

1068 248 1222 282 intellectu,
1244 249 1371 278 similiter
1392 252 1458 278 sunt
1489 250 1644 279 secundum
1666 249 1803 287 triplicem
1835 250 1910 279 diffe-

1068 294 1195 323 rentiam.
1218 295 1369 331 Quaedam
1390 296 1463 325 enim
1479 296 1611 325 dicuntur
1625 296 1677 325 dici
1699 296 1823 331 relative,
1844 298 1909 334 quia

1069 343 1211 377 ponuntur
1231 350 1283 379 pro
1304 342 1440 377 relativis,
1460 345 1493 371 ut
1514 350 1578 371 cum
1610 343 1730 372 dicitur:
1762 343 1837 373 Deus
1867 352 1910 381 ge-

1069 390 1148 416 nerat
1178 387 1286 423 Deum,
1317 388 1345 417 id
1375 391 1417 417 est
1443 389 1522 418 Pater
1552 389 1659 417 Filium.
1693 389 1843 425 Quaedam
1871 390 1910 419 di-

1069 437 1171 462 cuntur
1192 434 1319 469 relative,
1341 435 1406 472 quia
1428 435 1563 464 claudunt
1583 435 1611 463 in
1632 443 1683 464 suo
1704 436 1857 473 significato
1872 436 1910 464 in-

1068 480 1156 509 terius
1186 480 1361 515 relationem,
1393 484 1424 510 ut
1455 489 1519 510 cum
1541 481 1644 510 dicitur
1674 482 1850 511 incarnatas
1871 499 1909 503 -—

1069 534 1167 555 sensus
1197 526 1271 555 enim
1292 530 1348 562 est,
1370 528 1398 556 id
1427 531 1469 557 est
1503 528 1580 557 carni
1611 529 1722 563 unitus,
1747 529 1813 558 unio
1834 530 1908 558 enim

1068 572 1134 601 dicit
1154 572 1329 607 relationem,
1350 581 1422 611 quae
1443 574 1613 611 singularem
1628 582 1775 611 personam
1796 574 1909 611 respicit

1068 635 1107 639 —-
1126 619 1185 648 sive
1205 627 1349 649 assumere
1369 628 1481 649 carnem
1502 624 1530 649 et
1557 621 1726 650 huiusmodi.
1756 621 1907 657 Quaedam

1068 666 1201 695 dicuntur
1221 666 1345 701 relative,
1367 667 1432 704 quia
1453 667 1588 696 claudunt
1608 668 1771 697 relationem
1793 668 1819 696 in
1845 676 1909 705 sup-

1069 711 1177 748 positis,
1199 715 1231 741 ut
1251 712 1350 741 similis
1373 715 1401 741 et
1421 713 1558 750 aequalis;
1579 721 1634 742 non
1654 714 1729 742 enim
1750 717 1815 744 sunt
1836 714 1909 743 simi-

1068 758 1119 793 les,
1142 759 1195 788 nisi
1215 759 1264 796 qui
1285 759 1446 788 referuntur
1467 762 1494 788 et
1516 759 1735 797 distinguuntur.

913 963 1171 1000 SOHOLION.

230 1077 244 1099 l.
263 1077 305 1099 Pro
322 1079 381 1099 statu
399 1077 539 1105 quaestionis
555 1076 642 1099 facilius
658 1076 804 1104 intelligendo
816 1079 935 1104 notamus,
949 1076 1012 1105 quod

166 1114 299 1139 substantia
316 1116 414 1138 sumitur
431 1115 516 1143 duplici
533 1121 615 1142 sensu,
633 1116 665 1137 uti
682 1117 743 1143 patet
759 1121 786 1137 ex
808 1115 874 1137 solut.
891 1114 921 1137 ad
938 1115 959 1137 2.
978 1115 1012 1137 ln-

167 1154 274 1182 telligitur
291 1154 352 1176 enim
370 1154 406 1175 vel
423 1155 449 1175 ut
465 1159 501 1175 res
514 1159 560 1182 per
576 1159 600 1176 se
616 1156 693 1180 stans,
711 1156 732 1176 et
749 1154 782 1176 sic
799 1153 948 1180 distinguitur
959 1159 1010 1175 con-

166 1195 200 1214 tra
216 1191 337 1219 accidens,
357 1191 419 1220 quod
436 1194 470 1214 est
487 1192 510 1213 in
527 1192 583 1220 alio7
601 1194 623 1214 et
639 1192 661 1213 in
679 1192 723 1214 hoc
739 1197 808 1214 sensu
825 1194 860 1214 est
884 1191 1010 1214 substantia

166 1230 281 1260 quidquid
297 1233 332 1253 est
348 1231 370 1252 in
387 1230 450 1258 Deo;
467 1233 490 1253 et
506 1231 570 1258 ipsae
587 1230 707 1253 relationes
724 1236 768 1253 non
786 1233 878 1253 manent
902 1231 924 1253 in
947 1236 1010 1259 prae-

167 1269 295 1292 dicamento
313 1269 450 1298 accidentis,
468 1269 509 1291 sed
520 1272 638 1292 transeunt
649 1270 671 1291 in
683 1269 896 1298 praedicamentum
908 1269 1010 1293 substan-

166 1310 217 1332 tiae.
235 1309 276 1331 Vel
294 1308 419 1331 substantia
436 1309 535 1340 sumitur
551 1311 576 1331 ut
593 1314 630 1331 res
647 1308 750 1331 absoluta
767 1309 816 1330 sive
833 1307 866 1331 acl
881 1314 920 1336 se,
940 1311 962 1331 et
978 1309 1011 1331 sic

165 1348 314 1376 distinguitur
331 1349 408 1369 contra
425 1347 572 1375 relationem3
590 1348 612 1368 in
635 1347 678 1369 hoe
695 1347 797 1369 secundo
814 1353 881 1369 sensu
908 1347 1012 1375 intelligi-

166 1389 204 1409 tur
220 1387 323 1415 quaestio
340 1385 484 1414 principalis,
509 1388 534 1407 ut
559 1387 620 1413 patet
644 1391 670 1407 ex
695 1386 837 1413 argumentis
861 1386 883 1408 in
908 1385 1010 1408 fundam.

168 1425 258 1448 Praeter
275 1425 319 1446 hoc
330 1423 427 1446 dubium
445 1425 512 1446 etiam
525 1424 581 1446 aliae
593 1424 739 1452 quaestiones
755 1424 882 1447 solvuntur.
895 1416 1013 1453 Quaesivit

166 1465 228 1487 enim
245 1464 267 1485 S.
284 1463 371 1485 Bonav.
396 1469 467 1491 supra
493 1462 524 1491 (in
542 1462 655 1485 divisione
672 1463 858 1491 quaestionum),
879 1465 956 1485 utrum
973 1469 1011 1485 no-

166 1503 229 1525 mina
246 1501 306 1524 dicta
324 1501 352 1523 de
370 1501 416 1523 Deo
434 1501 538 1523 dicantur
554 1501 683 1523 secundum
700 1501 865 1529 substantiam,
888 1507 917 1524 an
942 1502 1011 1524 etiam

167 1542 243 1570 aliquo
260 1539 307 1563 alio
324 1539 400 1563 modo.
419 1540 495 1568 Quare
512 1540 548 1562 hic
565 1540 640 1567 primo
658 1540 707 1562 loco
724 1540 821 1568 explicat
841 1542 887 1562 tres
906 1540 1011 1562 diversos

167 1579 250 1602 modos
266 1578 357 1601 dicendi
375 1578 405 1601 de
421 1578 469 1601 Deo
481 1580 504 1600 et
515 1578 639 1606 respondet
650 1578 679 1600 ad
692 1579 821 1606 quaesitum
833 1579 894 1601 iuxta
905 1579 964 1600 hanc
976 1579 1011 1600 tri·

166 1619 249 1647 plicem
267 1617 441 1640 distinctionem.

230 1657 253 1679 ll.
272 1657 299 1679 Ut
315 1656 398 1679 melius
414 1656 569 1684 intelligantur
586 1661 645 1684 quae
662 1656 698 1678 liic
716 1655 823 1677 dicuutur
839 1655 868 1677 de
890 1654 960 1677 modo
977 1654 1012 1677 di-

160 1696 234 1720 cendi
251 1695 379 1719 secundum
396 1694 547 1717 substantiam
564 1697 587 1716 et
603 1693 731 1716 secundum
748 1694 893 1722 relationem,
911 1694 968 1716 haec
984 1699 1011 1716 ex

167 1736 229 1758 Alex.
246 1735 294 1757 Hal.
313 1733 364 1763 (loc.
382 1734 439 1756 infra
456 1734 492 1756 rit.
514 1733 527 1761 S
553 1733 583 1760 3.)
609 1735 730 1755 notamus:
759 1741 769 1753 α
783 1732 921 1760 Dicendum,
948 1732 1011 1760 quod

168 1776 200 1804 (in
217 1775 274 1803 Deo)
292 1775 368 1797 omnia
385 1773 569 1801 praedicamenta
586 1774 716 1800 mutantur,
738 1772 779 1794 sed
804 1774 879 1794 tamen
900 1771 1011 1794 dissimili-

168 1818 208 1837 ter.
226 1814 273 1836 Alia
291 1814 351 1835 enim
369 1811 554 1840 praedicamenta
572 1817 583 1833 a
601 1809 735 1834 substantia
752 1813 772 1833 et
790 1810 904 1833 relatione
924 1813 1011 1833 mutan-

168 1857 203 1877 tur
220 1852 357 1881 dupliciter:
374 1850 504 1873 secundum
521 1851 633 1872 rationem
650 1850 684 1872 sui
701 1849 794 1879 ⁸ceneris
805 1849 966 1872 etsecundum
978 1855 1012 1872 ra—

1069 1077 1153 1099 [ionem
1169 1083 1215 1105 qua
1232 1079 1285 1099 sunt
1301 1076 1326 1099 in
1342 1078 1477 1100 creatura...
1495 1076 1633 1100 Substantia
1649 1083 1705 1099 vero
1722 1080 1745 1099 et
1763 1076 1795 1100 ad
1818 1077 1910 1107 aliquid

1068 1116 1184 1137 mutantur
1201 1120 1247 1137 uno
1264 1115 1348 1143 modo;
1367 1117 1484 1138 mutantur
1500 1116 1560 1137 enim
1578 1122 1590 1137 a
1612 1116 1715 1143 ratione,
1739 1122 1784 1144 qua
1809 1119 1862 1139 sunt
1885 1117 1907 1138 in

1068 1156 1184 1181 creatura,
1204 1154 1245 1176 sed
1262 1157 1355 1176 manent
1371 1154 1499 1176 seeundum
1516 1154 1662 1177 intentionem
1680 1155 1778 1182 primam
1790 1156 1825 1177 sui
1842 1161 1909 1183 gene-

1068 1192 1104 1214 ris.
1122 1192 1178 1214 Nam
1196 1192 1334 1221 substantia,
1351 1196 1377 1215 ut
1392 1195 1427 1215 est
1443 1194 1465 1215 in
1483 1195 1586 1216 creatura
1603 1193 1730 1217 subsistens
1746 1194 1790 1217 sub
1806 1195 1908 1217 acciden-

1067 1229 1139 1258 tibus,
1152 1236 1196 1252 non
1208 1233 1243 1253 est
1258 1231 1281 1252 in
1299 1230 1397 1259 divinis;
1415 1234 1490 1254 tamen
1507 1232 1529 1254 in
1546 1231 1631 1254 divinis
1647 1234 1681 1254 est
1695 1232 1821 1256 substantia
1833 1236 1908 1256 utens

1068 1275 1110 1297 per
1125 1275 1157 1291 se.
1174 1269 1258 1292 lterum
1274 1270 1296 1291 in
1314 1273 1418 1293 creatura
1434 1269 1466 1293 ad
1482 1270 1573 1300 aliquid
1588 1273 1622 1293 est
1637 1271 1757 1300 accidens,
1775 1278 1821 1300 quo
1838 1272 1908 1294 modo

1068 1313 1112 1330 non
1130 1310 1164 1330 est
1179 1308 1201 1329 in
1220 1307 1319 1335 divinis;
1336 1308 1378 1331 sed
1395 1310 1470 1331 tamen
1489 1310 1510 1331 in
1528 1309 1611 1332 divinis
1627 1312 1661 1332 est
1684 1310 1717 1333 ad
1740 1309 1845 1340 aliquid,
1865 1311 1908 1333 hoc

1067 1348 1100 1368 cst
1117 1346 1147 1368 ad
1163 1346 1225 1368 aliud
1242 1352 1267 1369 se
1284 1346 1385 1375 habens,
1402 1347 1438 1369 vel
1456 1348 1533 1375 potius
1550 1347 1579 1370 ad
1596 1347 1665 1371 alium
1682 1355 1707 1371 se
1723 1349 1810 1372 liabens
1822 1357 1843 1370 ν.

1131 1385 1162 1407 111.
1180 1385 1307 1408 Attentionc
1324 1385 1394 1413 digna
1410 1388 1463 1408 sunt
1480 1391 1539 1414 quae
1556 1386 1593 1408 liic
1609 1386 1631 1407 in
1649 1391 1711 1414 eorp.
1734 1388 1757 1408 et
1780 1386 1808 1408 ad
1833 1386 1855 1409 ὅ.
1880 1387 1908 1409 de

1068 1425 1139 1446 variis
1155 1424 1276 1453 speciebus
1294 1424 1433 1446 differentiae
1449 1425 1499 1446 sivo
1518 1424 1667 1447 distinctionis
1690 1427 1713 1447 et
1730 1424 1759 1447 de
1778 1425 1909 1448 nominibus

1068 1463 1200 1486 relationem
1221 1463 1403 1491 significantibus
1419 1463 1537 1486 docentur.
1555 1463 1599 1486 Csr.
1617 1470 1687 1492 supra
1704 1464 1726 1486 d.
1745 1464 1781 1486 43.
1799 1470 1821 1492 q.
1840 1464 1868 1492 ὃς
1886 1464 1908 1487 d.

1069 1502 1104 1524 19.
1123 1508 1145 1530 p.
1164 1501 1188 1524 ll.
1206 1508 1228 1531 q.
1246 1502 1268 1524 2.
1285 1501 1315 1524 ad
1333 1500 1361 1529 4,
1379 1503 1401 1523 et
1417 1502 1552 1529 praesertim
1569 1502 1591 1524 d.
1609 1503 1645 1525 26.
1671 1509 1693 1532 q.
1715 1503 1732 1525 1.
1757 1503 1819 1525 Idem
1843 1503 1910 1526 docet

1068 1540 1128 1562 Alex.
1145 1540 1207 1567 Hal.,
1224 1540 1246 1562 S.
1264 1547 1286 1568 p.
1304 1540 1319 1562 1.
1336 1546 1359 1569 q.
1377 1539 1413 1562 48.
1431 1546 1461 1562 m.
1480 1540 1501 1562 4.
1518 1546 1539 1563 a.
1557 1541 1577 1563 3.
1595 1541 1608 1569 S
1625 1540 1646 1563 4.
1664 1541 1685 1563 5.

1129 1579 1166 1601 IV.
1185 1579 1265 1607 Quoad
1282 1579 1453 1601 conclusionem
1470 1585 1550 1602 omnes
1566 1581 1716 1602 consentiunt.
1732 1580 1793 1603 Alex.
1811 1581 1871 1609 Hal,
1886 1581 1908 1603 S.

1044 1613 1048 1617 '
1068 1624 1089 1645 p.
1108 1618 1122 1640 1.
1140 1624 1162 1647 q.
1181 1617 1217 1640 48.
1234 1623 1265 1640 111.
1285 1617 1304 1640 4.
1322 1624 1342 1640 a.
1361 1618 1382 1640 3.
1398 1630 1430 1634 —
1444 1618 1467 1640 S.
1486 1618 1580 1646 Thom.,
1599 1618 1627 1641 de
1643 1619 1728 1642 Potent.
1754 1625 1775 1648 q.
1801 1619 1823 1641 7.
1848 1626 1868 1642 a.
1887 1619 1907 1642 4.

1068 1656 1097 1684 ἂς
1115 1656 1137 1678 S.
1155 1656 1169 1678 l.
1187 1662 1210 1685 q.
1228 1656 1264 1678 ⁴3.
1287 1662 1307 1678 a.
1332 1657 1353 1678 2.
1370 1668 1402 1672 —
1418 1656 1442 1678 B.
1465 1655 1566 1684 Athert„
1589 1658 1611 1680 S.
1634 1663 1656 1685 p.
1678 1658 1693 1680 1.
1715 1660 1742 1680 tr.
1767 1657 1802 1680 m.
1826 1664 1848 1687 q.
1871 1658 1907 1680 57.

1066 1707 1099 1711 —
1121 1695 1179 1717 Petr.
1202 1702 1214 1717 a
1238 1695 1307 1723 Tar.,
1330 1696 1366 1718 liic
1389 1702 1411 1724 q.
1439 1696 1455 1719 l.
1479 1702 1499 1718 a.
1523 1696 1543 1718 4.
1565 1708 1597 1713 —
1618 1696 1724 1719 Richard.
1747 1703 1759 1719 a
1776 1697 1849 1725 Med.,
1872 1698 1909 1721 bic

1067 1740 1089 1761 q.
1108 1733 1129 1755 5.
1146 1745 1177 1750 —
1194 1733 1268 1761 AEgid.
1287 1734 1325 1761 R„
1344 1734 1380 1756 hic
1398 1735 1418 1756 ¹l.
1436 1735 1508 1762 princ.
1526 1741 1548 1763 q.
1571 1734 1592 1757 4.
1618 1736 1676 1757 circa
1699 1735 1760 1758 med.
1784 1748 1818 1752 —
1840 1736 1908 1758 Henr.

1069 1772 1155 1800 Gand.,
1181 1772 1203 1794 S.
1228 1778 1248 1794 a.
1267 1772 1303 1794 32.
1322 1779 1343 1801 q.
1369 1772 1390 1794 5.
1415 1785 1447 1789 -
1470 1773 1585 1802 Durand.,
1609 1774 1645 1796 hie
1669 1780 1691 1802 q.
1717 1775 1738 1796 2.
1760 1786 1792 1791 —
1815 1774 1908 1802 Dionys.

1067 1810 1158 1838 Carth„
1177 1811 1213 1833 liic
1227 1817 1248 1839 q.
1268 1810 1288 1833 4.

749 1950 847 1980 DUBIA
869 1951 962 1980 CIRCA
983 1951 1148 1980 LITTERAM
1170 1951 1330 1980 MAGISTRI.

534 2061 602 2089 Duss.
627 2060 644 2088 1.

245 2156 273 2185 ln
295 2158 374 2193 parte
395 2155 447 2183 ista
460 2156 525 2183 sunt
539 2152 726 2182 dubitationes
740 2153 814 2181 circa
834 2152 970 2187 litteram,
985 2155 1013 2180 et

166 2203 258 2241 primo
273 2202 308 2231 de
322 2202 375 2230 hoc
389 2201 464 2238 quod
479 2200 556 2229 dicit:
572 2200 626 2228 His
640 2199 839 2228 adiiciendum
853 2203 909 2233 est,
928 2207 1012 2237 qaae-

166 2250 237 2278 dam
250 2249 338 2278 etiarn
352 2247 474 2276 nomina
485 2250 549 2281 etc.,
561 2246 626 2284 quia
640 2248 689 2275 aut
703 2246 852 2275 divisiones
866 2245 1010 2283 Augustini

166 2299 194 2326 et
213 2295 349 2324 Ambrosii
371 2297 437 2323 sunt
457 2293 640 2327 sufficienteS,
661 2296 710 2321 aut
730 2300 793 2321 non.
815 2292 842 2321 Si
863 2292 919 2321 sic:
945 2300 1011 2329 ergo

166 2342 295 2379 Magister
319 2340 461 2378 superflue
489 2340 579 2374 addit;
604 2339 626 2368 si
647 2339 776 2368 dicantur
800 2338 1011 2374 insufficientes,

166 2397 218 2427 pro
238 2387 440 2417 inconvenienti
460 2390 502 2416 est
518 2386 687 2415 habendum.

246 2435 421 2463 Responnsso:
443 2433 610 2467 Dicendum,
635 2432 711 2470 quod
731 2440 783 2461 nec
803 2432 903 2461 divisio
923 2433 1012 2469 Augu-

167 2481 231 2510 stini
246 2488 296 2509 nec
316 2480 453 2509 Ambrosii
467 2482 509 2508 est
529 2479 666 2508 diminuta
673 2489 681 2513 ς
700 2486 750 2508 nec
771 2478 875 2507 additio
889 2478 1011 2515 Magistri

166 2526 325 2565 superflua,
347 2526 479 2564 quoniam
491 2525 500 2539 ⁴
520 2525 648 2555 membra
667 2524 811 2554 divisionis
832 2524 953 2562 Magistri
974 2525 1013 2553 in-

231 2682 238 2696 1
256 2682 279 2704 111
297 2681 347 2703 Vat.
370 2680 434 2704 deest
454 2680 563 2708 particula
581 2680 626 2708 Et,
646 2686 715 2709 quam
738 2680 878 2709 antiquiores
901 2679 968 2702 codd.
990 2682 1013 2702 et

168 2720 204 2743 ed.
223 2721 231 2742 ¹l
253 2719 367 2742 exhibent.

230 2758 240 2773 ²
258 2758 281 2780 ln
299 2758 350 2781 cod.
368 2757 389 2780 X
407 2757 500 2780 additur
515 2757 538 2780 et
553 2762 602 2780 non
618 2756 732 2780 dicantur
746 2756 852 2780 relative.
870 2757 938 2780 Paulo
954 2757 1011 2780 infra

169 2801 221 2826 post
235 2796 333 2827 privant
349 2796 401 2819 cod.
419 2796 434 2818 S
450 2795 515 2819 addit
530 2795 614 2825 ipsam.

230 2835 241 2850 ³
258 2835 312 2858 Dist.
331 2835 367 2857 28.
385 2841 407 2864 q.
427 2834 447 2856 t.

231 2874 240 2889 ⁴
259 2873 428 2897 Postulantibus
445 2874 551 2902 plurimis
569 2879 623 2895 mss
640 2875 663 2895 et
678 2872 715 2895 ed.
733 2873 742 2894 1
757 2891 761 2900 ,
779 2871 940 2895 substituimus
956 2877 1014 2902 quo-

1068 2060 1222 2089 cluduntur
1243 2061 1271 2089 in
1291 2061 1426 2089 membris
1446 2061 1589 2090 divisionis
1609 2062 1754 2091 Ambrosii.
1772 2062 1821 2091 Illa
1834 2063 1909 2091 enim

1067 2110 1109 2135 est
1130 2114 1180 2144 per
1201 2107 1377 2141 immediata;
1397 2115 1461 2136 cum
1480 2108 1554 2137 enim
1575 2108 1610 2137 sit
1624 2108 1807 2142 trimembris,
1829 2109 1909 2138 redu-

1067 2153 1140 2182 citur
1160 2153 1195 2182 ad
1218 2154 1269 2182 has
1289 2154 1454 2183 divisiones:
1476 2155 1541 2191 quia
1565 2162 1646 2183 omne
1667 2162 1767 2184 nomen
1787 2155 1836 2184 Dei
1860 2159 1909 2185 aut

1067 2203 1109 2229 est
1126 2200 1298 2237 proprium,
1320 2204 1369 2229 aut
1391 2200 1610 2234 translativam,-
1624 2201 1647 2230 si
1666 2201 1839 2238 propriant,
1860 2205 1909 2231 aut

1067 2250 1172 2284 spectat
1192 2247 1228 2275 ad
1248 2247 1459 2281 substantiam,
1483 2250 1532 2276 aut
1552 2247 1587 2276 ad
1609 2256 1760 2284 personas.
1781 2248 1909 2285 Magister

1068 2297 1161 2323 autem
1175 2294 1227 2323 ista
1247 2294 1375 2323 membra
1388 2294 1477 2332 magis
1498 2294 1648 2331 specificat,
1662 2294 1728 2331 quia
1747 2302 1848 2324 nomen
1863 2295 1910 2323 ali-

1067 2340 1142 2378 quod
1163 2342 1254 2377 potest
1280 2342 1406 2377 spectare
1430 2340 1466 2368 ad
1494 2340 1627 2369 unitatem
1648 2339 1847 2369 substantiae⁵
1873 2341 1909 2370 ab

1067 2388 1193 2419 aeterno,
1208 2386 1251 2414 vel
1266 2394 1303 2415 ex
1318 2389 1443 2423 tempore
1448 2397 1455 2420 ς
1470 2385 1597 2415 similiter
1614 2386 1649 2414 ad
1660 2394 1805 2423 personas
1818 2386 1853 2414 ab
1867 2394 1909 2415 ae-

1068 2434 1162 2466 terno,
1177 2431 1221 2461 vel
1236 2439 1272 2461 ex
1287 2434 1424 2469 tempore;
1439 2435 1467 2460 et
1480 2432 1515 2461 ad
1526 2439 1670 2469 personas
1690 2431 1849 2468 dupliciter:
1864 2432 1908 2460 vel

1068 2478 1192 2513 divisim,
1213 2481 1245 2507 ut
1264 2478 1317 2507 hoc
1337 2486 1439 2507 nomen
1460 2479 1567 2512 Pater,
1588 2478 1632 2507 vel
1653 2477 1737 2507 simul
1757 2481 1785 2507 et
1798 2478 1910 2507 coniun-

1068 2524 1143 2559 ctim,
1154 2527 1186 2553 ut
1199 2525 1252 2553 hoc
1263 2532 1363 2553 nomen
1383 2524 1624 2558 Trinitas;etita⁶
1635 2527 1700 2553 sunt
1711 2531 1761 2553 sex
1773 2524 1907 2553 membra.

1067 2679 1134 2702 niam
1151 2686 1193 2708 pro
1210 2685 1275 2702 nam.
1293 2679 1362 2701 Paulo
1379 2681 1431 2701 ante
1446 2680 1469 2701 in
1487 2678 1592 2707 pluribus
1609 2684 1664 2701 mss.
1681 2681 1706 2701 ut
1721 2678 1738 2700 A
1749 2678 1821 2700 sTv
1832 2681 1875 2701 etc.
1887 2682 1909 2701 et

1067 2718 1103 2741 cd.
1123 2719 1131 2740 1
1153 2718 1236 2741 desunt
1252 2717 1324 2740 verba
1341 2717 1469 2747 Augustini
1483 2723 1532 2740 nec.

1129 2756 1139 2772 ⁵
1155 2757 1178 2779 ln
1196 2757 1301 2785 plurimis
1318 2763 1372 2779 mss.
1389 2759 1412 2779 et
1427 2756 1464 2779 ed.
1478 2757 1486 2778 ll
1502 2757 1539 2779 hic
1550 2758 1572 2778 et
1583 2756 1652 2785 paulo
1663 2756 1720 2778 intra
1732 2758 1784 2784 post
1792 2761 1910 2785 personas

1067 2796 1178 2818 omittitur
1194 2794 1245 2823 vel,
1265 2795 1328 2824 quod
1345 2796 1395 2818 Vat.
1412 2795 1522 2823 adiungit.

1129 2832 1139 2847 ⁶
1156 2833 1206 2855 Vat.
1224 2839 1277 2855 cum
1294 2839 1341 2856 uno
1357 2833 1458 2855 alterove
1475 2833 1554 2856 codice
1569 2832 1615 2856 ista
1632 2839 1675 2861 pro
1695 2832 1736 2856 ita.
1752 2844 1784 2849 -
1800 2833 1833 2855 De
1857 2838 1908 2855 con-

1067 2872 1179 2894 ciliatione
1196 2872 1278 2894 harum
1296 2870 1440 2894 diversarum
1457 2870 1597 2894 divisionum
1615 2870 1668 2894 vide
1689 2871 1757 2894 etiam
1774 2871 1798 2894 B.
1816 2871 1906 2899 Albert.,
