2253 3317
19 272 58 291 ‘Sex
68 272 151 296 assigna-

33 296 95 314 tiones
118 296 150 314 tri-

32 319 98 337 nitatis
130 319 149 337 in

32 342 112 361 creatis.

854 142 937 170 DIST.
957 142 997 170 111.
1019 143 1046 171 P.
1068 143 1085 171 I.
1107 143 1213 172 DUBIA.

162 227 207 253 se,
228 222 277 248 aut
301 219 328 248 in
350 220 557 257 comparatione
577 221 612 249 ad
637 220 705 249 alias
727 222 886 254 creaturas,
907 222 956 248 aut
976 220 1004 248 in

163 267 367 304 comparatione
388 266 423 295 ad
445 274 558 295 causam
578 266 708 303 primam.
731 266 761 294 Et
782 266 938 294 secundum
954 266 1005 294 hos

162 320 258 342 omnes
279 312 376 341 modos
390 312 523 349 contingit
537 312 661 349 reperire
676 312 827 341 trinitatem
847 311 1004 348 dupliciter.

239 362 265 387 Si
277 361 352 388 enim
367 360 560 386 consideretur
575 359 713 394 quantum
726 357 753 386 in
769 365 797 386 se
809 357 853 386 vel
868 360 1004 394 quantum

162 407 197 435 ad
219 414 264 441 se,
285 406 338 435 hoc
352 409 408 441 est,
424 408 472 434 aut
486 408 623 443 quantum
637 405 673 433 ad
687 404 884 433 substantiam
895 404 1006 441 princi-

158 453 280 490 piorum
285 464 296 487 ;
310 455 338 482 et
352 453 390 482 sic
405 456 447 482 est
462 453 508 481 illa
522 453 645 481 trinitas:
667 451 799 485 materia,
815 451 919 485 forma,
934 458 1006 479 com-

160 499 274 536 positio,
296 507 367 536 quae
388 499 501 536 ponitur
522 499 550 526 in
572 499 643 526 libro
664 498 698 526 de
714 497 818 534 Regula
839 496 903 525 fidei
917 497 935 531 ¹3
957 500 1005 525 aut

160 549 295 583 quantum
318 546 353 575 ad
375 545 580 579 habitudines;
600 547 627 573 et
648 545 687 573 sic
708 547 750 572 est
770 543 829 577 illa,
851 543 1005 580 Sapientiae

160 593 308 621 undecimo
320 592 343 620 ²:
368 592 473 620 Omnia
488 592 520 619 in
533 599 655 619 nurnero
664 613 672 624 ,
684 590 812 627 pondere
826 594 850 618 et
864 598 1004 618 mensura

162 639 339 676 disposuisti.
355 639 385 667 In
399 647 522 667 numero
536 639 609 667 enim
625 638 789 675 intelligitur
802 637 1005 674 principiorum

161 686 317 721 distinctio,
339 686 367 714 in
378 686 506 722 pondere
519 686 633 722 propria
657 685 783 722 ipsorum
808 684 960 718 inclinatio,
977 684 1005 712 in

160 741 301 761 mensura
316 740 414 761 eorum
428 732 437 745 ³
452 732 488 760 ad
505 732 623 760 invicem
644 731 796 769 proportio.

238 779 320 813 Item,
342 779 364 807 si
386 778 578 807 consideretur
598 786 656 807 una
686 780 815 806 creatura
836 778 868 806 in
893 786 1006 814 compa-

159 826 274 853 ratione
289 825 329 853 ad
343 824 421 853 alias
442 828 616 858 creaturas,
638 825 691 853 hoc
718 827 809 861 potest
839 832 899 853 esse
918 823 928 837 ⁴
957 826 1006 852 aut

159 872 187 900 in
202 875 338 909 quantum
353 872 409 908 agit
423 872 530 900 actione
550 870 688 899 natarali
696 881 707 905 ;
728 874 755 899 et
769 871 807 899 sic
823 871 944 899 sumitur
958 870 1006 898 illa

159 918 269 947 trinitas
290 918 448 955 Dionysii⁵,
471 917 654 951 substantia,
681 917 778 945 virtus
797 920 827 945 et
855 917 1005 954 (ψεῖ-αἰῶ,-

159 967 208 994 aut
229 966 256 994 in
279 967 415 1002 quantum
438 964 494 1001 agit
516 964 622 992 actione
649 963 819 1000 spirituali}
839 966 866 992 et
888 964 926 992 sic
959 963 1006 991 illa

158 1012 313 1048 Augustini,
336 1012 370 1040 de
386 1011 525 1047 octoginta
549 1010 640 1039 tribus
665 1010 905 1046 Quaestionibus6,
927 1019 1004 1048 «quo

162 1061 294 1092 constat,
316 1066 371 1096 quo
393 1057 551 1094 conyruit,
573 1065 628 1094 quo
643 1056 822 1085 discernitur
837 1069 848 1080 n
867 1079 875 1090 ,
897 1060 924 1085 et
944 1057 1006 1085 ulti-

158 1112 236 1133 mum
259 1105 380 1133 refertur
401 1104 436 1132 ad
458 1104 588 1132 animam.

237 1151 264 1180 Si
285 1154 380 1180 autem
403 1151 635 1180 considerentur⁷
660 1150 688 1178 in
720 1150 938 1186 comparatione
965 1151 1006 1178 ad

159 1198 272 1231 Deum,
294 1198 347 1226 hoc
368 1200 459 1234 potest
479 1205 539 1226 esse
562 1197 729 1234 duplicitur:
752 1200 801 1225 aut
822 1197 849 1224 in
867 1200 1004 1233 quantum

158 1244 320 1272 referuntur
341 1246 466 1278 tantum;
488 1247 514 1271 et
536 1243 575 1272 sic
596 1246 638 1272 est
670 1242 731 1277 illa,
752 1242 876 1276 mochus,
897 1242 1004 1279 species

157 1294 185 1320 et
205 1291 298 1324 ordo;
319 1294 368 1319 aut
389 1291 416 1319 iu
438 1293 574 1327 quantum
602 1290 764 1318 referuntur
795 1293 823 1318 et
852 1289 1005 1318 assimilan-

158 1340 224 1372 tur3
246 1340 273 1366 et
293 1337 333 1366 sic
353 1340 395 1366 est
416 1337 482 1371 illa,
503 1337 623 1370 unitas,
645 1336 755 1364 veritas
776 1336 821 1364 et⁸
843 1336 963 1364 bonitas.

236 1384 371 1420 Quoniam
393 1392 459 1421 ergo
481 1384 629 1420 vestigium
641 1383 794 1412 attenditur
814 1383 842 1411 in
863 1391 1004 1420 compara-

157 1431 231 1459 tione
246 1430 281 1459 ad
303 1430 391 1458 Deum
413 1431 526 1467 proprie
538 1453 545 1465 ,
567 1430 629 1458 ideo
648 1430 675 1458 in
689 1430 733 1458 his
748 1429 854 1458 ultimis
875 1430 1005 1458 conditio-

156 1477 240 1506 nibus
253 1477 366 1514 proprie
386 1478 522 1514 accipitur
543 1477 700 1513 vestigium.
723 1477 754 1504 Et
768 1476 833 1513 quia
847 1485 948 1513 magna
962 1479 1004 1505 est

158 1524 229 1552 inter
245 1524 311 1552 istas
331 1524 552 1560 comparationes
573 1523 779 1557 convenientia,
794 1522 856 1551 ideo
875 1523 1003 1559 Magister

156 1570 254 1599 miscet
265 1570 334 1598 haec
348 1570 383 1598 ad
398 1570 516 1598 invicem
528 1572 642 1606 propter
653 1568 770 1597 multam
783 1569 1003 1597 convenientiam

159 1619 187 1646 et
201 1616 509 1654 correspondentiam⁹3
525 1616 591 1653 quia
604 1616 705 1644 unitas
726 1616 877 1652 respondet
897 1616 982 1644 inodo
993 1638 1002 1649 ,

157 1664 206 1701 qui
227 1663 340 1701 respicit
360 1663 450 1692 Deum
478 1665 510 1691 ut
537 1670 651 1691 causam
682 1661 866 1697 efficientemg
893 1662 1003 1690 veritas

1870 144 1904 172 79

1062 219 1174 257 speciei,
1197 228 1268 257 quae
1289 221 1403 257 respicit
1423 220 1516 257 ipsum
1541 223 1573 249 ut
1604 220 1765 257 exemplar;
1794 220 1906 249 bonitas

1063 266 1177 300 ordini,
1192 266 1241 303 qui
1254 266 1274 281 ¹⁰
1295 267 1408 303 respicit
1428 267 1518 295 Deum
1539 269 1571 295 ut
1590 266 1683 295 finem.

1414 358 1481 387 Dua.
1504 359 1547 388 IV.

1142 451 1210 478 Item
1222 451 1367 487 quaeritur
1382 451 1416 480 de
1431 451 1483 480 hoc
1498 452 1573 489 quod
1585 453 1746 490 appropriat
1760 454 1906 483 veritatem

1064 497 1133 525 Filio
1158 497 1267 526 dicens:
1293 496 1515 533 Perfectissima
1536 497 1706 534 pulcritudo
1734 499 1906 537 intclliyitur

1064 543 1178 577 Filius,
1192 543 1302 571 scilicet
1314 543 1426 571 veritas
1450 544 1563 572 Patris.
1585 544 1638 572 Sed
1663 547 1758 573 contra
1781 546 1907 582 Augusti-

1063 598 1116 618 nus
1140 590 1168 618 in
1183 589 1333 626 soliloquio
1346 589 1376 617 ¹¹:
1410 590 1537 619 «Veritas
1551 594 1593 619 est
1612 591 1640 619 id
1660 592 1735 628 quod
1750 595 1813 620 est»
1829 603 1836 626 ;
1857 593 1906 621 sed

1063 643 1112 664 ens
1126 636 1196 664 nulli
1216 643 1351 672 personae
1366 637 1579 673 appropriatur:
1601 645 1667 674 ergo
1681 645 1732 666 nec
1746 638 1856 667 veritas.

1140 682 1207 711 Item
1223 683 1335 711 videtur
1354 683 1426 715 male
1448 684 1631 721 appropriare
1646 684 1777 712 ordinem
1792 685 1906 722 Spiritui

1063 733 1169 764 sanctu,
1185 730 1250 767 quia
1269 730 1297 758 in
1318 731 1495 767 praecedenti
1519 731 1640 768 capitulo
1667 731 1748 765 dicit,
1770 732 1844 768 quod
1869 739 1906 760 ex

1065 777 1163 805 ordine
1176 777 1340 814 intelligitur
1352 777 1490 814 sapiens¹²
1502 788 1508 811 ;
1520 777 1569 806 sed
1583 778 1729 815 sapientia
1747 778 1907 815 appropria-

1065 831 1110 853 tur
1131 824 1208 852 Fili0:
1231 832 1298 861 ergo
1319 827 1346 853 et
1367 824 1448 852 ordo.

1142 871 1318 900 Resposnm:
1341 871 1509 905 Dicendum,
1531 871 1606 908 quod
1627 872 1730 900 veritas
1748 874 1839 909 potest
1859 872 1907 900 du-

1066 917 1173 954 pliciter
1195 917 1375 952 considerari,
1390 917 1461 946 sicut
1483 920 1510 946 et
1522 917 1540 932 ¹³
1560 918 1644 946 color.
1659 918 1727 946 Nam
1746 926 1802 946 uno
1823 918 1906 947 modo

1064 963 1139 992 color
1158 964 1352 993 consideratur
1374 964 1529 993 secundum
1553 964 1585 993 id
1609 965 1639 993 in
1664 973 1720 1003 quo
1744 968 1799 998 est;
1819 967 1846 993 et
1867 965 1906 993 sic

1063 1010 1198 1039 definitur
1220 1011 1248 1039 in
1269 1011 1342 1039 libro
1363 1011 1397 1040 de
1419 1011 1507 1040 Sensu
1522 1014 1549 1040 et
1564 1015 1673 1040 sensato
1685 1011 1719 1039 ¹⁴:
1749 1011 1851 1039 «Color
1865 1014 1907 1040 est

1063 1057 1227 1085 extremitas
1257 1057 1399 1094 perspicui
1431 1058 1458 1085 in
1484 1065 1600 1094 corpore
1631 1058 1816 1086 terminato».
1848 1058 1906 1088 Alio

1062 1103 1145 1132 modo
1171 1103 1198 1131 in
1224 1103 1431 1140 comparatione
1455 1104 1496 1132 art
1515 1104 1627 1138 visum,
1644 1112 1728 1141 quem
1750 1107 1856 1138 movet;
1878 1107 1906 1133 et

1062 1150 1101 1178 sic
1122 1149 1255 1178 definitur
1276 1150 1303 1177 in
1325 1149 1396 1178 libro
1418 1150 1452 1178 de
1466 1150 1562 1178 Anima
1576 1150 1609 1178 ¹⁵:
1642 1150 1744 1178 «Color
1766 1153 1807 1178 est
1828 1150 1905 1178 moti-

1063 1204 1130 1225 vum
1150 1197 1227 1225 visus
1248 1197 1404 1225 secundum
1426 1200 1520 1225 actum
1542 1197 1665 1226 lucidi».

1140 1243 1272 1272 Similiter
1297 1243 1408 1272 veritas
1432 1246 1522 1280 potest
1550 1244 1720 1272 considerari
1746 1244 1773 1272 in
1798 1251 1906 1281 compa-

1062 1289 1167 1317 ratione
1189 1289 1225 1318 ad
1247 1289 1275 1318 id
1290 1289 1322 1317 in
1336 1298 1392 1327 quo
1407 1293 1467 1323 est;
1488 1293 1515 1319 et
1530 1290 1569 1319 sic
1582 1298 1681 1319 verum
1697 1292 1739 1318 est
1752 1290 1771 1304 ¹⁶
1786 1290 1813 1318 id
1828 1290 1903 1327 quod

1061 1338 1115 1370 est:
1136 1335 1190 1364 alio
1212 1336 1295 1364 modo
1316 1343 1367 1373 per
1389 1337 1625 1373 comparationem
1647 1337 1688 1365 ad
1712 1336 1903 1370 intellectum,

1061 1390 1145 1419 quem
1168 1385 1275 1417 movet3
1297 1386 1324 1411 et
1345 1383 1384 1412 sic
1405 1383 1516 1418 veritas,
1539 1386 1570 1412 ut
1585 1384 1650 1412 dicit
1672 1383 1855 1420 Philosophus
1877 1384 1905 1412 in

1061 1429 1184 1458 secundo
1207 1430 1447 1466 Metaphysicaeff,
1466 1433 1530 1459 «est
1545 1430 1608 1459 finis
1630 1430 1825 1467 intelligentiae
1847 1438 1907 1467 spe-

1061 1475 1238 1504 culativae».
1260 1476 1420 1504 Secundum
1441 1476 1565 1513 primum
1591 1476 1707 1505 modum
1729 1476 1795 1504 dicit
1815 1476 1906 1505 Ansel-

1061 1529 1124 1550 mus
1137 1522 1172 1550 ¹⁸:
1201 1523 1332 1552 «Veritas
1353 1523 1441 1551 Patris
1463 1526 1504 1552 est
1526 1523 1645 1552 essentia
1665 1523 1791 1551 Patris».
1817 1523 1907 1559 Quan-

1063 1572 1121 1598 tum
1148 1569 1184 1598 ad
1217 1570 1373 1598 secundum
1405 1570 1522 1598 modum
1547 1570 1613 1598 dicit
1634 1570 1754 1598 Hilarius
1766 1570 1802 1604 ¹⁰,
1830 1570 1905 1607 quod

1068 1616 1193 1644 «veritas
1208 1619 1249 1644 est
1271 1616 1473 1644 declarativum
1484 1624 1583 1645 esse».
1599 1617 1630 1644 Et
1645 1616 1776 1653 quoniam
1792 1616 1876 1645 Filius
1886 1616 1906 1631 ²⁰

1060 1662 1185 1699 procedit
1205 1665 1237 1690 ut
1258 1661 1401 1696 Verbum,
1423 1663 1467 1691 cui
1488 1663 1686 1700 appropriatur
1714 1662 1785 1690 ratio
1817 1662 1906 1691 decla-

219 2003 227 2018 1
244 2004 330 2026 Alanus
346 2003 376 2026 ab
392 2004 485 2032 Insulis,
502 2003 531 2025 de
548 2003 601 2025 Arte
617 2010 658 2026 seu
675 2005 781 2027 Articulis
798 2005 921 2027 catholicae
933 2004 1001 2033 fidei,

156 2049 177 2065 a.
195 2042 243 2065 24:
260 2043 351 2065 Materia
369 2045 391 2065 et
407 2043 479 2064 forma
501 2049 628 2071 earumque
653 2049 768 2071 compago
792 2044 834 2065 tria
857 2050 953 2071 prorsus
970 2043 1002 2065 di-

157 2088 224 2104 versa
242 2084 301 2103 sunt.
319 2093 350 2097 —
367 2081 417 2104 Vat.
435 2084 512 2103 contra
530 2088 585 2104 mss.
602 2084 624 2104 et
640 2082 676 2104 ed.
704 2082 712 2103 sl
738 2083 814 2104 minus
839 2083 1002 2104 convenienter

152 2121 287 2150 ponuntur.
305 2119 361 2142 Cod.
379 2120 398 2142 V
416 2120 571 2149 compositum
587 2121 637 2142 loco
655 2120 798 2149 compositio.

220 2159 230 2173 ²
248 2159 312 2181 Vers.
331 2159 368 2181 2⁴.
384 2171 416 2175 —
432 2159 501 2181 Paulo
518 2162 570 2181 ante
586 2161 639 2187 post
649 2158 797 2182 habitudines
813 2159 875 2187 Vat.,
892 2159 1002 2181 contradi-

156 2197 262 2220 centibus
280 2203 334 2220 mss.
351 2199 373 2219 et
389 2198 425 2220 ed.
445 2198 470 2226 11,
488 2199 570 2220 omittit
586 2199 614 2220 et.

219 2235 229 2250 ³
246 2235 302 2258 Cod.
320 2236 349 2258 W
365 2236 464 2266 propria
482 2242 572 2260 eorum.

218 2273 228 2289 ⁴
245 2274 300 2297 Cod.
318 2275 340 2297 X
357 2275 462 2303 adiungit
478 2275 608 2305 dupliciter.

219 2315 228 2328 ⁵
245 2314 278 2336 De
295 2313 389 2336 Caelest.
406 2314 521 2337 Hierarch.
539 2321 558 2337 c.
580 2315 601 2337 Μ
617 2320 622 2337 ;
638 2315 661 2337 In
673 2316 715 2337 tria
727 2315 861 2337 dividuntur
872 2313 1001 2337 secundum

154 2359 183 2376 se
200 2353 388 2381 supermundana
405 2354 492 2376 ratione
509 2360 590 2376 omnes
607 2354 678 2376 divini
695 2354 833 2376 intellectus:
845 2354 867 2375 in
879 2354 1001 2375 essentiam

158 2394 181 2414 et
196 2392 305 2414 virtutem
323 2394 345 2414 et
362 2393 525 2420 operationem.

219 2430 228 2445 6
246 2431 337 2458 Quaest.
357 2431 400 2452 ⁴8:
418 2431 485 2453 Aliud
501 2433 535 2453 est
552 2437 598 2460 quo
610 2434 709 2459 constat,
722 2431 784 2453 aliud
796 2437 842 2460 quo
854 2431 1000 2459 discernitur,

157 2469 219 2491 aliud
237 2475 284 2498 quo
302 2470 414 2497 congruit.
431 2481 462 2486 —
478 2470 500 2491 In
518 2476 564 2498 quo
581 2473 641 2493 textu
659 2470 723 2492 multi
738 2476 793 2492 mss.
806 2476 858 2492 cum
871 2476 909 2492 sex
921 2471 1002 2498 primis

158 2508 212 2530 edd.
230 2508 281 2530 loco
299 2514 345 2537 quo
362 2507 447 2530 habent
463 2508 537 2537 quod,
563 2509 603 2531 sed
625 2510 708 2537 inepte.
734 2508 789 2531 Cod.
815 2509 835 2530 X
862 2509 1001 2536 glossando:

157 2545 221 2575 quod
237 2547 330 2569 constat
345 2552 376 2568 eoe
393 2546 443 2568 suis
457 2546 593 2576 principiis,
613 2547 676 2576 quod
692 2546 802 2576 congruit
817 2546 842 2569 in
853 2547 936 2570 ordine
947 2553 1002 2570 cum

153 2584 276 2608 creaturis
289 2584 351 2613 aliis,
366 2584 429 2614 quod
444 2584 587 2608 discernitur
597 2585 627 2609 ab
638 2585 692 2609 aliis
704 2586 820 2609 creaturis
829 2592 874 2616 per
885 2586 1002 2609 rationem

159 2623 279 2653 imaqinis.

219 2662 229 2676 ⁷
246 2662 348 2690 Supple:
366 2664 490 2684 creaturae.

222 2701 232 2715 ⁸
248 2702 279 2723 Ex
297 2700 364 2723 codd.
382 2701 544 2729 supplevimus
559 2702 587 2724 et.

222 2739 232 2754 ⁹
249 2740 300 2762 Vat.
318 2742 409 2767 praeter
425 2739 495 2761 fidem
512 2745 567 2762 mss.
584 2740 781 2769 respondentium.

221 2778 240 2792 ¹⁰
257 2779 365 2800 Mendum
375 2778 425 2800 Vat.
435 2784 498 2807 quae
507 2779 647 2801 correximus
656 2786 682 2801 ex
692 2785 746 2802 mss.
755 2791 786 2796 -—
795 2779 906 2807 Quamvis
917 2780 939 2801 in
952 2785 1002 2807 pro-

159 2818 272 2845 positione
289 2817 425 2845 principali,
444 2817 506 2845 quod
524 2817 570 2839 scil.
588 2818 610 2839 in
629 2818 691 2840 omni
708 2820 811 2840 creatura
828 2818 856 2840 sit
878 2818 1002 2845 vestigium

159 2856 290 2884 Trinitatis,
308 2862 389 2878 omnes
413 2856 539 2878 scholastici
562 2857 709 2884 conveniant,
734 2859 809 2878 tamen
837 2857 859 2878 in
884 2863 1002 2879 enumera-

155 2895 218 2917 tione
235 2897 257 2917 et
274 2895 424 2923 explicatione
441 2895 540 2922 partium
559 2895 626 2917 huius
637 2895 728 2923 vestigii
739 2897 773 2917 est
784 2895 859 2924 aliqua
871 2896 929 2917 inter
940 2896 1003 2923 ipsos

1059 2003 1192 2032 differentia,
1204 2006 1229 2025 ut
1240 2003 1320 2025 videre
1337 2004 1388 2026 licet
1404 2003 1467 2031 apud
1484 2003 1577 2030 Dionys.
1594 2003 1677 2031 Carth.,
1695 2004 1731 2025 hic
1749 2010 1771 2032 q.
1789 2003 1809 2026 4.
1827 2003 1870 2027 err.
1883 2006 1905 2026 et

1059 2042 1082 2064 B.
1100 2042 1193 2069 Albert.,
1207 2042 1229 2064 S.
1242 2043 1256 2064 Ι.
1274 2044 1337 2064 tract.
1356 2042 1377 2064 3.
1394 2049 1416 2071 q.
1436 2042 1472 2065 45.
1490 2048 1520 2064 m.
1539 2043 1560 2064 2.
1578 2045 1599 2065 et
1617 2043 1653 2064 hic
1670 2048 1689 2064 a.
1704 2043 1868 2071 '13.seqq.;ac
1881 2043 1903 2065 S.

1060 2081 1155 2109 Thom.,
1173 2082 1210 2103 hic
1227 2087 1249 2109 q.
1268 2082 1280 2103 2
1299 2087 1318 2103 a.
1337 2081 1365 2108 33
1383 2083 1406 2103 et
1423 2081 1444 2103 S.
1463 2081 1477 2103 1.
1495 2087 1516 2109 q.
1536 2081 1572 2103 45.
1591 2088 1611 2103 a.
1629 2081 1650 2103 7.
1668 2087 1694 2103 ac
1711 2088 1733 2110 q.
1752 2082 1788 2103 93.
1806 2087 1825 2103 a.
1844 2081 1871 2106 6.,

1122 2120 1139 2134 ¹¹
1157 2119 1218 2142 Libr.
1235 2120 1259 2141 Il.
1276 2126 1295 2142 c.
1313 2120 1342 2141 5:
1360 2120 1448 2142 Verum
1466 2120 1522 2141 mihi
1539 2120 1632 2142 videtur
1648 2126 1698 2142 esse
1712 2119 1735 2142 id
1748 2119 1811 2148 quod
1827 2122 1868 2142 est.

1121 2159 1141 2173 ¹²
1158 2158 1213 2181 Cod.
1231 2159 1282 2181 VX
1300 2164 1353 2181 eum
1371 2158 1424 2181 edd.
1443 2159 1469 2187 2,
1488 2158 1501 2180 3
1518 2158 1646 2188 sapientia,
1665 2159 1706 2181 sed
1724 2161 1801 2181 contra
1818 2162 1904 2181 textum

1059 2198 1166 2225 Magistri.

1122 2235 1141 2250 ¹³
1157 2236 1306 2258 Restituimus
1323 2242 1350 2258 ex
1367 2242 1421 2258 mss.
1440 2241 1493 2258 cum
1511 2235 1547 2258 ed.
1566 2236 1574 2257 4
1596 2235 1697 2258 indebite
1710 2236 1819 2258 omissam
1836 2237 1903 2264 parti-

1059 2276 1134 2297 culam
1151 2276 1179 2298 et.

1122 2313 1140 2328 ¹⁴
1157 2313 1212 2342 Cap.
1230 2314 1259 2337 3:
1277 2314 1352 2342 Quare
1369 2315 1432 2336 color
1448 2315 1527 2343 utique
1543 2315 1586 2336 erit
1602 2314 1719 2342 perspicui
1734 2314 1864 2336 extremitas
1880 2314 1903 2335 in

1059 2353 1209 2375 determinato
1226 2359 1323 2380 corpore
1341 2352 1386 2381 (ed.
1406 2353 1484 2375 Venet.
1503 2352 1580 2380 4489).

1121 2391 1141 2406 ¹⁵
1157 2391 1217 2413 Libr.
1236 2391 1259 2413 11.
1277 2391 1306 2413 de
1322 2391 1416 2419 Anima,
1434 2393 1485 2413 text.
1504 2381 1540 2413 67⁸.
1559 2391 1587 2419 (c.
1606 2390 1653 2419 7.):
1671 2390 1750 2413 Omnis
1762 2391 1823 2412 enim
1841 2391 1903 2413 color

1060 2436 1155 2452 movens
1165 2432 1199 2452 est
1207 2431 1257 2452 eius
1266 2430 1329 2458 quod
1339 2429 1466 2452 secundum
1476 2432 1552 2452 actum
1562 2429 1670 2456 diaphani
1680 2428 1725 2457 (ed.
1736 2429 1815 2451 Venet.
1826 2429 1902 2458 ⁴489).

1122 2469 1142 2483 ¹⁵
1158 2469 1208 2491 Vat.
1226 2471 1317 2496 praeter
1333 2468 1402 2490 fidem
1421 2475 1475 2490 mss.
1493 2471 1515 2490 et
1531 2468 1568 2490 ed.
1582 2468 1590 2489 i
1607 2469 1643 2490 hic
1660 2469 1736 2490 minus
1756 2470 1808 2496 apte
1825 2468 1902 2491 addit:

1059 2507 1122 2537 quod
1137 2507 1191 2530 diat
1209 2507 1374 2536 Auyustinus:
1396 2506 1486 2529 Veritas
1503 2508 1538 2530 est
1552 2506 1583 2529 id.

1123 2545 1142 2560 ¹⁷
1160 2546 1223 2568 Text.
1242 2546 1267 2573 3,
1286 2546 1415 2568 secundum
1432 2545 1468 2567 ed.
1487 2545 1566 2568 Venet.
1585 2545 1661 2567 4489:
1678 2545 1738 2567 Finis
1754 2546 1815 2567 enim
1832 2546 1902 2568 scien-

1059 2585 1102 2606 tiae
1119 2585 1274 2613 speculativae
1290 2587 1324 2606 est
1341 2585 1432 2606 veritas.

1123 2622 1143 2637 ¹⁸
1159 2622 1237 2645 Verba
1254 2623 1319 2644 citata
1336 2622 1445 2645 videntur
1461 2628 1511 2645 esse
1527 2622 1632 2645 desumta
1649 2628 1676 2644 ex
1692 2622 1805 2650 Monolog.
1823 2628 1842 2644 c.
1860 2622 1901 2651 46,

1059 2662 1099 2684 ubi
1116 2661 1226 2689 ostendit,
1244 2661 1307 2690 quod
1324 2661 1393 2683 Filius
1410 2662 1438 2683 sit
1454 2662 1538 2683 veritas
1554 2663 1576 2683 et
1600 2662 1650 2689 ipsa
1672 2662 1769 2683 essentia
1794 2664 1902 2689 paternae

1058 2701 1205 2723 substantiae.

1122 2739 1141 2754 ¹⁹
1158 2739 1276 2767 Colligitur
1293 2746 1320 2761 cx
1336 2739 1364 2761 V.
1383 2739 1411 2761 de
1429 2739 1491 2761 Trin.
1510 2745 1531 2761 n.
1550 2739 1570 2760 3.
1588 2745 1648 2767 seq.,
1661 2738 1701 2760 ubi
1717 2740 1822 2766 exponit,
1839 2739 1903 2767 quod

1062 2786 1073 2798 α
1090 2779 1174 2800 veritas
1191 2784 1218 2800 ex
1235 2780 1315 2800 natura
1327 2780 1387 2800 etex
1404 2778 1487 2799 virtute
1505 2780 1539 2800 est
1556 2785 1566 2797 n
1580 2795 1585 2805 ,
1603 2777 1653 2799 sive
1669 2779 1694 2799 ut
1710 2777 1779 2805 paulo
1796 2777 1852 2799 infra
1865 2778 1902 2799 ha-

1059 2817 1141 2845 betur,
1159 2817 1222 2846 quod
1242 2825 1252 2836 «
1270 2821 1364 2840 naturae
1380 2818 1453 2839 virtus
1470 2818 1569 2845 praestat
1585 2817 1705 2838 veritatem
1723 2824 1744 2838 ι.

1121 2855 1141 2869 ‘²⁰
1150 2855 1203 2877 Fide
1215 2856 1369 2883 plurimorum
1382 2856 1449 2878 codd.
1461 2859 1483 2878 et
1494 2855 1530 2878 ed.
1544 2856 1552 2877 i
1568 2855 1721 2883 expunximus
1732 2854 1824 2884 estqui,
1839 2854 1902 2883 quod

1059 2895 1109 2917 Vat.
1129 2895 1164 2917 hic
1181 2894 1250 2917 addit.

1921 1245 2045 1272 Definitiones

1930 1271 2019 1288 veritatis.
