<?xml version="1.0" encoding="UTF-8"?>
<!DOCTYPE html PUBLIC "-//W3C//DTD XHTML 1.0 Transitional//EN"
    "http://www.w3.org/TR/xhtml1/DTD/xhtml1-transitional.dtd">
<html xmlns="http://www.w3.org/1999/xhtml" xml:lang="en" lang="en">
 <head>
  <title>
</title>
<meta http-equiv="Content-Type" content="text/html;charset=utf-8" />
  <meta name='ocr-system' content='tesseract 3.04.00' />
  <meta name='ocr-capabilities' content='ocr_page ocr_carea ocr_par ocr_line ocrx_word'/>
</head>
<body>
  <div class='ocr_page' id='page_1' title='image "./doctorisseraphic11bona_0436.png"; bbox 0 0 2253 3317; ppageno 0'>
   <div class='ocr_carea' id='block_1_1' title="bbox 206 369 328 387">
    <p class='ocr_par' dir='ltr' id='par_1_1' title="bbox 206 369 328 387">
     <span class='ocr_line' id='line_1_1' title="bbox 206 369 328 387; baseline 0 -1"><span class='ocrx_word' id='word_1_1' title='bbox 206 369 244 386; x_wconf 77' lang='lat' dir='ltr'>Alia</span> <span class='ocrx_word' id='word_1_2' title='bbox 255 369 328 387; x_wconf 57' lang='lat' dir='ltr'>siduno.</span> 
     </span>
    </p>
   </div>
   <div class='ocr_carea' id='block_1_2' title="bbox 204 1539 332 1580">
    <p class='ocr_par' dir='ltr' id='par_1_2' title="bbox 204 1539 332 1580">
     <span class='ocr_line' id='line_1_2' title="bbox 204 1539 332 1562; baseline 0 -5"><span class='ocrx_word' id='word_1_3' title='bbox 204 1539 275 1558; x_wconf 82' lang='lat' dir='ltr'>Solutio</span> <span class='ocrx_word' id='word_1_4' title='bbox 287 1544 332 1562; x_wconf 84' lang='lat' dir='ltr'>qu(-</span> 
     </span>
     <span class='ocr_line' id='line_1_3' title="bbox 228 1562 312 1580; baseline 0 0"><span class='ocrx_word' id='word_1_5' title='bbox 228 1562 312 1580; x_wconf 77' lang='lat' dir='ltr'>mndam.</span> 
     </span>
    </p>
   </div>
   <div class='ocr_carea' id='block_1_3' title="bbox 348 93 403 121">
    <p class='ocr_par' dir='ltr' id='par_1_3' title="bbox 348 93 403 121">
     <span class='ocr_line' id='line_1_4' title="bbox 348 93 403 121; baseline 0.018 -1"><span class='ocrx_word' id='word_1_6' title='bbox 348 93 403 121; x_wconf 64' lang='lat'>:³34</span> 
     </span>
    </p>
   </div>
   <div class='ocr_carea' id='block_1_4' title="bbox 347 169 1222 206">
    <p class='ocr_par' dir='ltr' id='par_1_4' title="bbox 347 169 1222 206">
     <span class='ocr_line' id='line_1_5' title="bbox 347 169 1222 206; baseline -0.003 -7"><span class='ocrx_word' id='word_1_7' title='bbox 347 172 457 200; x_wconf 81' lang='lat' dir='ltr'>nominc</span> <span class='ocrx_word' id='word_1_8' title='bbox 477 171 619 206; x_wconf 66' lang='lat' dir='ltr'>spiritus.</span> <span class='ocrx_word' id='word_1_9' title='bbox 647 170 713 206; x_wconf 86' lang='lat' dir='ltr'>qnia</span> <span class='ocrx_word' id='word_1_10' title='bbox 744 170 848 197; x_wconf 79' lang='lat' dir='ltr'>donum</span> <span class='ocrx_word' id='word_1_11' title='bbox 879 177 989 206; x_wconf 60' lang='lat' dir='ltr'>semlwr</span> <span class='ocrx_word' id='word_1_12' title='bbox 1017 169 1083 197; x_wconf 83' lang='lat' dir='ltr'>dicit</span> <span class='ocrx_word' id='word_1_13' title='bbox 1104 176 1194 205; x_wconf 71' lang='lat' dir='ltr'>respo·</span> <span class='ocrx_word' id='word_1_14' title='bbox 1220 169 1222 191; x_wconf 62' lang='lat' dir='ltr'>l</span> 
     </span>
    </p>
   </div>
   <div class='ocr_carea' id='block_1_5' title="bbox 345 215 1194 721">
    <p class='ocr_par' dir='ltr' id='par_1_5' title="bbox 346 215 1194 302">
     <span class='ocr_line' id='line_1_6' title="bbox 347 215 1194 252; baseline -0.004 -7"><span class='ocrx_word' id='word_1_15' title='bbox 347 223 422 247; x_wconf 76' lang='lat' dir='ltr'>ctum</span> <span class='ocrx_word' id='word_1_16' title='bbox 443 218 477 246; x_wconf 87' lang='lat' dir='ltr'>ad</span> <span class='ocrx_word' id='word_1_17' title='bbox 494 218 619 251; x_wconf 60' lang='lat' dir='ltr'>dantem.</span> <span class='ocrx_word' id='word_1_18' title='bbox 640 215 755 252; x_wconf 82' lang='lat' dir='ltr'>spiritus</span> <span class='ocrx_word' id='word_1_19' title='bbox 769 215 883 244; x_wconf 71' lang='grc' dir='ltr'>ιιιιιεηιι1</span> <span class='ocrx_word' id='word_1_20' title='bbox 908 223 978 249; x_wconf 60' lang='lat' dir='ltr'>non.</span> <span class='ocrx_word' id='word_1_21' title='bbox 998 215 1083 243; x_wconf 85' lang='lat' dir='ltr'>immo</span> <span class='ocrx_word' id='word_1_22' title='bbox 1105 217 1194 251; x_wconf 87' lang='lat' dir='ltr'>potest</span> 
     </span>
     <span class='ocr_line' id='line_1_7' title="bbox 346 264 589 302; baseline -0.012 -8"><span class='ocrx_word' id='word_1_23' title='bbox 346 265 432 302; x_wconf 77' lang='lat' dir='ltr'>accipi</span> <span class='ocrx_word' id='word_1_24' title='bbox 453 264 589 293; x_wconf 82' lang='lat' dir='ltr'>absolute.</span> 
     </span>
    </p>

    <p class='ocr_par' dir='ltr' id='par_1_6' title="bbox 345 308 1194 582">
     <span class='ocr_line' id='line_1_8' title="bbox 425 308 1194 346; baseline -0.004 -7"><span class='ocrx_word' id='word_1_25' title='bbox 425 312 472 340; x_wconf 79' lang='lat' dir='ltr'>Vel</span> <span class='ocrx_word' id='word_1_26' title='bbox 501 311 581 339; x_wconf 82' lang='lat' dir='ltr'>aliter</span> <span class='ocrx_word' id='word_1_27' title='bbox 606 310 770 339; x_wconf 78' lang='lat' dir='ltr'>dicendum.</span> <span class='ocrx_word' id='word_1_28' title='bbox 791 308 865 346; x_wconf 84' lang='lat' dir='ltr'>quod</span> <span class='ocrx_word' id='word_1_29' title='bbox 892 309 1063 345; x_wconf 65' lang='lat' dir='ltr'>Augustinus</span> <span class='ocrx_word' id='word_1_30' title='bbox 1088 316 1140 337; x_wconf 89' lang='lat' dir='ltr'>non</span> <span class='ocrx_word' id='word_1_31' title='bbox 1156 308 1194 337; x_wconf 84' lang='lat' dir='ltr'>di-</span> 
     </span>
     <span class='ocr_line' id='line_1_9' title="bbox 345 354 1194 395; baseline -0.005 -8"><span class='ocrx_word' id='word_1_32' title='bbox 345 360 393 389; x_wconf 76' lang='lat' dir='ltr'>cit.</span> <span class='ocrx_word' id='word_1_33' title='bbox 415 358 488 395; x_wconf 80' lang='lat' dir='ltr'>quod</span> <span class='ocrx_word' id='word_1_34' title='bbox 511 357 608 385; x_wconf 76' lang='lat' dir='ltr'>relatio</span> <span class='ocrx_word' id='word_1_35' title='bbox 637 364 689 384; x_wconf 91' lang='lat' dir='ltr'>non</span> <span class='ocrx_word' id='word_1_36' title='bbox 712 358 846 392; x_wconf 80' lang='lat' dir='ltr'>appareat</span> <span class='ocrx_word' id='word_1_37' title='bbox 874 355 900 384; x_wconf 92' lang='lat' dir='ltr'>in</span> <span class='ocrx_word' id='word_1_38' title='bbox 923 356 975 384; x_wconf 79' lang='lat' dir='ltr'>hoc</span> <span class='ocrx_word' id='word_1_39' title='bbox 1000 355 1110 383; x_wconf 76' lang='lat' dir='ltr'>nomme</span> <span class='ocrx_word' id='word_1_40' title='bbox 1138 354 1194 391; x_wconf 72' lang='lat' dir='ltr'>spi-</span> 
     </span>
     <span class='ocr_line' id='line_1_10' title="bbox 346 401 1193 440; baseline -0.004 -8"><span class='ocrx_word' id='word_1_41' title='bbox 346 405 439 438; x_wconf 60' lang='lat' dir='ltr'>ritus,</span> <span class='ocrx_word' id='word_1_42' title='bbox 461 404 508 432; x_wconf 87' lang='lat' dir='ltr'>sed</span> <span class='ocrx_word' id='word_1_43' title='bbox 537 403 610 440; x_wconf 85' lang='lat' dir='ltr'>quod</span> <span class='ocrx_word' id='word_1_44' title='bbox 634 410 688 430; x_wconf 86' lang='lat' dir='ltr'>non</span> <span class='ocrx_word' id='word_1_45' title='bbox 710 405 843 439; x_wconf 75' lang='lat' dir='ltr'>appareat</span> <span class='ocrx_word' id='word_1_46' title='bbox 872 401 898 430; x_wconf 87' lang='lat' dir='ltr'>iu</span> <span class='ocrx_word' id='word_1_47' title='bbox 920 402 972 430; x_wconf 83' lang='lat' dir='ltr'>hoe</span> <span class='ocrx_word' id='word_1_48' title='bbox 1000 401 1110 430; x_wconf 84' lang='lat' dir='ltr'>nomine</span> <span class='ocrx_word' id='word_1_49' title='bbox 1138 401 1193 438; x_wconf 72' lang='lat' dir='ltr'>spi-</span> 
     </span>
     <span class='ocr_line' id='line_1_11' title="bbox 346 448 1193 486; baseline -0.004 -7"><span class='ocrx_word' id='word_1_50' title='bbox 346 452 422 479; x_wconf 64' lang='lat' dir='ltr'>ritus</span> <span class='ocrx_word' id='word_1_51' title='bbox 442 454 571 479; x_wconf 65' lang='lat' dir='ltr'>sanetus.</span> <span class='ocrx_word' id='word_1_52' title='bbox 594 449 728 486; x_wconf 81' lang='lat' dir='ltr'>Quamvis</span> <span class='ocrx_word' id='word_1_53' title='bbox 753 448 826 477; x_wconf 86' lang='lat' dir='ltr'>enim</span> <span class='ocrx_word' id='word_1_54' title='bbox 856 449 966 477; x_wconf 80' lang='lat' dir='ltr'>dicatur</span> <span class='ocrx_word' id='word_1_55' title='bbox 990 456 1050 477; x_wconf 88' lang='lat' dir='ltr'>esse</span> <span class='ocrx_word' id='word_1_56' title='bbox 1078 448 1193 485; x_wconf 87' lang='lat' dir='ltr'>spiritus</span> 
     </span>
     <span class='ocr_line' id='line_1_12' title="bbox 345 495 1193 535; baseline -0.004 -8"><span class='ocrx_word' id='word_1_57' title='bbox 345 498 504 535; x_wconf 71' lang='lat' dir='ltr'>spiratoris,</span> <span class='ocrx_word' id='word_1_58' title='bbox 526 505 579 525; x_wconf 84' lang='lat' dir='ltr'>non</span> <span class='ocrx_word' id='word_1_59' title='bbox 602 499 693 525; x_wconf 77' lang='lat' dir='ltr'>tamen</span> <span class='ocrx_word' id='word_1_60' title='bbox 722 495 825 524; x_wconf 72' lang='lat' dir='ltr'>dicitur</span> <span class='ocrx_word' id='word_1_61' title='bbox 852 503 911 524; x_wconf 76' lang='lat' dir='ltr'>essc</span> <span class='ocrx_word' id='word_1_62' title='bbox 937 495 1053 532; x_wconf 84' lang='lat' dir='ltr'>spiritus</span> <span class='ocrx_word' id='word_1_63' title='bbox 1081 497 1193 524; x_wconf 75' lang='lat' dir='ltr'>sanctus</span> 
     </span>
     <span class='ocr_line' id='line_1_13' title="bbox 345 545 498 582; baseline -0.013 -8"><span class='ocrx_word' id='word_1_64' title='bbox 345 545 498 582; x_wconf 83' lang='lat' dir='ltr'>spiratoris.</span> 
     </span>
    </p>

    <p class='ocr_par' dir='ltr' id='par_1_7' title="bbox 345 588 1194 721">
     <span class='ocr_line' id='line_1_14' title="bbox 423 588 1193 628; baseline -0.004 -8"><span class='ocrx_word' id='word_1_65' title='bbox 423 592 461 620; x_wconf 68' lang='lat' dir='ltr'>Ad</span> <span class='ocrx_word' id='word_1_66' title='bbox 491 592 558 620; x_wconf 89' lang='lat' dir='ltr'>illud</span> <span class='ocrx_word' id='word_1_67' title='bbox 586 591 659 628; x_wconf 84' lang='lat' dir='ltr'>quod</span> <span class='ocrx_word' id='word_1_68' title='bbox 689 590 833 620; x_wconf 73' lang='lat' dir='ltr'>obiicitur.</span> <span class='ocrx_word' id='word_1_69' title='bbox 862 590 936 626; x_wconf 83' lang='lat' dir='ltr'>quod</span> <span class='ocrx_word' id='word_1_70' title='bbox 962 589 1051 626; x_wconf 83' lang='lat' dir='ltr'>magis</span> <span class='ocrx_word' id='word_1_71' title='bbox 1079 588 1193 626; x_wconf 82' lang='lat' dir='ltr'>spiritus</span> 
     </span>
     <span class='ocr_line' id='line_1_15' title="bbox 345 635 1193 673; baseline -0.005 -6"><span class='ocrx_word' id='word_1_72' title='bbox 345 638 411 667; x_wconf 78' lang='lat' dir='ltr'>dicit</span> <span class='ocrx_word' id='word_1_73' title='bbox 436 637 629 666; x_wconf 80' lang='lat' dir='ltr'>habitudinem</span> <span class='ocrx_word' id='word_1_74' title='bbox 653 636 847 673; x_wconf 65' lang='lat' dir='ltr'>respicientem</span> <span class='ocrx_word' id='word_1_75' title='bbox 872 644 931 664; x_wconf 72' lang='lat' dir='ltr'>esse</span> <span class='ocrx_word' id='word_1_76' title='bbox 961 643 1044 672; x_wconf 84' lang='lat' dir='ltr'>quani</span> <span class='ocrx_word' id='word_1_77' title='bbox 1075 635 1193 664; x_wconf 81' lang='lat' dir='ltr'>donum:</span> 
     </span>
     <span class='ocr_line' id='line_1_16' title="bbox 345 682 1194 721; baseline -0.005 -7"><span class='ocrx_word' id='word_1_78' title='bbox 345 685 507 715; x_wconf 75' lang='lat' dir='ltr'>dicendum.</span> <span class='ocrx_word' id='word_1_79' title='bbox 533 684 608 721; x_wconf 88' lang='lat' dir='ltr'>qnod</span> <span class='ocrx_word' id='word_1_80' title='bbox 640 691 738 712; x_wconf 86' lang='lat' dir='ltr'>verum</span> <span class='ocrx_word' id='word_1_81' title='bbox 767 686 808 712; x_wconf 90' lang='lat' dir='ltr'>est</span> <span class='ocrx_word' id='word_1_82' title='bbox 837 682 863 711; x_wconf 90' lang='lat' dir='ltr'>in</span> <span class='ocrx_word' id='word_1_83' title='bbox 893 683 936 711; x_wconf 73' lang='lat' dir='ltr'>his</span> <span class='ocrx_word' id='word_1_84' title='bbox 967 683 1070 720; x_wconf 89' lang='lat' dir='ltr'>quibus</span> <span class='ocrx_word' id='word_1_85' title='bbox 1094 682 1194 711; x_wconf 80' lang='lat' dir='ltr'>accidit</span> 
     </span>
    </p>
   </div>
   <div class='ocr_carea' id='block_1_6' title="bbox 345 729 2100 913">
    <p class='ocr_par' dir='ltr' id='par_1_8' title="bbox 345 729 2100 913">
     <span class='ocr_line' id='line_1_17' title="bbox 345 729 1223 767; baseline -0.002 -6"><span class='ocrx_word' id='word_1_86' title='bbox 345 741 405 762; x_wconf 80' lang='lat' dir='ltr'>esse</span> <span class='ocrx_word' id='word_1_87' title='bbox 421 732 431 747; x_wconf 64' lang='lat'>2</span> <span class='ocrx_word' id='word_1_88' title='bbox 453 733 570 762; x_wconf 86' lang='lat' dir='ltr'>donum.</span> <span class='ocrx_word' id='word_1_89' title='bbox 592 731 639 759; x_wconf 84' lang='lat' dir='ltr'>sed</span> <span class='ocrx_word' id='word_1_90' title='bbox 664 731 689 758; x_wconf 89' lang='lat' dir='ltr'>in</span> <span class='ocrx_word' id='word_1_91' title='bbox 718 730 823 767; x_wconf 77' lang='lat' dir='ltr'>Spiritu</span> <span class='ocrx_word' id='word_1_92' title='bbox 847 734 957 764; x_wconf 74' lang='lat' dir='ltr'>sancto,</span> <span class='ocrx_word' id='word_1_93' title='bbox 980 729 1027 767; x_wconf 86' lang='lat' dir='ltr'>qui</span> <span class='ocrx_word' id='word_1_94' title='bbox 1053 730 1115 758; x_wconf 84' lang='lat' dir='ltr'>ideo</span> <span class='ocrx_word' id='word_1_95' title='bbox 1140 732 1193 759; x_wconf 85' lang='lat' dir='ltr'>est..</span> <span class='ocrx_word' id='word_1_96' title='bbox 1220 744 1223 752; x_wconf 53' lang='grc' dir='ltr'>ι</span> 
     </span>
     <span class='ocr_line' id='line_1_18' title="bbox 1221 774 2098 812; baseline 0.001 -10"><span class='ocrx_word' id='word_1_97' title='bbox 1221 783 1223 802; x_wconf 88' lang='grc'>;</span> <span class='ocrx_word' id='word_1_98' title='bbox 1251 775 1300 804; x_wconf 86' lang='lat' dir='ltr'>sed</span> <span class='ocrx_word' id='word_1_99' title='bbox 1321 783 1387 803; x_wconf 77' lang='lat' dir='ltr'>eum</span> <span class='ocrx_word' id='word_1_100' title='bbox 1407 775 1516 807; x_wconf 73' lang='lat' dir='ltr'>solum,</span> <span class='ocrx_word' id='word_1_101' title='bbox 1532 774 1579 811; x_wconf 90' lang='lat' dir='ltr'>qui</span> <span class='ocrx_word' id='word_1_102' title='bbox 1601 774 1739 803; x_wconf 86' lang='lat' dir='ltr'>nascitur:</span> <span class='ocrx_word' id='word_1_103' title='bbox 1761 778 1788 803; x_wconf 78' lang='lat' dir='ltr'>et</span> <span class='ocrx_word' id='word_1_104' title='bbox 1809 774 1871 803; x_wconf 87' lang='lat' dir='ltr'>ideo</span> <span class='ocrx_word' id='word_1_105' title='bbox 1886 783 1940 803; x_wconf 89' lang='lat' dir='ltr'>non</span> <span class='ocrx_word' id='word_1_106' title='bbox 1962 775 2098 812; x_wconf 72' lang='lat' dir='ltr'>sequitur,</span> 
     </span>
     <span class='ocr_line' id='line_1_19' title="bbox 1221 821 2100 859; baseline 0.002 -10"><span class='ocrx_word' id='word_1_107' title='bbox 1221 853 1223 857; x_wconf 84' lang='lat'>.</span> <span class='ocrx_word' id='word_1_108' title='bbox 1251 822 1325 859; x_wconf 88' lang='lat' dir='ltr'>quod</span> <span class='ocrx_word' id='word_1_109' title='bbox 1341 822 1496 851; x_wconf 83' lang='lat' dir='ltr'>substantia</span> <span class='ocrx_word' id='word_1_110' title='bbox 1511 821 1546 850; x_wconf 91' lang='lat' dir='ltr'>sit</span> <span class='ocrx_word' id='word_1_111' title='bbox 1567 821 1711 855; x_wconf 72' lang='lat' dir='ltr'>distincta⁷</span> <span class='ocrx_word' id='word_1_112' title='bbox 1727 829 1776 849; x_wconf 86' lang='lat' dir='ltr'>nec</span> <span class='ocrx_word' id='word_1_113' title='bbox 1791 821 1865 858; x_wconf 89' lang='lat' dir='ltr'>quod</span> <span class='ocrx_word' id='word_1_114' title='bbox 1882 822 1942 858; x_wconf 86' lang='lat' dir='ltr'>ipsa</span> <span class='ocrx_word' id='word_1_115' title='bbox 1956 825 2100 851; x_wconf 74' lang='lat' dir='ltr'>nascatur.</span> 
     </span>
     <span class='ocr_line' id='line_1_20' title="bbox 1221 868 1875 913; baseline -0.005 -15"><span class='ocrx_word' id='word_1_116' title='bbox 1221 869 1223 913; x_wconf 55' lang='lat' dir='ltr'>J</span> <span class='ocrx_word' id='word_1_117' title='bbox 1251 869 1380 906; x_wconf 83' lang='lat' dir='ltr'>quamvis</span> <span class='ocrx_word' id='word_1_118' title='bbox 1401 876 1451 905; x_wconf 82' lang='lat' dir='ltr'>per</span> <span class='ocrx_word' id='word_1_119' title='bbox 1472 868 1677 904; x_wconf 72' lang='lat' dir='ltr'>generationem</span> <span class='ocrx_word' id='word_1_120' title='bbox 1702 868 1875 897; x_wconf 57' lang='lat' dir='ltr'>babeatnrffl.</span> 
     </span>
    </p>
   </div>
   <div class='ocr_carea' id='block_1_7' title="bbox 345 776 1071 899">
    <p class='ocr_par' dir='ltr' id='par_1_9' title="bbox 345 776 1071 899">
     <span class='ocr_line' id='line_1_21' title="bbox 345 776 1071 816; baseline -0.004 -9"><span class='ocrx_word' id='word_1_121' title='bbox 345 780 407 816; x_wconf 81' lang='lat' dir='ltr'>qnia</span> <span class='ocrx_word' id='word_1_122' title='bbox 431 779 549 808; x_wconf 88' lang='lat' dir='ltr'>donum.</span> <span class='ocrx_word' id='word_1_123' title='bbox 579 786 631 806; x_wconf 89' lang='lat' dir='ltr'>non</span> <span class='ocrx_word' id='word_1_124' title='bbox 656 777 737 805; x_wconf 77' lang='lat' dir='ltr'>babet</span> <span class='ocrx_word' id='word_1_125' title='bbox 758 777 849 805; x_wconf 79' lang='lat' dir='ltr'>locum</span> <span class='ocrx_word' id='word_1_126' title='bbox 874 777 921 806; x_wconf 79' lang='lat' dir='ltr'>ista</span> <span class='ocrx_word' id='word_1_127' title='bbox 945 776 1071 805; x_wconf 75' lang='lat' dir='ltr'>obiectio.</span> 
     </span>
     <span class='ocr_line' id='line_1_22' title="bbox 707 870 829 899; baseline -0.008 0"><span class='ocrx_word' id='word_1_128' title='bbox 707 871 774 899; x_wconf 71' lang='lat' dir='ltr'>Dua.</span> <span class='ocrx_word' id='word_1_129' title='bbox 800 870 829 899; x_wconf 91' lang='lat' dir='ltr'>ll.</span> 
     </span>
    </p>
   </div>
   <div class='ocr_carea' id='block_1_8' title="bbox 424 963 1193 1004">
    <p class='ocr_par' dir='ltr' id='par_1_10' title="bbox 424 963 1193 1004">
     <span class='ocr_line' id='line_1_23' title="bbox 424 963 1193 1004; baseline -0.004 -10"><span class='ocrx_word' id='word_1_130' title='bbox 424 968 488 996; x_wconf 83' lang='lat' dir='ltr'>ttem</span> <span class='ocrx_word' id='word_1_131' title='bbox 511 966 656 1004; x_wconf 86' lang='lat' dir='ltr'>quaeritur</span> <span class='ocrx_word' id='word_1_132' title='bbox 680 966 714 994; x_wconf 85' lang='lat' dir='ltr'>de</span> <span class='ocrx_word' id='word_1_133' title='bbox 737 965 787 993; x_wconf 73' lang='lat' dir='ltr'>ho«-</span> <span class='ocrx_word' id='word_1_134' title='bbox 810 965 882 1002; x_wconf 81' lang='lat' dir='ltr'>quod</span> <span class='ocrx_word' id='word_1_135' title='bbox 907 964 985 995; x_wconf 72' lang='lat' dir='ltr'>dicit.</span> <span class='ocrx_word' id='word_1_136' title='bbox 1006 964 1081 1001; x_wconf 82' lang='lat' dir='ltr'>qnod</span> <span class='ocrx_word' id='word_1_137' title='bbox 1100 963 1193 992; x_wconf 62' lang='lat' dir='ltr'>mom·</span> 
     </span>
    </p>
   </div>
   <div class='ocr_carea' id='block_1_9' title="bbox 344 1005 1223 1096">
    <p class='ocr_par' dir='ltr' id='par_1_11' title="bbox 344 1005 1223 1096">
     <span class='ocr_line' id='line_1_24' title="bbox 346 1005 1223 1050; baseline -0.005 -8"><span class='ocrx_word' id='word_1_138' title='bbox 346 1014 489 1043; x_wconf 67' lang='lat' dir='ltr'>nascendo</span> <span class='ocrx_word' id='word_1_139' title='bbox 510 1013 636 1050; x_wconf 69' lang='lat' dir='ltr'>accepit,</span> <span class='ocrx_word' id='word_1_140' title='bbox 668 1017 699 1040; x_wconf 71' lang='lat' dir='ltr'>etc</span> <span class='ocrx_word' id='word_1_141' title='bbox 718 1012 756 1040; x_wconf 69' lang='lat' dir='ltr'>sit</span> <span class='ocrx_word' id='word_1_142' title='bbox 785 1012 851 1048; x_wconf 59' lang='lat' dir='ltr'>{psa</span> <span class='ocrx_word' id='word_1_143' title='bbox 871 1011 1046 1039; x_wconf 51' lang='lat' dir='ltr'>Sicos-tantia.</span> <span class='ocrx_word' id='word_1_144' title='bbox 1076 1011 1193 1039; x_wconf 87' lang='lat' dir='ltr'>Videtur</span> <span class='ocrx_word' id='word_1_145' title='bbox 1220 1005 1223 1014; x_wconf 78' lang='grc'><strong><em>’</em></strong></span> 
     </span>
     <span class='ocr_line' id='line_1_25' title="bbox 344 1057 1222 1096; baseline -0.003 -7"><span class='ocrx_word' id='word_1_146' title='bbox 344 1061 417 1089; x_wconf 82' lang='lat' dir='ltr'>enim</span> <span class='ocrx_word' id='word_1_147' title='bbox 439 1061 512 1089; x_wconf 63' lang='grc' dir='ltr'>ιιιιιΙιἱ</span> <span class='ocrx_word' id='word_1_148' title='bbox 533 1060 638 1091; x_wconf 78' lang='lat' dir='ltr'>dicere,</span> <span class='ocrx_word' id='word_1_149' title='bbox 660 1059 724 1096; x_wconf 87' lang='lat' dir='ltr'>quia</span> <span class='ocrx_word' id='word_1_150' title='bbox 749 1059 775 1087; x_wconf 93' lang='lat' dir='ltr'>in</span> <span class='ocrx_word' id='word_1_151' title='bbox 798 1059 873 1087; x_wconf 84' lang='lat' dir='ltr'>omni</span> <span class='ocrx_word' id='word_1_152' title='bbox 894 1058 1016 1095; x_wconf 85' lang='lat' dir='ltr'>eoquod</span> <span class='ocrx_word' id='word_1_153' title='bbox 1039 1058 1109 1087; x_wconf 86' lang='lat' dir='ltr'>inest.</span> <span class='ocrx_word' id='word_1_154' title='bbox 1127 1057 1193 1086; x_wconf 86' lang='lat' dir='ltr'>Filio</span> <span class='ocrx_word' id='word_1_155' title='bbox 1221 1075 1222 1078; x_wconf 62' lang='lat'><em>=</em></span> 
     </span>
    </p>
   </div>
   <div class='ocr_carea' id='block_1_10' title="bbox 345 1105 1193 1283">
    <p class='ocr_par' dir='ltr' id='par_1_12' title="bbox 345 1105 1193 1283">
     <span class='ocr_line' id='line_1_26' title="bbox 346 1105 1191 1145; baseline -0.006 -8"><span class='ocrx_word' id='word_1_156' title='bbox 346 1116 395 1145; x_wconf 85' lang='lat' dir='ltr'>per</span> <span class='ocrx_word' id='word_1_157' title='bbox 422 1108 609 1141; x_wconf 73' lang='lat' dir='ltr'>nativitatem,</span> <span class='ocrx_word' id='word_1_158' title='bbox 638 1106 820 1142; x_wconf 70' lang='lat' dir='ltr'>distinguitur</span> <span class='ocrx_word' id='word_1_159' title='bbox 849 1105 932 1133; x_wconf 81' lang='lat' dir='ltr'>Filius</span> <span class='ocrx_word' id='word_1_160' title='bbox 959 1113 974 1133; x_wconf 86' lang='lat' dir='ltr'>a</span> <span class='ocrx_word' id='word_1_161' title='bbox 1005 1105 1098 1135; x_wconf 81' lang='lat' dir='ltr'>Patre.</span> <span class='ocrx_word' id='word_1_162' title='bbox 1127 1105 1191 1142; x_wconf 82' lang='lat' dir='ltr'>quia</span> 
     </span>
     <span class='ocr_line' id='line_1_27' title="bbox 345 1151 1193 1191; baseline -0.005 -8"><span class='ocrx_word' id='word_1_163' title='bbox 345 1155 474 1183; x_wconf 77' lang='lat' dir='ltr'>nativitas</span> <span class='ocrx_word' id='word_1_164' title='bbox 501 1157 543 1182; x_wconf 80' lang='lat' dir='ltr'>est</span> <span class='ocrx_word' id='word_1_165' title='bbox 564 1153 719 1191; x_wconf 72' lang='lat' dir='ltr'>proprietas</span> <span class='ocrx_word' id='word_1_166' title='bbox 747 1152 916 1181; x_wconf 67' lang='lat' dir='ltr'>distinctiva:</span> <span class='ocrx_word' id='word_1_167' title='bbox 943 1159 1010 1188; x_wconf 80' lang='lat' dir='ltr'>ergo</span> <span class='ocrx_word' id='word_1_168' title='bbox 1039 1152 1059 1180; x_wconf 93' lang='lat' dir='ltr'>si</span> <span class='ocrx_word' id='word_1_169' title='bbox 1074 1151 1082 1163; x_wconf 76' lang='lat'>²¹</span> <span class='ocrx_word' id='word_1_170' title='bbox 1110 1151 1193 1180; x_wconf 83' lang='lat' dir='ltr'>Filius</span> 
     </span>
     <span class='ocr_line' id='line_1_28' title="bbox 345 1199 1193 1238; baseline -0.005 -8"><span class='ocrx_word' id='word_1_171' title='bbox 345 1201 483 1230; x_wconf 77' lang='lat' dir='ltr'>nascendo</span> <span class='ocrx_word' id='word_1_172' title='bbox 497 1200 615 1238; x_wconf 80' lang='lat' dir='ltr'>accepit.</span> <span class='ocrx_word' id='word_1_173' title='bbox 637 1203 668 1228; x_wconf 90' lang='lat' dir='ltr'>ut</span> <span class='ocrx_word' id='word_1_174' title='bbox 683 1200 718 1228; x_wconf 90' lang='lat' dir='ltr'>sit</span> <span class='ocrx_word' id='word_1_175' title='bbox 737 1199 855 1228; x_wconf 78' lang='lat' dir='ltr'>essentia</span> <span class='ocrx_word' id='word_1_176' title='bbox 879 1199 922 1227; x_wconf 81' lang='lat' dir='ltr'>vel</span> <span class='ocrx_word' id='word_1_177' title='bbox 937 1199 1104 1227; x_wconf 81' lang='lat' dir='ltr'>substantia:</span> <span class='ocrx_word' id='word_1_178' title='bbox 1127 1207 1193 1235; x_wconf 79' lang='lat' dir='ltr'>ergo</span> 
     </span>
     <span class='ocr_line' id='line_1_29' title="bbox 345 1245 1190 1283; baseline -0.005 -6"><span class='ocrx_word' id='word_1_179' title='bbox 345 1249 423 1277; x_wconf 84' lang='lat' dir='ltr'>Pater</span> <span class='ocrx_word' id='word_1_180' title='bbox 446 1248 472 1276; x_wconf 92' lang='lat' dir='ltr'>in</span> <span class='ocrx_word' id='word_1_181' title='bbox 493 1247 648 1276; x_wconf 77' lang='lat' dir='ltr'>substantia</span> <span class='ocrx_word' id='word_1_182' title='bbox 669 1246 851 1283; x_wconf 79' lang='lat' dir='ltr'>distinguitur</span> <span class='ocrx_word' id='word_1_183' title='bbox 872 1253 888 1273; x_wconf 84' lang='lat' dir='ltr'>a</span> <span class='ocrx_word' id='word_1_184' title='bbox 910 1245 983 1273; x_wconf 85' lang='lat' dir='ltr'>Filio.</span> <span class='ocrx_word' id='word_1_185' title='bbox 1006 1245 1095 1279; x_wconf 78' lang='lat' dir='ltr'>Item,</span> <span class='ocrx_word' id='word_1_186' title='bbox 1117 1245 1190 1282; x_wconf 87' lang='lat' dir='ltr'>quod</span> 
     </span>
    </p>
   </div>
   <div class='ocr_carea' id='block_1_11' title="bbox 345 1292 1222 1330">
    <p class='ocr_par' dir='ltr' id='par_1_13' title="bbox 345 1292 1222 1330">
     <span class='ocr_line' id='line_1_30' title="bbox 345 1292 1222 1330; baseline -0.003 -7"><span class='ocrx_word' id='word_1_187' title='bbox 345 1295 428 1323; x_wconf 86' lang='lat' dir='ltr'>Filius</span> <span class='ocrx_word' id='word_1_188' title='bbox 439 1294 578 1325; x_wconf 79' lang='lat' dir='ltr'>nascendo</span> <span class='ocrx_word' id='word_1_189' title='bbox 593 1293 698 1330; x_wconf 84' lang='lat' dir='ltr'>accepit</span> <span class='ocrx_word' id='word_1_190' title='bbox 717 1293 775 1322; x_wconf 80' lang='lat' dir='ltr'>sive</span> <span class='ocrx_word' id='word_1_191' title='bbox 790 1293 865 1329; x_wconf 88' lang='lat' dir='ltr'>quod</span> <span class='ocrx_word' id='word_1_192' title='bbox 882 1292 965 1321; x_wconf 85' lang='lat' dir='ltr'>Filius</span> <span class='ocrx_word' id='word_1_193' title='bbox 989 1295 1032 1321; x_wconf 86' lang='lat' dir='ltr'>est</span> <span class='ocrx_word' id='word_1_194' title='bbox 1053 1292 1193 1321; x_wconf 85' lang='lat' dir='ltr'>nascendo</span> <span class='ocrx_word' id='word_1_195' title='bbox 1220 1314 1222 1321; x_wconf 78' lang='grc'><strong>.</strong></span> 
     </span>
    </p>
   </div>
   <div class='ocr_carea' id='block_1_12' title="bbox 342 1339 1194 1941">
    <p class='ocr_par' dir='ltr' id='par_1_14' title="bbox 344 1339 1193 1464">
     <span class='ocr_line' id='line_1_31' title="bbox 345 1339 1193 1378; baseline -0.004 -8"><span class='ocrx_word' id='word_1_196' title='bbox 345 1345 386 1370; x_wconf 70' lang='lat' dir='ltr'>est</span> <span class='ocrx_word' id='word_1_197' title='bbox 401 1344 509 1370; x_wconf 84' lang='lat' dir='ltr'>natum:</span> <span class='ocrx_word' id='word_1_198' title='bbox 525 1349 591 1378; x_wconf 85' lang='lat' dir='ltr'>ergo</span> <span class='ocrx_word' id='word_1_199' title='bbox 606 1340 761 1369; x_wconf 82' lang='lat' dir='ltr'>substantia</span> <span class='ocrx_word' id='word_1_200' title='bbox 775 1342 817 1368; x_wconf 87' lang='lat' dir='ltr'>est</span> <span class='ocrx_word' id='word_1_201' title='bbox 829 1342 906 1369; x_wconf 84' lang='lat' dir='ltr'>nata.</span> <span class='ocrx_word' id='word_1_202' title='bbox 921 1339 943 1367; x_wconf 86' lang='lat' dir='ltr'>si</span> <span class='ocrx_word' id='word_1_203' title='bbox 959 1339 1043 1368; x_wconf 88' lang='lat' dir='ltr'>Filius</span> <span class='ocrx_word' id='word_1_204' title='bbox 1054 1339 1193 1368; x_wconf 81' lang='lat' dir='ltr'>nascendo</span> 
     </span>
     <span class='ocr_line' id='line_1_32' title="bbox 344 1386 1192 1423; baseline 0 -7"><span class='ocrx_word' id='word_1_205' title='bbox 344 1391 385 1417; x_wconf 76' lang='lat' dir='ltr'>est</span> <span class='ocrx_word' id='word_1_206' title='bbox 399 1388 562 1417; x_wconf 85' lang='lat' dir='ltr'>substantia.</span> <span class='ocrx_word' id='word_1_207' title='bbox 575 1387 663 1416; x_wconf 89' lang='lat' dir='ltr'>Omne</span> <span class='ocrx_word' id='word_1_208' title='bbox 677 1387 764 1419; x_wconf 71' lang='lat' dir='ltr'>enim.</span> <span class='ocrx_word' id='word_1_209' title='bbox 779 1387 853 1423; x_wconf 89' lang='lat' dir='ltr'>quod</span> <span class='ocrx_word' id='word_1_210' title='bbox 871 1386 1010 1415; x_wconf 81' lang='lat' dir='ltr'>nascendo</span> <span class='ocrx_word' id='word_1_211' title='bbox 1024 1386 1160 1423; x_wconf 82' lang='lat' dir='ltr'>accipitur</span> <span class='ocrx_word' id='word_1_212' title='bbox 1173 1386 1192 1416; x_wconf 79' lang='lat'>⁴.</span> 
     </span>
     <span class='ocr_line' id='line_1_33' title="bbox 344 1434 750 1464; baseline -0.005 -1"><span class='ocrx_word' id='word_1_213' title='bbox 344 1444 360 1463; x_wconf 82' lang='lat' dir='ltr'>a</span> <span class='ocrx_word' id='word_1_214' title='bbox 380 1435 522 1464; x_wconf 75' lang='lat' dir='ltr'>nativitate</span> <span class='ocrx_word' id='word_1_215' title='bbox 543 1434 627 1463; x_wconf 82' lang='lat' dir='ltr'>babet</span> <span class='ocrx_word' id='word_1_216' title='bbox 647 1436 750 1462; x_wconf 87' lang='lat' dir='ltr'>ortum.</span> 
     </span>
    </p>

    <p class='ocr_par' dir='ltr' id='par_1_15' title="bbox 342 1479 1194 1941">
     <span class='ocr_line' id='line_1_34' title="bbox 423 1479 1194 1517; baseline -0.004 -7"><span class='ocrx_word' id='word_1_217' title='bbox 423 1482 596 1510; x_wconf 62' lang='lat' dir='ltr'>Rcsronnsso:</span> <span class='ocrx_word' id='word_1_218' title='bbox 611 1480 778 1512; x_wconf 73' lang='lat' dir='ltr'>Dicendum.</span> <span class='ocrx_word' id='word_1_219' title='bbox 801 1480 876 1517; x_wconf 87' lang='lat' dir='ltr'>quod</span> <span class='ocrx_word' id='word_1_220' title='bbox 890 1480 977 1517; x_wconf 89' lang='lat' dir='ltr'>aliqui</span> <span class='ocrx_word' id='word_1_221' title='bbox 994 1479 1194 1508; x_wconf 57' lang='lat' dir='ltr'>(IiLstivixeruizz</span> 
     </span>
     <span class='ocr_line' id='line_1_35' title="bbox 347 1526 1194 1558; baseline -0.004 0"><span class='ocrx_word' id='word_1_222' title='bbox 347 1529 426 1558; x_wconf 86' lang='lat' dir='ltr'>istam</span> <span class='ocrx_word' id='word_1_223' title='bbox 448 1529 627 1557; x_wconf 83' lang='lat' dir='ltr'>locutionem:</span> <span class='ocrx_word' id='word_1_224' title='bbox 650 1527 734 1555; x_wconf 89' lang='lat' dir='ltr'>Filius</span> <span class='ocrx_word' id='word_1_225' title='bbox 749 1526 888 1555; x_wconf 82' lang='lat' dir='ltr'>nascendo</span> <span class='ocrx_word' id='word_1_226' title='bbox 903 1529 945 1555; x_wconf 86' lang='lat' dir='ltr'>est</span> <span class='ocrx_word' id='word_1_227' title='bbox 959 1527 1053 1555; x_wconf 83' lang='lat' dir='ltr'>divina</span> <span class='ocrx_word' id='word_1_228' title='bbox 1067 1526 1194 1555; x_wconf 85' lang='lat' dir='ltr'>substan-</span> 
     </span>
     <span class='ocr_line' id='line_1_36' title="bbox 346 1570 1194 1613; baseline -0.002 -9"><span class='ocrx_word' id='word_1_229' title='bbox 346 1576 381 1604; x_wconf 84' lang='lat' dir='ltr'>tia</span> <span class='ocrx_word' id='word_1_230' title='bbox 403 1576 462 1605; x_wconf 80' lang='lat' dir='ltr'>sive</span> <span class='ocrx_word' id='word_1_231' title='bbox 483 1576 570 1610; x_wconf 77' lang='lat' dir='ltr'>Deus,</span> <span class='ocrx_word' id='word_1_232' title='bbox 591 1576 656 1613; x_wconf 86' lang='lat' dir='ltr'>quia</span> <span class='ocrx_word' id='word_1_233' title='bbox 671 1574 840 1612; x_wconf 79' lang='lat' dir='ltr'>gerundium</span> <span class='ocrx_word' id='word_1_234' title='bbox 854 1574 862 1587; x_wconf 76' lang='lat'><strong>⁵</strong></span> <span class='ocrx_word' id='word_1_235' title='bbox 885 1576 975 1611; x_wconf 83' lang='lat' dir='ltr'>potest</span> <span class='ocrx_word' id='word_1_236' title='bbox 989 1574 1082 1603; x_wconf 78' lang='lat' dir='ltr'>dicere</span> <span class='ocrx_word' id='word_1_237' title='bbox 1097 1570 1194 1602; x_wconf 78' lang='lat' dir='ltr'>conco-</span> 
     </span>
     <span class='ocr_line' id='line_1_37' title="bbox 345 1620 1192 1658; baseline -0.002 -8"><span class='ocrx_word' id='word_1_238' title='bbox 345 1622 527 1655; x_wconf 71' lang='lat' dir='ltr'>mitantiam,</span> <span class='ocrx_word' id='word_1_239' title='bbox 549 1625 576 1651; x_wconf 88' lang='lat' dir='ltr'>et</span> <span class='ocrx_word' id='word_1_240' title='bbox 597 1622 636 1650; x_wconf 86' lang='lat' dir='ltr'>sic</span> <span class='ocrx_word' id='word_1_241' title='bbox 650 1621 814 1658; x_wconf 84' lang='lat' dir='ltr'>simpliciter</span> <span class='ocrx_word' id='word_1_242' title='bbox 835 1624 877 1649; x_wconf 81' lang='lat' dir='ltr'>est</span> <span class='ocrx_word' id='word_1_243' title='bbox 891 1629 970 1655; x_wconf 76' lang='lat' dir='ltr'>vera:</span> <span class='ocrx_word' id='word_1_244' title='bbox 993 1620 1035 1649; x_wconf 82' lang='lat' dir='ltr'>vel</span> <span class='ocrx_word' id='word_1_245' title='bbox 1051 1629 1192 1653; x_wconf 72' lang='lat' dir='ltr'>ectztsctm,</span> 
     </span>
     <span class='ocr_line' id='line_1_38' title="bbox 344 1667 1193 1706; baseline -0.002 -8"><span class='ocrx_word' id='word_1_246' title='bbox 344 1673 371 1698; x_wconf 85' lang='lat' dir='ltr'>et</span> <span class='ocrx_word' id='word_1_247' title='bbox 392 1670 429 1699; x_wconf 79' lang='lat' dir='ltr'>sic</span> <span class='ocrx_word' id='word_1_248' title='bbox 445 1669 505 1698; x_wconf 69' lang='lat' dir='ltr'>est⁶</span> <span class='ocrx_word' id='word_1_249' title='bbox 528 1669 689 1706; x_wconf 69' lang='lat' dir='ltr'>multiplex5</span> <span class='ocrx_word' id='word_1_250' title='bbox 705 1668 770 1706; x_wconf 87' lang='lat' dir='ltr'>quia</span> <span class='ocrx_word' id='word_1_251' title='bbox 792 1675 857 1697; x_wconf 80' lang='lat' dir='ltr'>cuin</span> <span class='ocrx_word' id='word_1_252' title='bbox 872 1667 947 1697; x_wconf 79' lang='lat' dir='ltr'>dico:</span> <span class='ocrx_word' id='word_1_253' title='bbox 964 1668 1048 1696; x_wconf 92' lang='lat' dir='ltr'>Filius</span> <span class='ocrx_word' id='word_1_254' title='bbox 1062 1670 1104 1696; x_wconf 85' lang='lat' dir='ltr'>est</span> <span class='ocrx_word' id='word_1_255' title='bbox 1118 1667 1193 1696; x_wconf 76' lang='lat' dir='ltr'>Deus</span> 
     </span>
     <span class='ocr_line' id='line_1_39' title="bbox 344 1714 1192 1749; baseline -0.005 -3"><span class='ocrx_word' id='word_1_256' title='bbox 344 1717 402 1746; x_wconf 84' lang='lat' dir='ltr'>sive</span> <span class='ocrx_word' id='word_1_257' title='bbox 423 1717 518 1746; x_wconf 81' lang='lat' dir='ltr'>divina</span> <span class='ocrx_word' id='word_1_258' title='bbox 539 1716 706 1745; x_wconf 83' lang='lat' dir='ltr'>substantia.</span> <span class='ocrx_word' id='word_1_259' title='bbox 729 1715 782 1743; x_wconf 86' lang='lat' dir='ltr'>tria</span> <span class='ocrx_word' id='word_1_260' title='bbox 803 1715 876 1749; x_wconf 68' lang='lat' dir='ltr'>dico,</span> <span class='ocrx_word' id='word_1_261' title='bbox 898 1714 1003 1743; x_wconf 80' lang='lat' dir='ltr'>scilicet</span> <span class='ocrx_word' id='word_1_262' title='bbox 1016 1714 1192 1748; x_wconf 63' lang='lat' dir='ltr'>subiectum,</span> 
     </span>
     <span class='ocr_line' id='line_1_40' title="bbox 343 1761 1193 1801; baseline -0.002 -9"><span class='ocrx_word' id='word_1_263' title='bbox 343 1763 577 1801; x_wconf 67' lang='lat' dir='ltr'>compositionem</span> <span class='ocrx_word' id='word_1_264' title='bbox 598 1766 624 1792; x_wconf 90' lang='lat' dir='ltr'>et</span> <span class='ocrx_word' id='word_1_265' title='bbox 642 1762 859 1799; x_wconf 62' lang='lat' dir='ltr'>praedieatione.</span> <span class='ocrx_word' id='word_1_266' title='bbox 882 1762 972 1790; x_wconf 87' lang='lat' dir='ltr'>Potest</span> <span class='ocrx_word' id='word_1_267' title='bbox 991 1769 1058 1798; x_wconf 77' lang='lat' dir='ltr'>ergo</span> <span class='ocrx_word' id='word_1_268' title='bbox 1076 1761 1129 1790; x_wconf 80' lang='lat' dir='ltr'>hoe</span> <span class='ocrx_word' id='word_1_269' title='bbox 1150 1769 1193 1798; x_wconf 80' lang='lat' dir='ltr'>ge-</span> 
     </span>
     <span class='ocr_line' id='line_1_41' title="bbox 343 1807 1194 1844; baseline -0.004 -5"><span class='ocrx_word' id='word_1_270' title='bbox 343 1810 477 1839; x_wconf 87' lang='lat' dir='ltr'>rundium</span> <span class='ocrx_word' id='word_1_271' title='bbox 487 1810 634 1838; x_wconf 70' lang='lat' dir='ltr'>nascendo</span> <span class='ocrx_word' id='word_1_272' title='bbox 648 1810 741 1838; x_wconf 84' lang='lat' dir='ltr'>dicere</span> <span class='ocrx_word' id='word_1_273' title='bbox 753 1809 944 1838; x_wconf 77' lang='lat' dir='ltr'>causalitatem</span> <span class='ocrx_word' id='word_1_274' title='bbox 960 1811 1088 1844; x_wconf 85' lang='lat' dir='ltr'>respectu</span> <span class='ocrx_word' id='word_1_275' title='bbox 1104 1807 1194 1836; x_wconf 86' lang='lat' dir='ltr'>subie-</span> 
     </span>
     <span class='ocr_line' id='line_1_42' title="bbox 342 1855 1193 1894; baseline -0.004 -8"><span class='ocrx_word' id='word_1_276' title='bbox 342 1858 390 1888; x_wconf 74' lang='lat' dir='ltr'>cti.</span> <span class='ocrx_word' id='word_1_277' title='bbox 412 1857 456 1886; x_wconf 80' lang='lat' dir='ltr'>vel</span> <span class='ocrx_word' id='word_1_278' title='bbox 478 1860 607 1894; x_wconf 84' lang='lat' dir='ltr'>respectu</span> <span class='ocrx_word' id='word_1_279' title='bbox 629 1855 849 1893; x_wconf 73' lang='lat' dir='ltr'>compositionis,</span> <span class='ocrx_word' id='word_1_280' title='bbox 872 1855 914 1884; x_wconf 85' lang='lat' dir='ltr'>vel</span> <span class='ocrx_word' id='word_1_281' title='bbox 937 1858 1064 1892; x_wconf 77' lang='lat' dir='ltr'>respectu</span> <span class='ocrx_word' id='word_1_282' title='bbox 1085 1855 1193 1892; x_wconf 85' lang='lat' dir='ltr'>praedi-</span> 
     </span>
     <span class='ocr_line' id='line_1_43' title="bbox 342 1902 1192 1941; baseline 0 -10"><span class='ocrx_word' id='word_1_283' title='bbox 342 1905 404 1933; x_wconf 70' lang='lat' dir='ltr'>rati.</span> <span class='ocrx_word' id='word_1_284' title='bbox 426 1904 452 1932; x_wconf 87' lang='lat' dir='ltr'>Si</span> <span class='ocrx_word' id='word_1_285' title='bbox 482 1907 612 1941; x_wconf 80' lang='lat' dir='ltr'>respectu</span> <span class='ocrx_word' id='word_1_286' title='bbox 640 1902 778 1937; x_wconf 72' lang='lat' dir='ltr'>subiecti,</span> <span class='ocrx_word' id='word_1_287' title='bbox 807 1907 874 1931; x_wconf 81' lang='lat' dir='ltr'>tunc</span> <span class='ocrx_word' id='word_1_288' title='bbox 899 1906 940 1931; x_wconf 87' lang='lat' dir='ltr'>est</span> <span class='ocrx_word' id='word_1_289' title='bbox 968 1910 1078 1931; x_wconf 85' lang='lat' dir='ltr'>sensus:</span> <span class='ocrx_word' id='word_1_290' title='bbox 1108 1902 1192 1931; x_wconf 86' lang='lat' dir='ltr'>Filius</span> 
     </span>
    </p>
   </div>
   <div class='ocr_carea' id='block_1_13' title="bbox 342 1949 1221 1991">
    <p class='ocr_par' dir='ltr' id='par_1_16' title="bbox 342 1949 1221 1991">
     <span class='ocr_line' id='line_1_44' title="bbox 342 1949 1221 1991; baseline -0.002 -12"><span class='ocrx_word' id='word_1_291' title='bbox 342 1951 482 1980; x_wconf 84' lang='lat' dir='ltr'>nascendo</span> <span class='ocrx_word' id='word_1_292' title='bbox 502 1954 567 1985; x_wconf 70' lang='lat' dir='ltr'>etc.⁷</span> <span class='ocrx_word' id='word_1_293' title='bbox 589 1950 693 1979; x_wconf 85' lang='lat' dir='ltr'>scilicet</span> <span class='ocrx_word' id='word_1_294' title='bbox 706 1950 714 1963; x_wconf 88' lang='lat'><em>⁷</em></span> <span class='ocrx_word' id='word_1_295' title='bbox 737 1950 783 1987; x_wconf 88' lang='lat' dir='ltr'>qui</span> <span class='ocrx_word' id='word_1_296' title='bbox 805 1953 847 1978; x_wconf 87' lang='lat' dir='ltr'>est</span> <span class='ocrx_word' id='word_1_297' title='bbox 869 1949 953 1977; x_wconf 84' lang='lat' dir='ltr'>Filius</span> <span class='ocrx_word' id='word_1_298' title='bbox 974 1949 1126 1983; x_wconf 60' lang='lat' dir='ltr'>nascendo.</span> <span class='ocrx_word' id='word_1_299' title='bbox 1147 1949 1191 1978; x_wconf 85' lang='lat' dir='ltr'>vel</span> <span class='ocrx_word' id='word_1_300' title='bbox 1219 1974 1221 1991; x_wconf 45' lang='lat'>¹,</span> 
     </span>
    </p>
   </div>
   <div class='ocr_carea' id='block_1_14' title="bbox 342 1995 1192 2266">
    <p class='ocr_par' dir='ltr' id='par_1_17' title="bbox 342 1995 1192 2266">
     <span class='ocr_line' id='line_1_45' title="bbox 342 1995 1192 2035; baseline -0.002 -9"><span class='ocrx_word' id='word_1_301' title='bbox 342 1998 391 2035; x_wconf 90' lang='lat' dir='ltr'>qui</span> <span class='ocrx_word' id='word_1_302' title='bbox 406 1997 545 2026; x_wconf 79' lang='lat' dir='ltr'>nascendo</span> <span class='ocrx_word' id='word_1_303' title='bbox 559 1997 656 2030; x_wconf 77' lang='lat' dir='ltr'>babet,</span> <span class='ocrx_word' id='word_1_304' title='bbox 672 2000 703 2025; x_wconf 87' lang='lat' dir='ltr'>ut</span> <span class='ocrx_word' id='word_1_305' title='bbox 723 1997 758 2025; x_wconf 88' lang='lat' dir='ltr'>sit</span> <span class='ocrx_word' id='word_1_306' title='bbox 773 1996 869 2030; x_wconf 80' lang='lat' dir='ltr'>Filius,</span> <span class='ocrx_word' id='word_1_307' title='bbox 891 1999 932 2025; x_wconf 91' lang='lat' dir='ltr'>est</span> <span class='ocrx_word' id='word_1_308' title='bbox 947 1996 1034 2030; x_wconf 85' lang='lat' dir='ltr'>Deus;</span> <span class='ocrx_word' id='word_1_309' title='bbox 1055 1999 1082 2024; x_wconf 83' lang='lat' dir='ltr'>et</span> <span class='ocrx_word' id='word_1_310' title='bbox 1096 1995 1135 2024; x_wconf 87' lang='lat' dir='ltr'>sic</span> <span class='ocrx_word' id='word_1_311' title='bbox 1150 1998 1192 2024; x_wconf 84' lang='lat' dir='ltr'>est</span> 
     </span>
     <span class='ocr_line' id='line_1_46' title="bbox 343 2041 1192 2080; baseline -0.004 -8"><span class='ocrx_word' id='word_1_312' title='bbox 343 2052 418 2072; x_wconf 85' lang='lat' dir='ltr'>vera.</span> <span class='ocrx_word' id='word_1_313' title='bbox 434 2044 460 2072; x_wconf 87' lang='lat' dir='ltr'>Si</span> <span class='ocrx_word' id='word_1_314' title='bbox 476 2047 606 2080; x_wconf 87' lang='lat' dir='ltr'>respectu</span> <span class='ocrx_word' id='word_1_315' title='bbox 620 2043 853 2080; x_wconf 42' lang='lat' dir='ltr'>compositionis,</span> <span class='ocrx_word' id='word_1_316' title='bbox 869 2043 908 2072; x_wconf 86' lang='lat' dir='ltr'>sic</span> <span class='ocrx_word' id='word_1_317' title='bbox 922 2045 964 2071; x_wconf 83' lang='lat' dir='ltr'>est</span> <span class='ocrx_word' id='word_1_318' title='bbox 979 2050 1091 2071; x_wconf 85' lang='lat' dir='ltr'>sensus:</span> <span class='ocrx_word' id='word_1_319' title='bbox 1108 2041 1192 2070; x_wconf 86' lang='lat' dir='ltr'>Filius</span> 
     </span>
     <span class='ocr_line' id='line_1_47' title="bbox 343 2088 1192 2126; baseline -0.004 -7"><span class='ocrx_word' id='word_1_320' title='bbox 343 2093 385 2119; x_wconf 86' lang='lat' dir='ltr'>est</span> <span class='ocrx_word' id='word_1_321' title='bbox 406 2090 480 2119; x_wconf 88' lang='lat' dir='ltr'>Deus</span> <span class='ocrx_word' id='word_1_322' title='bbox 501 2089 652 2123; x_wconf 83' lang='lat' dir='ltr'>nascendo,</span> <span class='ocrx_word' id='word_1_323' title='bbox 675 2089 702 2118; x_wconf 89' lang='lat' dir='ltr'>id</span> <span class='ocrx_word' id='word_1_324' title='bbox 717 2092 767 2123; x_wconf 80' lang='lat' dir='ltr'>est,</span> <span class='ocrx_word' id='word_1_325' title='bbox 789 2089 841 2118; x_wconf 85' lang='lat' dir='ltr'>hoc</span> <span class='ocrx_word' id='word_1_326' title='bbox 855 2088 1049 2126; x_wconf 82' lang='lat' dir='ltr'>praedicatum</span> <span class='ocrx_word' id='word_1_327' title='bbox 1063 2088 1192 2117; x_wconf 85' lang='lat' dir='ltr'>convenit</span> 
     </span>
     <span class='ocr_line' id='line_1_48' title="bbox 343 2135 1190 2174; baseline -0.004 -8"><span class='ocrx_word' id='word_1_328' title='bbox 343 2138 468 2166; x_wconf 85' lang='lat' dir='ltr'>subiecto</span> <span class='ocrx_word' id='word_1_329' title='bbox 482 2145 533 2174; x_wconf 87' lang='lat' dir='ltr'>per</span> <span class='ocrx_word' id='word_1_330' title='bbox 546 2136 728 2171; x_wconf 67' lang='lat' dir='ltr'>nativitateu13</span> <span class='ocrx_word' id='word_1_331' title='bbox 739 2140 766 2165; x_wconf 87' lang='lat' dir='ltr'>et</span> <span class='ocrx_word' id='word_1_332' title='bbox 780 2136 819 2165; x_wconf 87' lang='lat' dir='ltr'>sic</span> <span class='ocrx_word' id='word_1_333' title='bbox 834 2136 927 2165; x_wconf 82' lang='lat' dir='ltr'>adbuc</span> <span class='ocrx_word' id='word_1_334' title='bbox 942 2135 1044 2164; x_wconf 86' lang='lat' dir='ltr'>locutio</span> <span class='ocrx_word' id='word_1_335' title='bbox 1059 2138 1101 2164; x_wconf 88' lang='lat' dir='ltr'>est</span> <span class='ocrx_word' id='word_1_336' title='bbox 1115 2143 1190 2164; x_wconf 87' lang='lat' dir='ltr'>vera.</span> 
     </span>
     <span class='ocr_line' id='line_1_49' title="bbox 343 2181 1191 2221; baseline -0.005 -8"><span class='ocrx_word' id='word_1_337' title='bbox 343 2185 369 2213; x_wconf 86' lang='lat' dir='ltr'>Si</span> <span class='ocrx_word' id='word_1_338' title='bbox 385 2188 514 2221; x_wconf 83' lang='lat' dir='ltr'>respectu</span> <span class='ocrx_word' id='word_1_339' title='bbox 525 2183 707 2221; x_wconf 69' lang='lat' dir='ltr'>praedicati,</span> <span class='ocrx_word' id='word_1_340' title='bbox 726 2183 765 2212; x_wconf 88' lang='lat' dir='ltr'>sic</span> <span class='ocrx_word' id='word_1_341' title='bbox 780 2187 822 2212; x_wconf 84' lang='lat' dir='ltr'>est</span> <span class='ocrx_word' id='word_1_342' title='bbox 836 2190 946 2212; x_wconf 85' lang='lat' dir='ltr'>sensus:</span> <span class='ocrx_word' id='word_1_343' title='bbox 961 2182 1045 2210; x_wconf 85' lang='lat' dir='ltr'>Filius</span> <span class='ocrx_word' id='word_1_344' title='bbox 1060 2184 1101 2210; x_wconf 80' lang='lat' dir='ltr'>est</span> <span class='ocrx_word' id='word_1_345' title='bbox 1115 2181 1191 2210; x_wconf 87' lang='lat' dir='ltr'>Deus</span> 
     </span>
     <span class='ocr_line' id='line_1_50' title="bbox 343 2228 1190 2266; baseline -0.005 -6"><span class='ocrx_word' id='word_1_346' title='bbox 343 2231 401 2260; x_wconf 83' lang='lat' dir='ltr'>sive</span> <span class='ocrx_word' id='word_1_347' title='bbox 422 2231 578 2260; x_wconf 86' lang='lat' dir='ltr'>substantia</span> <span class='ocrx_word' id='word_1_348' title='bbox 598 2230 692 2259; x_wconf 88' lang='lat' dir='ltr'>divina</span> <span class='ocrx_word' id='word_1_349' title='bbox 708 2230 860 2262; x_wconf 79' lang='lat' dir='ltr'>nascendo.</span> <span class='ocrx_word' id='word_1_350' title='bbox 882 2229 920 2258; x_wconf 90' lang='lat' dir='ltr'>ita.</span> <span class='ocrx_word' id='word_1_351' title='bbox 934 2228 1010 2266; x_wconf 89' lang='lat' dir='ltr'>quod</span> <span class='ocrx_word' id='word_1_352' title='bbox 1031 2228 1118 2257; x_wconf 60' lang='lat' dir='ltr'>mmet</span> <span class='ocrx_word' id='word_1_353' title='bbox 1132 2228 1190 2257; x_wconf 85' lang='lat' dir='ltr'>sive</span> 
     </span>
    </p>
   </div>
   <div class='ocr_carea' id='block_1_15' title="bbox 1043 90 1414 119">
    <p class='ocr_par' dir='ltr' id='par_1_18' title="bbox 1043 90 1414 119">
     <span class='ocr_line' id='line_1_51' title="bbox 1043 90 1414 119; baseline 0 -2"><span class='ocrx_word' id='word_1_354' title='bbox 1043 90 1293 119; x_wconf 56' lang='lat' dir='ltr'>sENTENTtARt‘M</span> <span class='ocrx_word' id='word_1_355' title='bbox 1317 90 1374 118; x_wconf 79' lang='grc' dir='ltr'>ΜΒ.</span> <span class='ocrx_word' id='word_1_356' title='bbox 1398 90 1414 117; x_wconf 96' lang='lat' dir='ltr'>l.</span> 
     </span>
    </p>
   </div>
   <div class='ocr_carea' id='block_1_16' title="bbox 1249 167 2096 392">
    <p class='ocr_par' dir='ltr' id='par_1_19' title="bbox 1249 167 2096 392">
     <span class='ocr_line' id='line_1_52' title="bbox 1250 167 2094 204; baseline -0.004 -8"><span class='ocrx_word' id='word_1_357' title='bbox 1250 168 1379 196; x_wconf 73' lang='lat' dir='ltr'>nativitas</span> <span class='ocrx_word' id='word_1_358' title='bbox 1400 168 1434 196; x_wconf 88' lang='lat' dir='ltr'>sit</span> <span class='ocrx_word' id='word_1_359' title='bbox 1449 167 1617 204; x_wconf 85' lang='lat' dir='ltr'>principium</span> <span class='ocrx_word' id='word_1_360' title='bbox 1633 167 1690 195; x_wconf 71' lang='lat' dir='ltr'>sive</span> <span class='ocrx_word' id='word_1_361' title='bbox 1705 167 1783 203; x_wconf 76' lang='lat' dir='ltr'>origo</span> <span class='ocrx_word' id='word_1_362' title='bbox 1804 167 1930 199; x_wconf 67' lang='lat' dir='ltr'>Deitatis3</span> <span class='ocrx_word' id='word_1_363' title='bbox 1948 170 1974 195; x_wconf 72' lang='lat' dir='ltr'>et</span> <span class='ocrx_word' id='word_1_364' title='bbox 2000 167 2025 195; x_wconf 86' lang='lat' dir='ltr'>in</span> <span class='ocrx_word' id='word_1_365' title='bbox 2044 167 2094 194; x_wconf 77' lang='lat' dir='ltr'>boc</span> 
     </span>
     <span class='ocr_line' id='line_1_53' title="bbox 1251 215 1991 244; baseline -0.001 -1"><span class='ocrx_word' id='word_1_366' title='bbox 1251 223 1334 244; x_wconf 83' lang='lat' dir='ltr'>sensu</span> <span class='ocrx_word' id='word_1_367' title='bbox 1355 219 1398 243; x_wconf 86' lang='lat' dir='ltr'>est</span> <span class='ocrx_word' id='word_1_368' title='bbox 1418 215 1494 243; x_wconf 74' lang='lat' dir='ltr'>falsa.</span> <span class='ocrx_word' id='word_1_369' title='bbox 1988 221 1991 223; x_wconf 90' lang='grc'><em>·</em></span> 
     </span>
     <span class='ocr_line' id='line_1_54' title="bbox 1328 259 2094 298; baseline -0.004 -8"><span class='ocrx_word' id='word_1_370' title='bbox 1328 262 1457 298; x_wconf 79' lang='lat' dir='ltr'>Magister</span> <span class='ocrx_word' id='word_1_371' title='bbox 1472 265 1562 290; x_wconf 80' lang='lat' dir='ltr'>tamen</span> <span class='ocrx_word' id='word_1_372' title='bbox 1579 261 1659 289; x_wconf 86' lang='lat' dir='ltr'>istam</span> <span class='ocrx_word' id='word_1_373' title='bbox 1676 261 1842 289; x_wconf 81' lang='lat' dir='ltr'>locutionem</span> <span class='ocrx_word' id='word_1_374' title='bbox 1857 269 1915 289; x_wconf 75' lang='lat' dir='ltr'>non</span> <span class='ocrx_word' id='word_1_375' title='bbox 1925 259 2094 297; x_wconf 65' lang='grc' dir='ltr'>(ίιῖείὸηῃιιιῖι,</span> 
     </span>
     <span class='ocr_line' id='line_1_55' title="bbox 1251 307 2094 345; baseline -0.002 -8"><span class='ocrx_word' id='word_1_376' title='bbox 1251 308 1298 337; x_wconf 79' lang='lat' dir='ltr'>sed</span> <span class='ocrx_word' id='word_1_377' title='bbox 1321 308 1484 345; x_wconf 86' lang='lat' dir='ltr'>simpliciter</span> <span class='ocrx_word' id='word_1_378' title='bbox 1512 307 1649 339; x_wconf 65' lang='lat' dir='ltr'>concedit.</span> <span class='ocrx_word' id='word_1_379' title='bbox 1671 310 1698 336; x_wconf 80' lang='lat' dir='ltr'>et</span> <span class='ocrx_word' id='word_1_380' title='bbox 1719 308 1785 336; x_wconf 88' lang='lat' dir='ltr'>satis</span> <span class='ocrx_word' id='word_1_381' title='bbox 1813 308 2007 344; x_wconf 78' lang='lat' dir='ltr'>probabiliter,</span> <span class='ocrx_word' id='word_1_382' title='bbox 2028 316 2094 345; x_wconf 86' lang='lat' dir='ltr'>quo-</span> 
     </span>
     <span class='ocr_line' id='line_1_56' title="bbox 1249 354 2096 392; baseline -0.001 -9"><span class='ocrx_word' id='word_1_383' title='bbox 1249 355 1324 383; x_wconf 87' lang='lat' dir='ltr'>niam</span> <span class='ocrx_word' id='word_1_384' title='bbox 1344 354 1486 392; x_wconf 75' lang='lat' dir='ltr'>praedicta</span> <span class='ocrx_word' id='word_1_385' title='bbox 1514 354 1653 383; x_wconf 87' lang='lat' dir='ltr'>distinctio</span> <span class='ocrx_word' id='word_1_386' title='bbox 1673 362 1727 383; x_wconf 88' lang='lat' dir='ltr'>non</span> <span class='ocrx_word' id='word_1_387' title='bbox 1756 354 1868 383; x_wconf 80' lang='lat' dir='ltr'>videtur</span> <span class='ocrx_word' id='word_1_388' title='bbox 1897 355 2000 383; x_wconf 77' lang='lat' dir='ltr'>babere.</span> <span class='ocrx_word' id='word_1_389' title='bbox 2025 354 2096 383; x_wconf 90' lang='lat' dir='ltr'>radi-</span> 
     </span>
    </p>
   </div>
   <div class='ocr_carea' id='block_1_17' title="bbox 2106 308 2229 374">
    <p class='ocr_par' dir='ltr' id='par_1_20' title="bbox 2106 308 2229 374">
     <span class='ocr_line' id='line_1_57' title="bbox 2106 308 2229 335; baseline 0.008 -8"><span class='ocrx_word' id='word_1_390' title='bbox 2106 308 2177 335; x_wconf 80' lang='lat' dir='ltr'>Sulutin</span> <span class='ocrx_word' id='word_1_391' title='bbox 2189 309 2229 328; x_wconf 78' lang='lat' dir='ltr'>Mu·-</span> 
     </span>
     <span class='ocr_line' id='line_1_58' title="bbox 2122 332 2226 356; baseline 0 -6"><span class='ocrx_word' id='word_1_392' title='bbox 2122 332 2174 355; x_wconf 75' lang='lat' dir='ltr'>gistri</span> <span class='ocrx_word' id='word_1_393' title='bbox 2187 337 2226 356; x_wconf 82' lang='lat' dir='ltr'>pro-</span> 
     </span>
     <span class='ocr_line' id='line_1_59' title="bbox 2119 355 2193 374; baseline 0.014 -1"><span class='ocrx_word' id='word_1_394' title='bbox 2119 355 2193 374; x_wconf 76' lang='lat' dir='ltr'>babilis.</span> 
     </span>
    </p>
   </div>
   <div class='ocr_carea' id='block_1_18' title="bbox 1249 390 2241 437">
    <p class='ocr_par' dir='ltr' id='par_1_21' title="bbox 1249 390 2241 437">
     <span class='ocr_line' id='line_1_60' title="bbox 1249 390 2241 437; baseline -0.001 -7"><span class='ocrx_word' id='word_1_395' title='bbox 1249 402 1337 431; x_wconf 42' lang='lat' dir='ltr'>cem&amp;</span> <span class='ocrx_word' id='word_1_396' title='bbox 1353 401 1423 429; x_wconf 80' lang='lat' dir='ltr'>Cum</span> <span class='ocrx_word' id='word_1_397' title='bbox 1447 401 1520 429; x_wconf 82' lang='lat' dir='ltr'>enim</span> <span class='ocrx_word' id='word_1_398' title='bbox 1547 400 1715 437; x_wconf 75' lang='lat' dir='ltr'>gerundium</span> <span class='ocrx_word' id='word_1_399' title='bbox 1739 404 1834 429; x_wconf 83' lang='lat' dir='ltr'>natum</span> <span class='ocrx_word' id='word_1_400' title='bbox 1854 401 1889 430; x_wconf 89' lang='lat' dir='ltr'>sit</span> <span class='ocrx_word' id='word_1_401' title='bbox 1908 401 2096 430; x_wconf 80' lang='lat' dir='ltr'>determinare</span> <span class='ocrx_word' id='word_1_402' title='bbox 2120 390 2241 425; x_wconf 44' lang='lat' dir='ltr'>Significat&amp;</span> 
     </span>
    </p>
   </div>
   <div class='ocr_carea' id='block_1_19' title="bbox 1249 447 2099 578">
    <p class='ocr_par' dir='ltr' id='par_1_22' title="bbox 1249 447 2099 578">
     <span class='ocr_line' id='line_1_61' title="bbox 1250 447 2097 485; baseline 0.001 -8"><span class='ocrx_word' id='word_1_403' title='bbox 1250 448 1477 485; x_wconf 79' lang='lat' dir='ltr'>compositionem</span> <span class='ocrx_word' id='word_1_404' title='bbox 1490 464 1527 468; x_wconf 88' lang='lat'>—</span> <span class='ocrx_word' id='word_1_405' title='bbox 1538 448 1603 485; x_wconf 82' lang='lat' dir='ltr'>quia</span> <span class='ocrx_word' id='word_1_406' title='bbox 1617 447 1730 475; x_wconf 91' lang='lat' dir='ltr'>omnino</span> <span class='ocrx_word' id='word_1_407' title='bbox 1750 448 1820 476; x_wconf 87' lang='lat' dir='ltr'>nihil</span> <span class='ocrx_word' id='word_1_408' title='bbox 1834 451 1876 477; x_wconf 86' lang='lat' dir='ltr'>est</span> <span class='ocrx_word' id='word_1_409' title='bbox 1890 448 1996 477; x_wconf 64' lang='lat' dir='ltr'>timere:</span> <span class='ocrx_word' id='word_1_410' title='bbox 2014 448 2097 478; x_wconf 75' lang='lat' dir='ltr'>lwm&#39;o</span> 
     </span>
     <span class='ocr_line' id='line_1_62' title="bbox 1249 495 2099 532; baseline 0.002 -9"><span class='ocrx_word' id='word_1_411' title='bbox 1249 495 1395 524; x_wconf 54' lang='lat' dir='ltr'>irascendo</span> <span class='ocrx_word' id='word_1_412' title='bbox 1416 498 1442 523; x_wconf 83' lang='lat' dir='ltr'>et</span> <span class='ocrx_word' id='word_1_413' title='bbox 1464 495 1625 524; x_wconf 87' lang='lat' dir='ltr'>huiusmodi</span> <span class='ocrx_word' id='word_1_414' title='bbox 1648 511 1685 515; x_wconf 77' lang='lat'>-—</span> <span class='ocrx_word' id='word_1_415' title='bbox 1704 499 1730 523; x_wconf 91' lang='lat' dir='ltr'>et</span> <span class='ocrx_word' id='word_1_416' title='bbox 1752 502 1816 523; x_wconf 83' lang='lat' dir='ltr'>cnm</span> <span class='ocrx_word' id='word_1_417' title='bbox 1839 495 2001 532; x_wconf 74' lang='lat' dir='ltr'>compositio</span> <span class='ocrx_word' id='word_1_418' title='bbox 2022 504 2099 532; x_wconf 82' lang='lat' dir='ltr'>prae-</span> 
     </span>
     <span class='ocr_line' id='line_1_63' title="bbox 1250 541 2099 578; baseline 0 -7"><span class='ocrx_word' id='word_1_419' title='bbox 1250 542 1346 577; x_wconf 72' lang='lat' dir='ltr'>dicati,</span> <span class='ocrx_word' id='word_1_420' title='bbox 1361 542 1419 571; x_wconf 78' lang='lat' dir='ltr'>sive</span> <span class='ocrx_word' id='word_1_421' title='bbox 1440 541 1574 570; x_wconf 80' lang='lat' dir='ltr'>esseutiae</span> <span class='ocrx_word' id='word_1_422' title='bbox 1589 541 1647 570; x_wconf 88' lang='lat' dir='ltr'>sive.</span> <span class='ocrx_word' id='word_1_423' title='bbox 1662 542 1786 570; x_wconf 89' lang='lat' dir='ltr'>omnium</span> <span class='ocrx_word' id='word_1_424' title='bbox 1810 549 1881 578; x_wconf 86' lang='lat' dir='ltr'>quae</span> <span class='ocrx_word' id='word_1_425' title='bbox 1905 542 2099 571; x_wconf 86' lang='lat' dir='ltr'>attribuuntur</span> 
     </span>
    </p>
   </div>
   <div class='ocr_carea' id='block_1_20' title="bbox 1221 588 2097 625">
    <p class='ocr_par' dir='ltr' id='par_1_23' title="bbox 1221 588 2097 625">
     <span class='ocr_line' id='line_1_64' title="bbox 1221 588 2097 625; baseline 0 -8"><span class='ocrx_word' id='word_1_426' title='bbox 1221 597 1222 614; x_wconf 68' lang='grc' dir='ltr'>ι</span> <span class='ocrx_word' id='word_1_427' title='bbox 1252 589 1328 622; x_wconf 76' lang='lat' dir='ltr'>Filio.</span> <span class='ocrx_word' id='word_1_428' title='bbox 1350 588 1515 617; x_wconf 79' lang='lat' dir='ltr'>conveniant</span> <span class='ocrx_word' id='word_1_429' title='bbox 1536 588 1660 617; x_wconf 83' lang='lat' dir='ltr'>subiecto</span> <span class='ocrx_word' id='word_1_430' title='bbox 1688 596 1738 625; x_wconf 85' lang='lat' dir='ltr'>per</span> <span class='ocrx_word' id='word_1_431' title='bbox 1759 588 1944 619; x_wconf 76' lang='lat' dir='ltr'>nativitatem,</span> <span class='ocrx_word' id='word_1_432' title='bbox 1975 588 2075 617; x_wconf 85' lang='lat' dir='ltr'>locutio</span> <span class='ocrx_word' id='word_1_433' title='bbox 2088 589 2097 602; x_wconf 72' lang='lat'><strong>⁹</strong></span> 
     </span>
    </p>
   </div>
   <div class='ocr_carea' id='block_1_21' title="bbox 1250 634 2098 765">
    <p class='ocr_par' dir='ltr' id='par_1_24' title="bbox 1250 634 2098 765">
     <span class='ocr_line' id='line_1_65' title="bbox 1252 634 2098 664; baseline 0 0"><span class='ocrx_word' id='word_1_434' title='bbox 1252 636 1335 664; x_wconf 84' lang='lat' dir='ltr'>babet</span> <span class='ocrx_word' id='word_1_435' title='bbox 1350 635 1504 664; x_wconf 83' lang='lat' dir='ltr'>veritatem.</span> <span class='ocrx_word' id='word_1_436' title='bbox 1526 635 1578 663; x_wconf 72' lang='lat' dir='ltr'>Ne«¹</span> <span class='ocrx_word' id='word_1_437' title='bbox 1595 635 1688 663; x_wconf 86' lang='lat' dir='ltr'>valent</span> <span class='ocrx_word' id='word_1_438' title='bbox 1702 634 1869 664; x_wconf 78' lang='lat' dir='ltr'>objectiones</span> <span class='ocrx_word' id='word_1_439' title='bbox 1886 635 1910 663; x_wconf 87' lang='lat' dir='ltr'>in</span> <span class='ocrx_word' id='word_1_440' title='bbox 1927 635 2098 664; x_wconf 86' lang='lat' dir='ltr'>contrarium</span> 
     </span>
     <span class='ocr_line' id='line_1_66' title="bbox 1250 681 2097 718; baseline 0 -8"><span class='ocrx_word' id='word_1_441' title='bbox 1250 682 1404 713; x_wconf 77' lang='lat' dir='ltr'>adductae,</span> <span class='ocrx_word' id='word_1_442' title='bbox 1425 682 1491 718; x_wconf 84' lang='lat' dir='ltr'>quia</span> <span class='ocrx_word' id='word_1_443' title='bbox 1512 681 1641 710; x_wconf 78' lang='lat' dir='ltr'>nativitas</span> <span class='ocrx_word' id='word_1_444' title='bbox 1669 689 1723 709; x_wconf 90' lang='lat' dir='ltr'>non</span> <span class='ocrx_word' id='word_1_445' title='bbox 1745 681 1890 718; x_wconf 82' lang='lat' dir='ltr'>distinguit</span> <span class='ocrx_word' id='word_1_446' title='bbox 1924 681 1996 710; x_wconf 66' lang='lat' dir='ltr'>illud</span> <span class='ocrx_word' id='word_1_447' title='bbox 2022 682 2097 718; x_wconf 88' lang='lat' dir='ltr'>quod</span> 
     </span>
     <span class='ocr_line' id='line_1_67' title="bbox 1250 728 2098 765; baseline 0 -9"><span class='ocrx_word' id='word_1_448' title='bbox 1250 736 1301 765; x_wconf 82' lang='lat' dir='ltr'>per</span> <span class='ocrx_word' id='word_1_449' title='bbox 1323 728 1495 757; x_wconf 85' lang='lat' dir='ltr'>nativitatem</span> <span class='ocrx_word' id='word_1_450' title='bbox 1517 728 1637 756; x_wconf 82' lang='lat' dir='ltr'>habetur</span> <span class='ocrx_word' id='word_1_451' title='bbox 1659 728 1716 756; x_wconf 77' lang='lat' dir='ltr'>sive</span> <span class='ocrx_word' id='word_1_452' title='bbox 1744 728 1820 765; x_wconf 89' lang='lat' dir='ltr'>quod</span> <span class='ocrx_word' id='word_1_453' title='bbox 1841 731 1882 757; x_wconf 85' lang='lat' dir='ltr'>est</span> <span class='ocrx_word' id='word_1_454' title='bbox 1904 728 1930 756; x_wconf 91' lang='lat' dir='ltr'>in</span> <span class='ocrx_word' id='word_1_455' title='bbox 1953 731 2098 762; x_wconf 48' lang='lat' dir='ltr'>nascente.⁷</span> 
     </span>
    </p>
   </div>
   <div class='ocr_carea' id='block_1_22' title="bbox 1610 962 1738 991">
    <p class='ocr_par' dir='ltr' id='par_1_25' title="bbox 1610 962 1738 991">
     <span class='ocr_line' id='line_1_68' title="bbox 1610 962 1738 991; baseline -0.016 0"><span class='ocrx_word' id='word_1_456' title='bbox 1610 963 1675 991; x_wconf 75' lang='lat' dir='ltr'>Dim.</span> <span class='ocrx_word' id='word_1_457' title='bbox 1699 962 1738 991; x_wconf 85' lang='lat' dir='ltr'>Ill.</span> 
     </span>
    </p>
   </div>
   <div class='ocr_carea' id='block_1_23' title="bbox 1250 1056 2102 1234">
    <p class='ocr_par' dir='ltr' id='par_1_26' title="bbox 1250 1056 2102 1234">
     <span class='ocr_line' id='line_1_69' title="bbox 1329 1056 2102 1094; baseline 0 -9"><span class='ocrx_word' id='word_1_458' title='bbox 1329 1057 1396 1085; x_wconf 84' lang='lat' dir='ltr'>ltcm</span> <span class='ocrx_word' id='word_1_459' title='bbox 1418 1056 1565 1094; x_wconf 79' lang='lat' dir='ltr'>quaeritur</span> <span class='ocrx_word' id='word_1_460' title='bbox 1586 1057 1621 1085; x_wconf 85' lang='lat' dir='ltr'>de.</span> <span class='ocrx_word' id='word_1_461' title='bbox 1643 1056 1694 1085; x_wconf 78' lang='lat' dir='ltr'>hoc</span> <span class='ocrx_word' id='word_1_462' title='bbox 1710 1057 1784 1094; x_wconf 88' lang='lat' dir='ltr'>quod</span> <span class='ocrx_word' id='word_1_463' title='bbox 1806 1057 1885 1091; x_wconf 85' lang='lat' dir='ltr'>dicit,</span> <span class='ocrx_word' id='word_1_464' title='bbox 1907 1057 1981 1094; x_wconf 86' lang='lat' dir='ltr'>quod</span> <span class='ocrx_word' id='word_1_465' title='bbox 2004 1056 2102 1086; x_wconf 65' lang='lat' dir='ltr'>Filius·</span> 
     </span>
     <span class='ocr_line' id='line_1_70' title="bbox 1250 1103 2100 1138; baseline 0 -6"><span class='ocrx_word' id='word_1_466' title='bbox 1250 1104 1403 1132; x_wconf 67' lang='lat' dir='ltr'>nativitate</span> <span class='ocrx_word' id='word_1_467' title='bbox 1424 1112 1482 1131; x_wconf 74' lang='lat' dir='ltr'>non</span> <span class='ocrx_word' id='word_1_468' title='bbox 1502 1107 1543 1131; x_wconf 72' lang='lat' dir='ltr'>cst</span> <span class='ocrx_word' id='word_1_469' title='bbox 1566 1103 1699 1132; x_wconf 70' lang='lat' dir='ltr'>essentia..</span> <span class='ocrx_word' id='word_1_470' title='bbox 1722 1103 1838 1132; x_wconf 85' lang='lat' dir='ltr'>Videtur</span> <span class='ocrx_word' id='word_1_471' title='bbox 1866 1103 1968 1132; x_wconf 81' lang='lat' dir='ltr'>falsum</span> <span class='ocrx_word' id='word_1_472' title='bbox 1990 1103 2100 1138; x_wconf 79' lang='lat' dir='ltr'>dicerc‚</span> 
     </span>
     <span class='ocr_line' id='line_1_71' title="bbox 1250 1150 2100 1188; baseline 0 -9"><span class='ocrx_word' id='word_1_473' title='bbox 1250 1151 1316 1188; x_wconf 87' lang='lat' dir='ltr'>quia</span> <span class='ocrx_word' id='word_1_474' title='bbox 1330 1159 1395 1179; x_wconf 85' lang='lat' dir='ltr'>cum</span> <span class='ocrx_word' id='word_1_475' title='bbox 1417 1150 1556 1179; x_wconf 86' lang='lat' dir='ltr'>nascendo</span> <span class='ocrx_word' id='word_1_476' title='bbox 1571 1150 1606 1179; x_wconf 90' lang='lat' dir='ltr'>sit</span> <span class='ocrx_word' id='word_1_477' title='bbox 1627 1150 1761 1181; x_wconf 78' lang='lat' dir='ltr'>essentia.</span> <span class='ocrx_word' id='word_1_478' title='bbox 1777 1150 1836 1187; x_wconf 85' lang='lat' dir='ltr'>pari</span> <span class='ocrx_word' id='word_1_479' title='bbox 1853 1150 1960 1179; x_wconf 87' lang='lat' dir='ltr'>ratione</span> <span class='ocrx_word' id='word_1_480' title='bbox 1974 1150 2100 1185; x_wconf 74' lang='lat' dir='ltr'>videtur,</span> 
     </span>
     <span class='ocr_line' id='line_1_72' title="bbox 1250 1197 2101 1234; baseline 0 -8"><span class='ocrx_word' id='word_1_481' title='bbox 1250 1197 1326 1234; x_wconf 89' lang='lat' dir='ltr'>quod</span> <span class='ocrx_word' id='word_1_482' title='bbox 1341 1197 1496 1231; x_wconf 56' lang='lat' dir='ltr'>nativitatffi</span> <span class='ocrx_word' id='word_1_483' title='bbox 1517 1200 1544 1226; x_wconf 86' lang='lat' dir='ltr'>et</span> <span class='ocrx_word' id='word_1_484' title='bbox 1559 1197 1611 1226; x_wconf 82' lang='lat' dir='ltr'>hoc.</span> <span class='ocrx_word' id='word_1_485' title='bbox 1626 1197 1738 1226; x_wconf 86' lang='lat' dir='ltr'>videtur</span> <span class='ocrx_word' id='word_1_486' title='bbox 1752 1205 1803 1234; x_wconf 76' lang='lat' dir='ltr'>per</span> <span class='ocrx_word' id='word_1_487' title='bbox 1816 1197 2010 1226; x_wconf 79' lang='lat' dir='ltr'>auctoritatem</span> <span class='ocrx_word' id='word_1_488' title='bbox 2033 1197 2101 1226; x_wconf 82' lang='lat' dir='ltr'>Hila-</span> 
     </span>
    </p>
   </div>
   <div class='ocr_carea' id='block_1_24' title="bbox 1220 1237 1455 1273">
    <p class='ocr_par' dir='ltr' id='par_1_27' title="bbox 1220 1237 1455 1273">
     <span class='ocr_line' id='line_1_73' title="bbox 1220 1237 1455 1273; baseline 0 -1"><span class='ocrx_word' id='word_1_489' title='bbox 1220 1237 1222 1253; x_wconf 70' lang='lat'>&#39;&#39;</span> <span class='ocrx_word' id='word_1_490' title='bbox 1251 1244 1283 1273; x_wconf 89' lang='lat' dir='ltr'>rii</span> <span class='ocrx_word' id='word_1_491' title='bbox 1306 1244 1333 1272; x_wconf 94' lang='lat' dir='ltr'>in</span> <span class='ocrx_word' id='word_1_492' title='bbox 1355 1244 1455 1272; x_wconf 81' lang='lat' dir='ltr'>littera.</span> 
     </span>
    </p>
   </div>
   <div class='ocr_carea' id='block_1_25' title="bbox 1251 1290 2101 1375">
    <p class='ocr_par' dir='ltr' id='par_1_28' title="bbox 1251 1290 2101 1375">
     <span class='ocr_line' id='line_1_74' title="bbox 1331 1290 2101 1332; baseline -0.001 -13"><span class='ocrx_word' id='word_1_493' title='bbox 1331 1291 1503 1320; x_wconf 67' lang='lat' dir='ltr'>Ricsronnsso:</span> <span class='ocrx_word' id='word_1_494' title='bbox 1526 1290 1695 1323; x_wconf 71' lang='lat' dir='ltr'>Dicendum,</span> <span class='ocrx_word' id='word_1_495' title='bbox 1716 1291 1791 1328; x_wconf 87' lang='lat' dir='ltr'>quod</span> <span class='ocrx_word' id='word_1_496' title='bbox 1813 1291 1919 1328; x_wconf 85' lang='lat' dir='ltr'>absque</span> <span class='ocrx_word' id='word_1_497' title='bbox 1941 1291 2027 1321; x_wconf 87' lang='lat' dir='ltr'>dubio</span> <span class='ocrx_word' id='word_1_498' title='bbox 2049 1291 2101 1332; x_wconf 76' lang='lat' dir='ltr'>ista</span> 
     </span>
     <span class='ocr_line' id='line_1_75' title="bbox 1251 1337 2101 1375; baseline 0 -8"><span class='ocrx_word' id='word_1_499' title='bbox 1251 1342 1292 1367; x_wconf 85' lang='lat' dir='ltr'>est</span> <span class='ocrx_word' id='word_1_500' title='bbox 1306 1338 1516 1375; x_wconf 81' lang='lat' dir='ltr'>distinguenda:</span> <span class='ocrx_word' id='word_1_501' title='bbox 1540 1338 1624 1366; x_wconf 85' lang='lat' dir='ltr'>Filius</span> <span class='ocrx_word' id='word_1_502' title='bbox 1638 1337 1781 1367; x_wconf 84' lang='lat' dir='ltr'>nativitate</span> <span class='ocrx_word' id='word_1_503' title='bbox 1799 1341 1841 1367; x_wconf 88' lang='lat' dir='ltr'>est</span> <span class='ocrx_word' id='word_1_504' title='bbox 1855 1338 1950 1367; x_wconf 87' lang='lat' dir='ltr'>divina</span> <span class='ocrx_word' id='word_1_505' title='bbox 1968 1339 2101 1373; x_wconf 81' lang='lat' dir='ltr'>essentia;</span> 
     </span>
    </p>
   </div>
   <div class='ocr_carea' id='block_1_26' title="bbox 1220 1380 2101 1468">
    <p class='ocr_par' dir='ltr' id='par_1_29' title="bbox 1220 1380 2101 1468">
     <span class='ocr_line' id='line_1_76' title="bbox 1220 1380 2099 1421; baseline 0 -8"><span class='ocrx_word' id='word_1_506' title='bbox 1220 1380 1222 1386; x_wconf 84' lang='lat'>&#39;</span> <span class='ocrx_word' id='word_1_507' title='bbox 1250 1385 1316 1421; x_wconf 85' lang='lat' dir='ltr'>quia</span> <span class='ocrx_word' id='word_1_508' title='bbox 1330 1384 1470 1413; x_wconf 84' lang='lat' dir='ltr'>ablativus</span> <span class='ocrx_word' id='word_1_509' title='bbox 1483 1388 1574 1421; x_wconf 87' lang='lat' dir='ltr'>potest</span> <span class='ocrx_word' id='word_1_510' title='bbox 1588 1384 1711 1413; x_wconf 81' lang='lat' dir='ltr'>construi</span> <span class='ocrx_word' id='word_1_511' title='bbox 1735 1385 1761 1413; x_wconf 89' lang='lat' dir='ltr'>in</span> <span class='ocrx_word' id='word_1_512' title='bbox 1778 1385 1884 1413; x_wconf 85' lang='lat' dir='ltr'>ratione</span> <span class='ocrx_word' id='word_1_513' title='bbox 1905 1383 2036 1421; x_wconf 68' lang='lat' dir='ltr'>formae,</span> <span class='ocrx_word' id='word_1_514' title='bbox 2056 1385 2099 1415; x_wconf 79' lang='lat' dir='ltr'>vel</span> 
     </span>
     <span class='ocr_line' id='line_1_77' title="bbox 1220 1430 2101 1468; baseline 0 -9"><span class='ocrx_word' id='word_1_515' title='bbox 1220 1442 1223 1450; x_wconf 55' lang='grc' dir='ltr'><strong><em>ν</em></strong></span> <span class='ocrx_word' id='word_1_516' title='bbox 1251 1432 1278 1459; x_wconf 82' lang='grc' dir='ltr'>ιιι</span> <span class='ocrx_word' id='word_1_517' title='bbox 1301 1431 1407 1460; x_wconf 83' lang='lat' dir='ltr'>ratione</span> <span class='ocrx_word' id='word_1_518' title='bbox 1431 1431 1583 1468; x_wconf 73' lang='lat' dir='ltr'>principii.</span> <span class='ocrx_word' id='word_1_519' title='bbox 1606 1431 1631 1459; x_wconf 86' lang='lat' dir='ltr'>Si</span> <span class='ocrx_word' id='word_1_520' title='bbox 1661 1431 1688 1459; x_wconf 91' lang='lat' dir='ltr'>in</span> <span class='ocrx_word' id='word_1_521' title='bbox 1711 1431 1817 1459; x_wconf 82' lang='lat' dir='ltr'>ratione</span> <span class='ocrx_word' id='word_1_522' title='bbox 1837 1430 1970 1468; x_wconf 74' lang='lat' dir='ltr'>formae,</span> <span class='ocrx_word' id='word_1_523' title='bbox 1991 1432 2029 1461; x_wconf 88' lang='lat' dir='ltr'>sic</span> <span class='ocrx_word' id='word_1_524' title='bbox 2059 1435 2101 1461; x_wconf 84' lang='lat' dir='ltr'>cst</span> 
     </span>
    </p>
   </div>
   <div class='ocr_carea' id='block_1_27' title="bbox 1249 1478 2102 1891">
    <p class='ocr_par' dir='ltr' id='par_1_30' title="bbox 1249 1478 2102 1891">
     <span class='ocr_line' id='line_1_78' title="bbox 1251 1478 2100 1516; baseline 0.001 -9"><span class='ocrx_word' id='word_1_525' title='bbox 1251 1478 1334 1513; x_wconf 75' lang='lat' dir='ltr'>falsa,</span> <span class='ocrx_word' id='word_1_526' title='bbox 1356 1478 1422 1515; x_wconf 82' lang='lat' dir='ltr'>quia</span> <span class='ocrx_word' id='word_1_527' title='bbox 1443 1479 1572 1507; x_wconf 79' lang='lat' dir='ltr'>nativitas</span> <span class='ocrx_word' id='word_1_528' title='bbox 1587 1487 1641 1507; x_wconf 90' lang='lat' dir='ltr'>non</span> <span class='ocrx_word' id='word_1_529' title='bbox 1663 1482 1705 1507; x_wconf 86' lang='lat' dir='ltr'>est</span> <span class='ocrx_word' id='word_1_530' title='bbox 1726 1486 1811 1507; x_wconf 81' lang='lat' dir='ltr'>rausa</span> <span class='ocrx_word' id='word_1_531' title='bbox 1824 1478 1950 1507; x_wconf 83' lang='lat' dir='ltr'>formalis</span> <span class='ocrx_word' id='word_1_532' title='bbox 1972 1483 2100 1516; x_wconf 85' lang='lat' dir='ltr'>respectu</span> 
     </span>
     <span class='ocr_line' id='line_1_79' title="bbox 1250 1525 2102 1563; baseline 0 -9"><span class='ocrx_word' id='word_1_533' title='bbox 1250 1526 1401 1563; x_wconf 84' lang='lat' dir='ltr'>praedicati</span> <span class='ocrx_word' id='word_1_534' title='bbox 1424 1526 1586 1555; x_wconf 85' lang='lat' dir='ltr'>essentialis.</span> <span class='ocrx_word' id='word_1_535' title='bbox 1603 1526 1678 1554; x_wconf 88' lang='lat' dir='ltr'>Si—in</span> <span class='ocrx_word' id='word_1_536' title='bbox 1694 1525 1800 1554; x_wconf 87' lang='lat' dir='ltr'>ratione</span> <span class='ocrx_word' id='word_1_537' title='bbox 1818 1525 1964 1563; x_wconf 69' lang='lat' dir='ltr'>principii</span> <span class='ocrx_word' id='word_1_538' title='bbox 1970 1548 1979 1560; x_wconf 90' lang='lat'><em>,</em></span> <span class='ocrx_word' id='word_1_539' title='bbox 2001 1526 2040 1555; x_wconf 86' lang='lat' dir='ltr'>sic</span> <span class='ocrx_word' id='word_1_540' title='bbox 2055 1526 2102 1554; x_wconf 89' lang='lat' dir='ltr'>ha-</span> 
     </span>
     <span class='ocr_line' id='line_1_80' title="bbox 1251 1572 2102 1609; baseline 0.001 -9"><span class='ocrx_word' id='word_1_541' title='bbox 1251 1572 1297 1601; x_wconf 87' lang='lat' dir='ltr'>bet</span> <span class='ocrx_word' id='word_1_542' title='bbox 1312 1572 1470 1607; x_wconf 84' lang='lat' dir='ltr'>veritatem,</span> <span class='ocrx_word' id='word_1_543' title='bbox 1485 1572 1551 1609; x_wconf 80' lang='lat' dir='ltr'>quia</span> <span class='ocrx_word' id='word_1_544' title='bbox 1565 1572 1659 1600; x_wconf 85' lang='lat' dir='ltr'>onmia</span> <span class='ocrx_word' id='word_1_545' title='bbox 1673 1580 1745 1609; x_wconf 87' lang='lat' dir='ltr'>quae</span> <span class='ocrx_word' id='word_1_546' title='bbox 1760 1572 1929 1601; x_wconf 86' lang='lat' dir='ltr'>conveniunt</span> <span class='ocrx_word' id='word_1_547' title='bbox 1947 1573 2025 1607; x_wconf 71' lang='lat' dir='ltr'>Filio,</span> <span class='ocrx_word' id='word_1_548' title='bbox 2039 1581 2102 1602; x_wconf 89' lang='lat' dir='ltr'>con-</span> 
     </span>
     <span class='ocr_line' id='line_1_81' title="bbox 1251 1619 2101 1657; baseline 0.001 -10"><span class='ocrx_word' id='word_1_549' title='bbox 1251 1619 1367 1648; x_wconf 81' lang='lat' dir='ltr'>veniunt</span> <span class='ocrx_word' id='word_1_550' title='bbox 1381 1619 1404 1648; x_wconf 83' lang='lat' dir='ltr'>ei</span> <span class='ocrx_word' id='word_1_551' title='bbox 1421 1627 1470 1656; x_wconf 83' lang='lat' dir='ltr'>per</span> <span class='ocrx_word' id='word_1_552' title='bbox 1484 1619 1636 1648; x_wconf 76' lang='lat' dir='ltr'>nativitatis</span> <span class='ocrx_word' id='word_1_553' title='bbox 1650 1619 1794 1656; x_wconf 83' lang='lat' dir='ltr'>originem.</span> <span class='ocrx_word' id='word_1_554' title='bbox 1810 1619 1863 1648; x_wconf 85' lang='lat' dir='ltr'>Sed</span> <span class='ocrx_word' id='word_1_555' title='bbox 1882 1619 2020 1656; x_wconf 82' lang='lat' dir='ltr'>Magister,</span> <span class='ocrx_word' id='word_1_556' title='bbox 2035 1619 2101 1657; x_wconf 86' lang='lat' dir='ltr'>quia</span> 
     </span>
     <span class='ocr_line' id='line_1_82' title="bbox 1250 1665 2099 1703; baseline 0.001 -9"><span class='ocrx_word' id='word_1_557' title='bbox 1250 1666 1350 1703; x_wconf 88' lang='lat' dir='ltr'>accipit</span> <span class='ocrx_word' id='word_1_558' title='bbox 1368 1666 1550 1703; x_wconf 73' lang='lat' dir='ltr'>yerundz&#39;um</span> <span class='ocrx_word' id='word_1_559' title='bbox 1563 1665 1584 1681; x_wconf 87' lang='lat'>¹¹</span> <span class='ocrx_word' id='word_1_560' title='bbox 1602 1665 1628 1694; x_wconf 89' lang='lat' dir='ltr'>in</span> <span class='ocrx_word' id='word_1_561' title='bbox 1644 1666 1750 1694; x_wconf 86' lang='lat' dir='ltr'>ratione</span> <span class='ocrx_word' id='word_1_562' title='bbox 1768 1665 1914 1703; x_wconf 71' lang='lat' dir='ltr'>principii</span> <span class='ocrx_word' id='word_1_563' title='bbox 1920 1688 1929 1699; x_wconf 89' lang='lat'><em>,</em></span> <span class='ocrx_word' id='word_1_564' title='bbox 1951 1666 2014 1695; x_wconf 84' lang='lat' dir='ltr'>ideo</span> <span class='ocrx_word' id='word_1_565' title='bbox 2035 1674 2099 1695; x_wconf 81' lang='lat' dir='ltr'>cuni</span> 
     </span>
     <span class='ocr_line' id='line_1_83' title="bbox 1250 1712 2101 1750; baseline 0 -9"><span class='ocrx_word' id='word_1_566' title='bbox 1250 1713 1388 1750; x_wconf 81' lang='lat' dir='ltr'>gerundio</span> <span class='ocrx_word' id='word_1_567' title='bbox 1409 1712 1572 1750; x_wconf 85' lang='lat' dir='ltr'>simpliciter</span> <span class='ocrx_word' id='word_1_568' title='bbox 1587 1712 1725 1747; x_wconf 77' lang='lat' dir='ltr'>concedit3</span> <span class='ocrx_word' id='word_1_569' title='bbox 1747 1716 1774 1741; x_wconf 83' lang='lat' dir='ltr'>et</span> <span class='ocrx_word' id='word_1_570' title='bbox 1795 1713 1862 1750; x_wconf 87' lang='lat' dir='ltr'>quia</span> <span class='ocrx_word' id='word_1_571' title='bbox 1879 1713 1979 1750; x_wconf 84' lang='lat' dir='ltr'>accipit</span> <span class='ocrx_word' id='word_1_572' title='bbox 1999 1712 2101 1749; x_wconf 75' lang='lat' dir='ltr'>ablati-</span> 
     </span>
     <span class='ocr_line' id='line_1_84' title="bbox 1249 1758 2101 1797; baseline 0 -9"><span class='ocrx_word' id='word_1_573' title='bbox 1249 1768 1320 1788; x_wconf 73' lang='grc' dir='ltr'>ιιιιιη</span> <span class='ocrx_word' id='word_1_574' title='bbox 1342 1760 1369 1788; x_wconf 89' lang='lat' dir='ltr'>in</span> <span class='ocrx_word' id='word_1_575' title='bbox 1390 1759 1497 1788; x_wconf 80' lang='lat' dir='ltr'>ratione</span> <span class='ocrx_word' id='word_1_576' title='bbox 1510 1758 1637 1797; x_wconf 74' lang='lat' dir='ltr'>formae,</span> <span class='ocrx_word' id='word_1_577' title='bbox 1660 1760 1722 1788; x_wconf 89' lang='lat' dir='ltr'>ideo</span> <span class='ocrx_word' id='word_1_578' title='bbox 1743 1768 1807 1788; x_wconf 77' lang='lat' dir='ltr'>curn</span> <span class='ocrx_word' id='word_1_579' title='bbox 1829 1759 1951 1789; x_wconf 83' lang='lat' dir='ltr'>ablativo</span> <span class='ocrx_word' id='word_1_580' title='bbox 1971 1760 2101 1797; x_wconf 88' lang='lat' dir='ltr'>simplici-</span> 
     </span>
     <span class='ocr_line' id='line_1_85' title="bbox 1250 1806 2101 1843; baseline 0 -8"><span class='ocrx_word' id='word_1_581' title='bbox 1250 1810 1292 1835; x_wconf 86' lang='lat' dir='ltr'>ter</span> <span class='ocrx_word' id='word_1_582' title='bbox 1314 1810 1410 1843; x_wconf 75' lang='lat' dir='ltr'>negat3</span> <span class='ocrx_word' id='word_1_583' title='bbox 1432 1806 1520 1843; x_wconf 83' lang='lat' dir='ltr'>magis</span> <span class='ocrx_word' id='word_1_584' title='bbox 1535 1807 1609 1835; x_wconf 85' lang='lat' dir='ltr'>enirn</span> <span class='ocrx_word' id='word_1_585' title='bbox 1631 1806 2041 1835; x_wconf 75' lang='lat' dir='ltr'>iudicatsecundu1n¹211sum</span> <span class='ocrx_word' id='word_1_586' title='bbox 2066 1807 2101 1835; x_wconf 90' lang='lat' dir='ltr'>to-</span> 
     </span>
     <span class='ocr_line' id='line_1_86' title="bbox 1249 1853 1960 1891; baseline -0.001 -9"><span class='ocrx_word' id='word_1_587' title='bbox 1249 1853 1353 1891; x_wconf 83' lang='lat' dir='ltr'>quendi</span> <span class='ocrx_word' id='word_1_588' title='bbox 1374 1861 1458 1890; x_wconf 86' lang='lat' dir='ltr'>quam</span> <span class='ocrx_word' id='word_1_589' title='bbox 1481 1854 1636 1882; x_wconf 78' lang='lat' dir='ltr'>secundnm</span> <span class='ocrx_word' id='word_1_590' title='bbox 1661 1853 1792 1883; x_wconf 85' lang='lat' dir='ltr'>virtutem</span> <span class='ocrx_word' id='word_1_591' title='bbox 1816 1853 1960 1882; x_wconf 84' lang='lat' dir='ltr'>sermonis.</span> 
     </span>
    </p>
   </div>
   <div class='ocr_carea' id='block_1_28' title="bbox 1327 1947 2098 2079">
    <p class='ocr_par' dir='ltr' id='par_1_31' title="bbox 1327 1947 2098 2079">
     <span class='ocr_line' id='line_1_87' title="bbox 1611 1947 1739 1975; baseline 0.008 -1"><span class='ocrx_word' id='word_1_592' title='bbox 1611 1947 1677 1975; x_wconf 72' lang='lat' dir='ltr'>Dua.</span> <span class='ocrx_word' id='word_1_593' title='bbox 1700 1947 1739 1975; x_wconf 87' lang='lat' dir='ltr'>lV.</span> 
     </span>
     <span class='ocr_line' id='line_1_88' title="bbox 1327 2040 2098 2079; baseline 0.004 -11"><span class='ocrx_word' id='word_1_594' title='bbox 1327 2040 1394 2069; x_wconf 79' lang='lat' dir='ltr'>Item</span> <span class='ocrx_word' id='word_1_595' title='bbox 1416 2040 1562 2078; x_wconf 84' lang='lat' dir='ltr'>quaeritur</span> <span class='ocrx_word' id='word_1_596' title='bbox 1584 2041 1619 2069; x_wconf 84' lang='lat' dir='ltr'>de</span> <span class='ocrx_word' id='word_1_597' title='bbox 1644 2041 1696 2069; x_wconf 80' lang='lat' dir='ltr'>hoc</span> <span class='ocrx_word' id='word_1_598' title='bbox 1724 2041 1800 2078; x_wconf 88' lang='lat' dir='ltr'>quod</span> <span class='ocrx_word' id='word_1_599' title='bbox 1822 2040 1901 2070; x_wconf 86' lang='lat' dir='ltr'>dicit:</span> <span class='ocrx_word' id='word_1_600' title='bbox 1933 2041 2028 2079; x_wconf 72' lang='lat' dir='ltr'>Neque</span> <span class='ocrx_word' id='word_1_601' title='bbox 2043 2050 2098 2079; x_wconf 71' lang='lat' dir='ltr'>per</span> 
     </span>
    </p>
   </div>
   <div class='ocr_carea' id='block_1_29' title="bbox 1248 2086 2098 2171">
    <p class='ocr_par' dir='ltr' id='par_1_32' title="bbox 1248 2086 2098 2171">
     <span class='ocr_line' id='line_1_89' title="bbox 1248 2086 2098 2125; baseline 0.002 -10"><span class='ocrx_word' id='word_1_602' title='bbox 1248 2086 1450 2124; x_wconf 72' lang='lat' dir='ltr'>desectionem,</span> <span class='ocrx_word' id='word_1_603' title='bbox 1472 2092 1527 2116; x_wconf 69' lang='lat' dir='ltr'>[tut</span> <span class='ocrx_word' id='word_1_604' title='bbox 1544 2088 1776 2125; x_wconf 73' lang='lat' dir='ltr'>protensionem,</span> <span class='ocrx_word' id='word_1_605' title='bbox 1798 2092 1853 2116; x_wconf 71' lang='lat' dir='ltr'>stuc</span> <span class='ocrx_word' id='word_1_606' title='bbox 1873 2088 2098 2123; x_wconf 73' lang='lat' dir='ltr'>derivatz&#39;ommi;</span> 
     </span>
     <span class='ocr_line' id='line_1_90' title="bbox 1248 2134 1746 2171; baseline 0.004 -10"><span class='ocrx_word' id='word_1_607' title='bbox 1248 2134 1389 2171; x_wconf 86' lang='lat' dir='ltr'>quomodo</span> <span class='ocrx_word' id='word_1_608' title='bbox 1402 2134 1422 2149; x_wconf 83' lang='lat'>¹³</span> <span class='ocrx_word' id='word_1_609' title='bbox 1443 2134 1577 2163; x_wconf 79' lang='lat' dir='ltr'>differunt</span> <span class='ocrx_word' id='word_1_610' title='bbox 1598 2134 1647 2163; x_wconf 85' lang='lat' dir='ltr'>illa</span> <span class='ocrx_word' id='word_1_611' title='bbox 1667 2135 1746 2163; x_wconf 83' lang='lat' dir='ltr'>tria?</span> 
     </span>
    </p>
   </div>
   <div class='ocr_carea' id='block_1_30' title="bbox 2106 425 2196 448">
    <p class='ocr_par' dir='ltr' id='par_1_33' title="bbox 2106 425 2196 448">
     <span class='ocr_line' id='line_1_91' title="bbox 2106 425 2196 448; baseline 0 -5"><span class='ocrx_word' id='word_1_612' title='bbox 2106 425 2196 448; x_wconf 76' lang='lat' dir='ltr'>gerundii.</span> 
     </span>
    </p>
   </div>
   <div class='ocr_carea' id='block_1_31' title="bbox 1326 2180 2249 2226">
    <p class='ocr_par' dir='ltr' id='par_1_34' title="bbox 1326 2180 2249 2226">
     <span class='ocr_line' id='line_1_92' title="bbox 1326 2180 2249 2226; baseline 0.002 -17"><span class='ocrx_word' id='word_1_613' title='bbox 1326 2181 1499 2210; x_wconf 79' lang='lat' dir='ltr'>RESPONDEO:</span> <span class='ocrx_word' id='word_1_614' title='bbox 1512 2181 1632 2218; x_wconf 86' lang='lat' dir='ltr'>Quidam</span> <span class='ocrx_word' id='word_1_615' title='bbox 1646 2181 1744 2210; x_wconf 86' lang='lat' dir='ltr'>dicunt</span> <span class='ocrx_word' id='word_1_616' title='bbox 1758 2181 1805 2216; x_wconf 73' lang='lat' dir='ltr'>sic,</span> <span class='ocrx_word' id='word_1_617' title='bbox 1817 2182 1892 2219; x_wconf 87' lang='lat' dir='ltr'>quod</span> <span class='ocrx_word' id='word_1_618' title='bbox 1902 2190 1954 2219; x_wconf 84' lang='lat' dir='ltr'>per</span> <span class='ocrx_word' id='word_1_619' title='bbox 1968 2181 2098 2219; x_wconf 73' lang='lat' dir='ltr'>defectio·</span> <span class='ocrx_word' id='word_1_620' title='bbox 2111 2183 2224 2226; x_wconf 37' lang='lat' dir='ltr'>⁵335&amp;th</span> <span class='ocrx_word' id='word_1_621' title='bbox 2247 2180 2249 2224; x_wconf 68' lang='lat' dir='ltr'>j</span> 
     </span>
    </p>
   </div>
   <div class='ocr_carea' id='block_1_32' title="bbox 1245 2228 2101 2266">
    <p class='ocr_par' dir='ltr' id='par_1_35' title="bbox 1245 2228 2101 2266">
     <span class='ocr_line' id='line_1_93' title="bbox 1245 2228 2101 2266; baseline 0.004 -10"><span class='ocrx_word' id='word_1_622' title='bbox 1245 2236 1311 2256; x_wconf 57' lang='lat' dir='ltr'>‘nem</span> <span class='ocrx_word' id='word_1_623' title='bbox 1323 2228 1490 2264; x_wconf 86' lang='lat' dir='ltr'>producitur</span> <span class='ocrx_word' id='word_1_624' title='bbox 1503 2228 1608 2265; x_wconf 88' lang='lat' dir='ltr'>aliquid</span> <span class='ocrx_word' id='word_1_625' title='bbox 1625 2228 1659 2257; x_wconf 83' lang='lat' dir='ltr'>de</span> <span class='ocrx_word' id='word_1_626' title='bbox 1675 2228 1791 2257; x_wconf 87' lang='lat' dir='ltr'>materia</span> <span class='ocrx_word' id='word_1_627' title='bbox 1806 2236 1856 2265; x_wconf 87' lang='lat' dir='ltr'>per</span> <span class='ocrx_word' id='word_1_628' title='bbox 1867 2228 1973 2258; x_wconf 82' lang='lat' dir='ltr'>formae</span> <span class='ocrx_word' id='word_1_629' title='bbox 1985 2236 2101 2266; x_wconf 84' lang='lat' dir='ltr'>praeex-</span> 
     </span>
    </p>
   </div>
   <div class='ocr_carea' id='block_1_33' title="bbox 995 2306 1503 2311">
    <p class='ocr_par' dir='ltr' id='par_1_36' title="bbox 995 2306 1503 2311">
     <span class='ocr_line' id='line_1_94' title="bbox 995 2306 1503 2311; baseline 0 0"><span class='ocrx_word' id='word_1_630' title='bbox 995 2306 1503 2311; x_wconf 95' lang='lat' dir='ltr'> </span> 
     </span>
    </p>
   </div>
   <div class='ocr_carea' id='block_1_34' title="bbox 408 2354 1222 2379">
    <p class='ocr_par' dir='ltr' id='par_1_37' title="bbox 408 2354 1222 2379">
     <span class='ocr_line' id='line_1_95' title="bbox 408 2354 1222 2379; baseline -0.004 0"><span class='ocrx_word' id='word_1_631' title='bbox 408 2356 413 2371; x_wconf 94' lang='lat'><strong>¹</strong></span> <span class='ocrx_word' id='word_1_632' title='bbox 433 2357 494 2379; x_wconf 77' lang='lat' dir='ltr'>Multi</span> <span class='ocrx_word' id='word_1_633' title='bbox 511 2356 578 2379; x_wconf 84' lang='lat' dir='ltr'>codd.</span> <span class='ocrx_word' id='word_1_634' title='bbox 604 2360 629 2378; x_wconf 89' lang='lat' dir='ltr'>ut</span> <span class='ocrx_word' id='word_1_635' title='bbox 646 2356 662 2377; x_wconf 84' lang='grc' dir='ltr'><strong>Λ</strong></span> <span class='ocrx_word' id='word_1_636' title='bbox 673 2355 715 2378; x_wconf 75' lang='lat' dir='ltr'>ru</span> <span class='ocrx_word' id='word_1_637' title='bbox 727 2356 744 2378; x_wconf 74' lang='lat' dir='ltr'>K</span> <span class='ocrx_word' id='word_1_638' title='bbox 756 2355 770 2377; x_wconf 81' lang='lat' dir='ltr'>S</span> <span class='ocrx_word' id='word_1_639' title='bbox 781 2356 798 2377; x_wconf 74' lang='lat' dir='ltr'>&#39;l&#39;</span> <span class='ocrx_word' id='word_1_640' title='bbox 812 2356 829 2377; x_wconf 80' lang='lat' dir='ltr'>V</span> <span class='ocrx_word' id='word_1_641' title='bbox 841 2356 861 2378; x_wconf 77' lang='lat' dir='ltr'>x</span> <span class='ocrx_word' id='word_1_642' title='bbox 874 2356 890 2377; x_wconf 79' lang='grc' dir='ltr'>Υ</span> <span class='ocrx_word' id='word_1_643' title='bbox 913 2359 956 2378; x_wconf 73' lang='lat' dir='ltr'>ete.</span> <span class='ocrx_word' id='word_1_644' title='bbox 980 2361 1032 2377; x_wconf 81' lang='lat' dir='ltr'>cmn</span> <span class='ocrx_word' id='word_1_645' title='bbox 1059 2355 1095 2377; x_wconf 88' lang='lat' dir='ltr'>cd.</span> <span class='ocrx_word' id='word_1_646' title='bbox 1123 2355 1128 2375; x_wconf 86' lang='lat' dir='ltr'>l</span> <span class='ocrx_word' id='word_1_647' title='bbox 1155 2354 1193 2377; x_wconf 84' lang='lat' dir='ltr'>ad—</span> <span class='ocrx_word' id='word_1_648' title='bbox 1221 2357 1222 2361; x_wconf 63' lang='lat'>¹</span> 
     </span>
    </p>
   </div>
   <div class='ocr_carea' id='block_1_35' title="bbox 344 2396 1194 2887">
    <p class='ocr_par' dir='ltr' id='par_1_38' title="bbox 344 2396 522 2418">
     <span class='ocr_line' id='line_1_96' title="bbox 344 2396 522 2418; baseline 0.006 -1"><span class='ocrx_word' id='word_1_649' title='bbox 344 2396 402 2418; x_wconf 79' lang='lat' dir='ltr'>dunt</span> <span class='ocrx_word' id='word_1_650' title='bbox 417 2396 522 2418; x_wconf 74' lang='lat' dir='ltr'>sanctus.</span> 
     </span>
    </p>

    <p class='ocr_par' dir='ltr' id='par_1_39' title="bbox 344 2431 1194 2582">
     <span class='ocr_line' id='line_1_97' title="bbox 405 2431 1194 2462; baseline -0.003 -5"><span class='ocrx_word' id='word_1_651' title='bbox 405 2434 415 2449; x_wconf 77' lang='lat'>‘²</span> <span class='ocrx_word' id='word_1_652' title='bbox 434 2435 482 2457; x_wconf 79' lang='lat' dir='ltr'>Vat.</span> <span class='ocrx_word' id='word_1_653' title='bbox 501 2440 554 2456; x_wconf 83' lang='lat' dir='ltr'>cum</span> <span class='ocrx_word' id='word_1_654' title='bbox 572 2434 624 2457; x_wconf 80' lang='lat' dir='ltr'>cod.</span> <span class='ocrx_word' id='word_1_655' title='bbox 641 2439 667 2456; x_wconf 78' lang='lat' dir='ltr'>ec</span> <span class='ocrx_word' id='word_1_656' title='bbox 683 2435 766 2457; x_wconf 79' lang='lat' dir='ltr'>omittit</span> <span class='ocrx_word' id='word_1_657' title='bbox 783 2439 832 2457; x_wconf 76' lang='lat' dir='ltr'>esse</span> <span class='ocrx_word' id='word_1_658' title='bbox 845 2453 850 2461; x_wconf 77' lang='lat'><em>,</em></span> <span class='ocrx_word' id='word_1_659' title='bbox 874 2440 934 2462; x_wconf 74' lang='lat' dir='ltr'>qnae</span> <span class='ocrx_word' id='word_1_660' title='bbox 957 2438 978 2455; x_wconf 76' lang='lat' dir='ltr'>et</span> <span class='ocrx_word' id='word_1_661' title='bbox 1001 2439 1053 2455; x_wconf 77' lang='lat' dir='ltr'>mox</span> <span class='ocrx_word' id='word_1_662' title='bbox 1076 2433 1132 2455; x_wconf 75' lang='lat' dir='ltr'>false</span> <span class='ocrx_word' id='word_1_663' title='bbox 1153 2431 1194 2455; x_wconf 76' lang='lat' dir='ltr'>sed</span> 
     </span>
     <span class='ocr_line' id='line_1_98' title="bbox 344 2472 1193 2503; baseline -0.002 -6"><span class='ocrx_word' id='word_1_664' title='bbox 344 2473 449 2503; x_wconf 74' lang='lat' dir='ltr'>Spiritus</span> <span class='ocrx_word' id='word_1_665' title='bbox 465 2475 580 2502; x_wconf 66' lang='lat' dir='ltr'>suiectus,</span> <span class='ocrx_word' id='word_1_666' title='bbox 599 2473 656 2503; x_wconf 81' lang='lat' dir='ltr'>quia</span> <span class='ocrx_word' id='word_1_667' title='bbox 673 2480 716 2501; x_wconf 88' lang='lat' dir='ltr'>pro</span> <span class='ocrx_word' id='word_1_668' title='bbox 737 2473 779 2496; x_wconf 73' lang='lat' dir='ltr'>sed</span> <span class='ocrx_word' id='word_1_669' title='bbox 794 2473 818 2496; x_wconf 78' lang='lat' dir='ltr'>lu</span> <span class='ocrx_word' id='word_1_670' title='bbox 842 2472 934 2502; x_wconf 70' lang='lat' dir='ltr'>spiritu.</span> <span class='ocrx_word' id='word_1_671' title='bbox 955 2474 1053 2501; x_wconf 69' lang='lat' dir='ltr'>szmcto,</span> <span class='ocrx_word' id='word_1_672' title='bbox 1081 2472 1123 2502; x_wconf 77' lang='lat' dir='ltr'>qui</span> <span class='ocrx_word' id='word_1_673' title='bbox 1133 2481 1141 2500; x_wconf 82' lang='lat'>,·</span> <span class='ocrx_word' id='word_1_674' title='bbox 1165 2473 1193 2494; x_wconf 85' lang='lat' dir='ltr'>lc-</span> 
     </span>
     <span class='ocr_line' id='line_1_99' title="bbox 344 2511 1193 2541; baseline -0.001 -6"><span class='ocrx_word' id='word_1_675' title='bbox 344 2514 443 2536; x_wconf 68' lang='lat' dir='ltr'>ctionem</span> <span class='ocrx_word' id='word_1_676' title='bbox 461 2513 482 2535; x_wconf 88' lang='lat' dir='ltr'>in</span> <span class='ocrx_word' id='word_1_677' title='bbox 501 2516 587 2535; x_wconf 80' lang='lat' dir='ltr'>textum</span> <span class='ocrx_word' id='word_1_678' title='bbox 604 2515 722 2541; x_wconf 81' lang='lat' dir='ltr'>receptam</span> <span class='ocrx_word' id='word_1_679' title='bbox 740 2512 849 2535; x_wconf 79' lang='lat' dir='ltr'>exhibent</span> <span class='ocrx_word' id='word_1_680' title='bbox 865 2513 1007 2541; x_wconf 78' lang='lat' dir='ltr'>antiquiores</span> <span class='ocrx_word' id='word_1_681' title='bbox 1032 2511 1100 2534; x_wconf 76' lang='lat' dir='ltr'>codd.</span> <span class='ocrx_word' id='word_1_682' title='bbox 1126 2511 1193 2540; x_wconf 88' lang='lat' dir='ltr'>(uno</span> 
     </span>
     <span class='ocr_line' id='line_1_100' title="bbox 344 2551 935 2582; baseline -0.002 -8"><span class='ocrx_word' id='word_1_683' title='bbox 344 2552 444 2575; x_wconf 79' lang='lat' dir='ltr'>alterove</span> <span class='ocrx_word' id='word_1_684' title='bbox 460 2552 551 2580; x_wconf 81' lang='lat' dir='ltr'>legente</span> <span class='ocrx_word' id='word_1_685' title='bbox 568 2551 626 2582; x_wconf 76' lang='lat' dir='ltr'>quia</span> <span class='ocrx_word' id='word_1_686' title='bbox 642 2552 691 2575; x_wconf 88' lang='lat' dir='ltr'>loco</span> <span class='ocrx_word' id='word_1_687' title='bbox 709 2551 770 2581; x_wconf 66' lang='lat' dir='ltr'>qui)</span> <span class='ocrx_word' id='word_1_688' title='bbox 789 2557 842 2574; x_wconf 84' lang='lat' dir='ltr'>cum</span> <span class='ocrx_word' id='word_1_689' title='bbox 859 2551 896 2574; x_wconf 82' lang='lat' dir='ltr'>cd.</span> <span class='ocrx_word' id='word_1_690' title='bbox 916 2552 935 2573; x_wconf 88' lang='lat' dir='ltr'>t.</span> 
     </span>
    </p>

    <p class='ocr_par' dir='ltr' id='par_1_40' title="bbox 405 2589 1190 2620">
     <span class='ocr_line' id='line_1_101' title="bbox 405 2589 1190 2620; baseline -0.003 -6"><span class='ocrx_word' id='word_1_691' title='bbox 405 2591 415 2606; x_wconf 83' lang='lat'>³</span> <span class='ocrx_word' id='word_1_692' title='bbox 432 2592 454 2613; x_wconf 91' lang='lat' dir='ltr'>ln</span> <span class='ocrx_word' id='word_1_693' title='bbox 472 2589 587 2620; x_wconf 71' lang='lat' dir='ltr'>aliquibus</span> <span class='ocrx_word' id='word_1_694' title='bbox 604 2597 658 2613; x_wconf 87' lang='lat' dir='ltr'>mss.</span> <span class='ocrx_word' id='word_1_695' title='bbox 677 2594 702 2614; x_wconf 87' lang='lat' dir='ltr'>ut</span> <span class='ocrx_word' id='word_1_696' title='bbox 719 2591 764 2613; x_wconf 81' lang='lat' dir='ltr'>SX</span> <span class='ocrx_word' id='word_1_697' title='bbox 776 2593 798 2613; x_wconf 81' lang='lat' dir='ltr'>et</span> <span class='ocrx_word' id='word_1_698' title='bbox 809 2591 846 2613; x_wconf 82' lang='lat' dir='ltr'>ed.</span> <span class='ocrx_word' id='word_1_699' title='bbox 861 2591 868 2612; x_wconf 88' lang='lat' dir='ltr'>t</span> <span class='ocrx_word' id='word_1_700' title='bbox 885 2591 961 2613; x_wconf 86' lang='lat' dir='ltr'>minus</span> <span class='ocrx_word' id='word_1_701' title='bbox 972 2593 1025 2619; x_wconf 78' lang='lat' dir='ltr'>apte</span> <span class='ocrx_word' id='word_1_702' title='bbox 1036 2591 1147 2613; x_wconf 86' lang='lat' dir='ltr'>omittitur</span> <span class='ocrx_word' id='word_1_703' title='bbox 1163 2589 1190 2613; x_wconf 76' lang='lat' dir='ltr'>si.</span> 
     </span>
    </p>

    <p class='ocr_par' dir='ltr' id='par_1_41' title="bbox 344 2629 1191 2698">
     <span class='ocr_line' id='line_1_102' title="bbox 407 2629 1191 2659; baseline -0.003 -6"><span class='ocrx_word' id='word_1_704' title='bbox 407 2630 415 2645; x_wconf 84' lang='lat'><strong>⁴</strong></span> <span class='ocrx_word' id='word_1_705' title='bbox 432 2631 483 2654; x_wconf 84' lang='lat' dir='ltr'>Vat.</span> <span class='ocrx_word' id='word_1_706' title='bbox 501 2633 579 2653; x_wconf 83' lang='lat' dir='ltr'>contra</span> <span class='ocrx_word' id='word_1_707' title='bbox 597 2631 644 2653; x_wconf 81' lang='lat' dir='ltr'>scre</span> <span class='ocrx_word' id='word_1_708' title='bbox 661 2637 743 2653; x_wconf 85' lang='lat' dir='ltr'>omnes</span> <span class='ocrx_word' id='word_1_709' title='bbox 760 2630 827 2653; x_wconf 86' lang='lat' dir='ltr'>codd.</span> <span class='ocrx_word' id='word_1_710' title='bbox 846 2632 869 2652; x_wconf 81' lang='lat' dir='ltr'>et</span> <span class='ocrx_word' id='word_1_711' title='bbox 885 2630 921 2653; x_wconf 74' lang='lat' dir='ltr'>cd.</span> <span class='ocrx_word' id='word_1_712' title='bbox 940 2630 948 2652; x_wconf 72' lang='lat' dir='ltr'>vl</span> <span class='ocrx_word' id='word_1_713' title='bbox 970 2629 1072 2659; x_wconf 77' lang='lat' dir='ltr'>accepit,</span> <span class='ocrx_word' id='word_1_714' title='bbox 1093 2629 1134 2652; x_wconf 81' lang='lat' dir='ltr'>sed</span> <span class='ocrx_word' id='word_1_715' title='bbox 1146 2635 1191 2652; x_wconf 84' lang='lat' dir='ltr'>ine-</span> 
     </span>
     <span class='ocr_line' id='line_1_103' title="bbox 344 2669 838 2698; baseline 0 -7"><span class='ocrx_word' id='word_1_716' title='bbox 344 2671 385 2692; x_wconf 88' lang='lat' dir='ltr'>lior</span> <span class='ocrx_word' id='word_1_717' title='bbox 406 2674 440 2693; x_wconf 84' lang='lat' dir='ltr'>est</span> <span class='ocrx_word' id='word_1_718' title='bbox 464 2670 530 2692; x_wconf 76' lang='lat' dir='ltr'>lectio</span> <span class='ocrx_word' id='word_1_719' title='bbox 548 2676 610 2698; x_wconf 71' lang='lat' dir='ltr'>mss.⁷</span> <span class='ocrx_word' id='word_1_720' title='bbox 628 2670 682 2698; x_wconf 87' lang='lat' dir='ltr'>quia</span> <span class='ocrx_word' id='word_1_721' title='bbox 700 2669 838 2697; x_wconf 80' lang='lat' dir='ltr'>generalior.</span> 
     </span>
    </p>

    <p class='ocr_par' dir='ltr' id='par_1_42' title="bbox 344 2706 1190 2777">
     <span class='ocr_line' id='line_1_104' title="bbox 406 2706 1190 2738; baseline -0.003 -7"><span class='ocrx_word' id='word_1_722' title='bbox 406 2709 416 2723; x_wconf 77' lang='lat'>⁵</span> <span class='ocrx_word' id='word_1_723' title='bbox 432 2710 507 2738; x_wconf 78' lang='lat' dir='ltr'>Aliqui</span> <span class='ocrx_word' id='word_1_724' title='bbox 524 2709 592 2731; x_wconf 85' lang='lat' dir='ltr'>codd.</span> <span class='ocrx_word' id='word_1_725' title='bbox 609 2709 661 2737; x_wconf 89' lang='lat' dir='ltr'>bic,</span> <span class='ocrx_word' id='word_1_726' title='bbox 678 2708 719 2731; x_wconf 88' lang='lat' dir='ltr'>sed</span> <span class='ocrx_word' id='word_1_727' title='bbox 737 2708 816 2737; x_wconf 83' lang='lat' dir='ltr'>plures</span> <span class='ocrx_word' id='word_1_728' title='bbox 833 2708 902 2730; x_wconf 89' lang='lat' dir='ltr'>codd.</span> <span class='ocrx_word' id='word_1_729' title='bbox 919 2714 973 2730; x_wconf 89' lang='lat' dir='ltr'>cum</span> <span class='ocrx_word' id='word_1_730' title='bbox 990 2707 1027 2730; x_wconf 84' lang='lat' dir='ltr'>ed.</span> <span class='ocrx_word' id='word_1_731' title='bbox 1048 2708 1053 2729; x_wconf 95' lang='lat' dir='ltr'>t</span> <span class='ocrx_word' id='word_1_732' title='bbox 1076 2707 1132 2730; x_wconf 82' lang='lat' dir='ltr'>intra</span> <span class='ocrx_word' id='word_1_733' title='bbox 1154 2706 1190 2729; x_wconf 87' lang='lat' dir='ltr'>bis</span> 
     </span>
     <span class='ocr_line' id='line_1_105' title="bbox 344 2747 740 2777; baseline -0.005 -6"><span class='ocrx_word' id='word_1_734' title='bbox 344 2747 504 2777; x_wconf 68' lang='lat' dir='ltr'>yerzmdioum</span> <span class='ocrx_word' id='word_1_735' title='bbox 521 2748 570 2770; x_wconf 85' lang='lat' dir='ltr'>loco</span> <span class='ocrx_word' id='word_1_736' title='bbox 586 2747 740 2777; x_wconf 65' lang='lat' dir='ltr'>gerundium.</span> 
     </span>
    </p>

    <p class='ocr_par' dir='ltr' id='par_1_43' title="bbox 406 2785 1090 2815">
     <span class='ocr_line' id='line_1_106' title="bbox 406 2785 1090 2815; baseline -0.003 -6"><span class='ocrx_word' id='word_1_737' title='bbox 406 2787 416 2801; x_wconf 63' lang='lat'>¹}</span> <span class='ocrx_word' id='word_1_738' title='bbox 432 2787 486 2809; x_wconf 79' lang='lat' dir='ltr'>Fide</span> <span class='ocrx_word' id='word_1_739' title='bbox 504 2787 658 2815; x_wconf 86' lang='lat' dir='ltr'>plurimorum</span> <span class='ocrx_word' id='word_1_740' title='bbox 675 2792 730 2808; x_wconf 82' lang='lat' dir='ltr'>rnss.</span> <span class='ocrx_word' id='word_1_741' title='bbox 747 2788 770 2808; x_wconf 85' lang='lat' dir='ltr'>et</span> <span class='ocrx_word' id='word_1_742' title='bbox 786 2785 822 2808; x_wconf 84' lang='lat' dir='ltr'>ed.</span> <span class='ocrx_word' id='word_1_743' title='bbox 842 2786 850 2807; x_wconf 76' lang='grc'>’1</span> <span class='ocrx_word' id='word_1_744' title='bbox 872 2786 1034 2813; x_wconf 78' lang='lat' dir='ltr'>supplevimus</span> <span class='ocrx_word' id='word_1_745' title='bbox 1050 2786 1090 2808; x_wconf 78' lang='lat' dir='ltr'>est.</span> 
     </span>
    </p>

    <p class='ocr_par' dir='ltr' id='par_1_44' title="bbox 406 2825 581 2849">
     <span class='ocr_line' id='line_1_107' title="bbox 406 2825 581 2849; baseline 0.006 -2"><span class='ocrx_word' id='word_1_746' title='bbox 406 2825 415 2840; x_wconf 87' lang='lat'><strong>⁷</strong></span> <span class='ocrx_word' id='word_1_747' title='bbox 435 2827 483 2848; x_wconf 75' lang='lat' dir='ltr'>Vat.</span> <span class='ocrx_word' id='word_1_748' title='bbox 501 2825 525 2849; x_wconf 77' lang='lat' dir='ltr'>id</span> <span class='ocrx_word' id='word_1_749' title='bbox 540 2827 581 2848; x_wconf 78' lang='lat' dir='ltr'>est.</span> 
     </span>
    </p>

    <p class='ocr_par' dir='ltr' id='par_1_45' title="bbox 404 2862 1170 2887">
     <span class='ocr_line' id='line_1_108' title="bbox 404 2862 1170 2887; baseline -0.003 0"><span class='ocrx_word' id='word_1_750' title='bbox 404 2865 413 2879; x_wconf 77' lang='lat'><strong>⁸</strong></span> <span class='ocrx_word' id='word_1_751' title='bbox 432 2865 488 2887; x_wconf 70' lang='lat' dir='ltr'>(lod.</span> <span class='ocrx_word' id='word_1_752' title='bbox 505 2866 524 2887; x_wconf 69' lang='lat' dir='ltr'>k</span> <span class='ocrx_word' id='word_1_753' title='bbox 543 2864 667 2887; x_wconf 75' lang='lat' dir='ltr'>rationem.</span> <span class='ocrx_word' id='word_1_754' title='bbox 685 2864 754 2887; x_wconf 76' lang='lat' dir='ltr'>Paulo</span> <span class='ocrx_word' id='word_1_755' title='bbox 771 2868 823 2887; x_wconf 82' lang='lat' dir='ltr'>ante</span> <span class='ocrx_word' id='word_1_756' title='bbox 841 2864 891 2886; x_wconf 69' lang='lat' dir='ltr'>cod.</span> <span class='ocrx_word' id='word_1_757' title='bbox 911 2863 928 2886; x_wconf 81' lang='grc' dir='ltr'>Υ</span> <span class='ocrx_word' id='word_1_758' title='bbox 946 2863 1008 2887; x_wconf 77' lang='lat' dir='ltr'>hanc</span> <span class='ocrx_word' id='word_1_759' title='bbox 1024 2864 1075 2886; x_wconf 82' lang='lat' dir='ltr'>loco</span> <span class='ocrx_word' id='word_1_760' title='bbox 1092 2862 1170 2886; x_wconf 73' lang='lat' dir='ltr'>istam.</span> 
     </span>
    </p>
   </div>
   <div class='ocr_carea' id='block_1_36' title="bbox 1220 194 1225 2890">
    <p class='ocr_par' dir='ltr' id='par_1_46' title="bbox 1220 194 1225 2890">
     <span class='ocr_line' id='line_1_109' title="bbox 1220 194 1225 2890; baseline 0 0"><span class='ocrx_word' id='word_1_761' title='bbox 1220 194 1225 2890; x_wconf 95' lang='lat' dir='ltr'> </span> 
     </span>
    </p>
   </div>
   <div class='ocr_carea' id='block_1_37' title="bbox 1245 2353 2100 2891">
    <p class='ocr_par' dir='ltr' id='par_1_47' title="bbox 1249 2353 2098 2420">
     <span class='ocr_line' id='line_1_110' title="bbox 1312 2353 2098 2382; baseline 0.003 -6"><span class='ocrx_word' id='word_1_762' title='bbox 1312 2353 1321 2367; x_wconf 71' lang='lat'><strong>⁹</strong></span> <span class='ocrx_word' id='word_1_763' title='bbox 1340 2354 1389 2376; x_wconf 78' lang='lat' dir='ltr'>Vat.</span> <span class='ocrx_word' id='word_1_764' title='bbox 1407 2360 1460 2376; x_wconf 86' lang='lat' dir='ltr'>cum</span> <span class='ocrx_word' id='word_1_765' title='bbox 1478 2353 1529 2376; x_wconf 85' lang='lat' dir='ltr'>cod.</span> <span class='ocrx_word' id='word_1_766' title='bbox 1548 2360 1587 2376; x_wconf 76' lang='lat' dir='ltr'>rc.</span> <span class='ocrx_word' id='word_1_767' title='bbox 1606 2354 1655 2375; x_wconf 73' lang='lat' dir='ltr'>aliis</span> <span class='ocrx_word' id='word_1_768' title='bbox 1671 2353 1739 2376; x_wconf 82' lang='lat' dir='ltr'>codd.</span> <span class='ocrx_word' id='word_1_769' title='bbox 1762 2357 1786 2375; x_wconf 69' lang='lat' dir='ltr'>et</span> <span class='ocrx_word' id='word_1_770' title='bbox 1807 2354 1843 2376; x_wconf 83' lang='lat' dir='ltr'>cd.</span> <span class='ocrx_word' id='word_1_771' title='bbox 1875 2355 1879 2376; x_wconf 89' lang='grc'>1</span> <span class='ocrx_word' id='word_1_772' title='bbox 1911 2355 2081 2382; x_wconf 79' lang='lat' dir='ltr'>refragantibus</span> <span class='ocrx_word' id='word_1_773' title='bbox 2093 2374 2098 2382; x_wconf 80' lang='lat'>,</span> 
     </span>
     <span class='ocr_line' id='line_1_111' title="bbox 1249 2392 1471 2420; baseline -0.005 -5"><span class='ocrx_word' id='word_1_774' title='bbox 1249 2392 1299 2415; x_wconf 75' lang='lat' dir='ltr'>ideo</span> <span class='ocrx_word' id='word_1_775' title='bbox 1316 2398 1360 2420; x_wconf 91' lang='lat' dir='ltr'>pro</span> <span class='ocrx_word' id='word_1_776' title='bbox 1378 2392 1471 2415; x_wconf 74' lang='lat' dir='ltr'>locutio.</span> 
     </span>
    </p>

    <p class='ocr_par' dir='ltr' id='par_1_48' title="bbox 1248 2430 2100 2617">
     <span class='ocr_line' id='line_1_112' title="bbox 1312 2430 2098 2461; baseline 0.003 -8"><span class='ocrx_word' id='word_1_777' title='bbox 1312 2430 1331 2445; x_wconf 84' lang='lat'>¹0</span> <span class='ocrx_word' id='word_1_778' title='bbox 1341 2431 1445 2453; x_wconf 77' lang='lat' dir='ltr'>Eandem</span> <span class='ocrx_word' id='word_1_779' title='bbox 1456 2431 1614 2454; x_wconf 81' lang='lat' dir='ltr'>difficultatem</span> <span class='ocrx_word' id='word_1_780' title='bbox 1628 2432 1674 2454; x_wconf 66' lang='lat' dir='ltr'>sere</span> <span class='ocrx_word' id='word_1_781' title='bbox 1686 2431 1770 2454; x_wconf 73' lang='lat' dir='ltr'>eodem</span> <span class='ocrx_word' id='word_1_782' title='bbox 1782 2432 1852 2454; x_wconf 85' lang='lat' dir='ltr'>modo</span> <span class='ocrx_word' id='word_1_783' title='bbox 1864 2432 1958 2455; x_wconf 80' lang='lat' dir='ltr'>solvunt</span> <span class='ocrx_word' id='word_1_784' title='bbox 1969 2432 1992 2454; x_wconf 89' lang='grc' dir='ltr'>Β.</span> <span class='ocrx_word' id='word_1_785' title='bbox 2005 2432 2098 2461; x_wconf 74' lang='lat' dir='ltr'>Alhcrt.,</span> 
     </span>
     <span class='ocr_line' id='line_1_113' title="bbox 1248 2471 2100 2501; baseline 0.004 -9"><span class='ocrx_word' id='word_1_786' title='bbox 1248 2471 1285 2493; x_wconf 76' lang='lat' dir='ltr'>liic</span> <span class='ocrx_word' id='word_1_787' title='bbox 1301 2477 1321 2492; x_wconf 87' lang='lat' dir='ltr'>a.</span> <span class='ocrx_word' id='word_1_788' title='bbox 1339 2471 1360 2492; x_wconf 86' lang='lat'>7.</span> <span class='ocrx_word' id='word_1_789' title='bbox 1377 2483 1409 2487; x_wconf 89' lang='lat'><strong>—</strong></span> <span class='ocrx_word' id='word_1_790' title='bbox 1426 2472 1447 2492; x_wconf 72' lang='lat' dir='ltr'>S.</span> <span class='ocrx_word' id='word_1_791' title='bbox 1467 2471 1549 2493; x_wconf 70' lang='lat' dir='ltr'>Thon).</span> <span class='ocrx_word' id='word_1_792' title='bbox 1561 2489 1566 2498; x_wconf 83' lang='lat'>,</span> <span class='ocrx_word' id='word_1_793' title='bbox 1585 2471 1621 2493; x_wconf 86' lang='lat' dir='ltr'>liic</span> <span class='ocrx_word' id='word_1_794' title='bbox 1639 2477 1660 2499; x_wconf 84' lang='lat' dir='ltr'>q.</span> <span class='ocrx_word' id='word_1_795' title='bbox 1684 2472 1700 2493; x_wconf 91' lang='grc'>1.</span> <span class='ocrx_word' id='word_1_796' title='bbox 1719 2478 1739 2493; x_wconf 80' lang='lat' dir='ltr'>a.</span> <span class='ocrx_word' id='word_1_797' title='bbox 1757 2471 1778 2493; x_wconf 74' lang='grc' dir='ltr'>ὃ.</span> <span class='ocrx_word' id='word_1_798' title='bbox 1796 2483 1828 2488; x_wconf 85' lang='grc'>--</span> <span class='ocrx_word' id='word_1_799' title='bbox 1845 2472 1902 2494; x_wconf 84' lang='lat' dir='ltr'>Pctr.</span> <span class='ocrx_word' id='word_1_800' title='bbox 1929 2479 1941 2494; x_wconf 82' lang='lat' dir='ltr'>a</span> <span class='ocrx_word' id='word_1_801' title='bbox 1967 2472 2036 2501; x_wconf 65' lang='lat' dir='ltr'>Tan,</span> <span class='ocrx_word' id='word_1_802' title='bbox 2063 2473 2100 2495; x_wconf 82' lang='lat' dir='ltr'>hic</span> 
     </span>
     <span class='ocr_line' id='line_1_114' title="bbox 1249 2502 2098 2540; baseline 0.002 -9"><span class='ocrx_word' id='word_1_803' title='bbox 1249 2516 1271 2538; x_wconf 89' lang='lat' dir='ltr'>q.</span> <span class='ocrx_word' id='word_1_804' title='bbox 1293 2509 1310 2531; x_wconf 90' lang='lat' dir='ltr'>l.</span> <span class='ocrx_word' id='word_1_805' title='bbox 1328 2516 1348 2532; x_wconf 87' lang='lat' dir='ltr'>a.</span> <span class='ocrx_word' id='word_1_806' title='bbox 1367 2510 1387 2531; x_wconf 72' lang='lat'>2.</span> <span class='ocrx_word' id='word_1_807' title='bbox 1405 2521 1436 2526; x_wconf 89' lang='lat'>·--</span> <span class='ocrx_word' id='word_1_808' title='bbox 1453 2509 1560 2531; x_wconf 77' lang='lat' dir='ltr'>Ricliard.</span> <span class='ocrx_word' id='word_1_809' title='bbox 1579 2516 1590 2532; x_wconf 85' lang='lat' dir='ltr'>a</span> <span class='ocrx_word' id='word_1_810' title='bbox 1609 2509 1666 2532; x_wconf 77' lang='lat' dir='ltr'>Med.</span> <span class='ocrx_word' id='word_1_811' title='bbox 1678 2528 1683 2538; x_wconf 79' lang='grc'>,</span> <span class='ocrx_word' id='word_1_812' title='bbox 1702 2502 1738 2533; x_wconf 82' lang='lat' dir='ltr'>hic</span> <span class='ocrx_word' id='word_1_813' title='bbox 1755 2517 1777 2539; x_wconf 88' lang='lat' dir='ltr'>q.</span> <span class='ocrx_word' id='word_1_814' title='bbox 1796 2511 1817 2533; x_wconf 84' lang='grc'>3.</span> <span class='ocrx_word' id='word_1_815' title='bbox 1834 2523 1866 2527; x_wconf 90' lang='lat'>-—</span> <span class='ocrx_word' id='word_1_816' title='bbox 1882 2510 1984 2533; x_wconf 83' lang='lat' dir='ltr'>Durand.</span> <span class='ocrx_word' id='word_1_817' title='bbox 1997 2529 2002 2539; x_wconf 74' lang='grc'>,</span> <span class='ocrx_word' id='word_1_818' title='bbox 2021 2512 2059 2533; x_wconf 87' lang='lat' dir='ltr'>hic</span> <span class='ocrx_word' id='word_1_819' title='bbox 2076 2518 2098 2540; x_wconf 94' lang='lat' dir='ltr'>q.</span> 
     </span>
     <span class='ocr_line' id='line_1_115' title="bbox 1249 2548 2097 2578; baseline 0.002 -8"><span class='ocrx_word' id='word_1_820' title='bbox 1249 2549 1269 2570; x_wconf 79' lang='lat'>2.</span> <span class='ocrx_word' id='word_1_821' title='bbox 1287 2560 1319 2565; x_wconf 88' lang='lat'>—-</span> <span class='ocrx_word' id='word_1_822' title='bbox 1334 2549 1428 2576; x_wconf 70' lang='lat' dir='ltr'>Dionys.</span> <span class='ocrx_word' id='word_1_823' title='bbox 1446 2548 1522 2571; x_wconf 82' lang='lat' dir='ltr'>Carth.</span> <span class='ocrx_word' id='word_1_824' title='bbox 1533 2567 1538 2577; x_wconf 81' lang='grc'>,</span> <span class='ocrx_word' id='word_1_825' title='bbox 1557 2549 1594 2571; x_wconf 79' lang='lat' dir='ltr'>liic</span> <span class='ocrx_word' id='word_1_826' title='bbox 1610 2555 1633 2578; x_wconf 88' lang='lat' dir='ltr'>q.</span> <span class='ocrx_word' id='word_1_827' title='bbox 1652 2548 1673 2571; x_wconf 71' lang='lat'>4.</span> <span class='ocrx_word' id='word_1_828' title='bbox 1690 2560 1722 2566; x_wconf 83' lang='lat'>—-</span> <span class='ocrx_word' id='word_1_829' title='bbox 1739 2550 1765 2572; x_wconf 87' lang='lat' dir='ltr'>Et</span> <span class='ocrx_word' id='word_1_830' title='bbox 1781 2549 1883 2572; x_wconf 81' lang='lat' dir='ltr'>breviter</span> <span class='ocrx_word' id='word_1_831' title='bbox 1902 2549 1963 2572; x_wconf 69' lang='lat' dir='ltr'>Alex.</span> <span class='ocrx_word' id='word_1_832' title='bbox 1986 2550 2033 2572; x_wconf 83' lang='lat' dir='ltr'>llal.</span> <span class='ocrx_word' id='word_1_833' title='bbox 2047 2568 2051 2575; x_wconf 83' lang='grc'>,</span> <span class='ocrx_word' id='word_1_834' title='bbox 2075 2551 2097 2572; x_wconf 78' lang='lat' dir='ltr'>S.</span> 
     </span>
     <span class='ocr_line' id='line_1_116' title="bbox 1248 2587 1652 2617; baseline 0 -7"><span class='ocrx_word' id='word_1_835' title='bbox 1248 2594 1270 2616; x_wconf 91' lang='lat' dir='ltr'>p.</span> <span class='ocrx_word' id='word_1_836' title='bbox 1289 2588 1303 2610; x_wconf 91' lang='lat' dir='ltr'>l.</span> <span class='ocrx_word' id='word_1_837' title='bbox 1320 2594 1343 2617; x_wconf 87' lang='lat' dir='ltr'>q.</span> <span class='ocrx_word' id='word_1_838' title='bbox 1361 2587 1398 2610; x_wconf 73' lang='lat'>42.</span> <span class='ocrx_word' id='word_1_839' title='bbox 1417 2594 1447 2610; x_wconf 88' lang='lat' dir='ltr'>m.</span> <span class='ocrx_word' id='word_1_840' title='bbox 1465 2588 1486 2610; x_wconf 69' lang='lat'>3,</span> <span class='ocrx_word' id='word_1_841' title='bbox 1505 2594 1524 2610; x_wconf 89' lang='lat' dir='ltr'>a.</span> <span class='ocrx_word' id='word_1_842' title='bbox 1547 2589 1564 2610; x_wconf 89' lang='grc'>1.</span> <span class='ocrx_word' id='word_1_843' title='bbox 1582 2588 1612 2610; x_wconf 83' lang='lat' dir='ltr'>ad</span> <span class='ocrx_word' id='word_1_844' title='bbox 1631 2589 1652 2610; x_wconf 78' lang='grc' dir='ltr'>Β.</span> 
     </span>
    </p>

    <p class='ocr_par' dir='ltr' id='par_1_49' title="bbox 1311 2626 2098 2657">
     <span class='ocr_line' id='line_1_117' title="bbox 1311 2626 2098 2657; baseline 0.001 -8"><span class='ocrx_word' id='word_1_845' title='bbox 1311 2626 1328 2641; x_wconf 84' lang='lat'>¹¹</span> <span class='ocrx_word' id='word_1_846' title='bbox 1348 2627 1426 2649; x_wconf 80' lang='lat' dir='ltr'>Plures</span> <span class='ocrx_word' id='word_1_847' title='bbox 1442 2626 1511 2649; x_wconf 84' lang='lat' dir='ltr'>codd.</span> <span class='ocrx_word' id='word_1_848' title='bbox 1529 2633 1583 2649; x_wconf 87' lang='lat' dir='ltr'>cnm</span> <span class='ocrx_word' id='word_1_849' title='bbox 1601 2627 1638 2649; x_wconf 85' lang='lat' dir='ltr'>ed.</span> <span class='ocrx_word' id='word_1_850' title='bbox 1653 2628 1661 2649; x_wconf 49' lang='grc' dir='ltr'>Ἰ1</span> <span class='ocrx_word' id='word_1_851' title='bbox 1678 2628 1715 2649; x_wconf 87' lang='lat' dir='ltr'>bic</span> <span class='ocrx_word' id='word_1_852' title='bbox 1731 2631 1754 2650; x_wconf 84' lang='lat' dir='ltr'>ct</span> <span class='ocrx_word' id='word_1_853' title='bbox 1770 2628 1840 2656; x_wconf 83' lang='lat' dir='ltr'>paulo</span> <span class='ocrx_word' id='word_1_854' title='bbox 1858 2628 1915 2650; x_wconf 85' lang='lat' dir='ltr'>inl&#39;ra</span> <span class='ocrx_word' id='word_1_855' title='bbox 1931 2627 2098 2657; x_wconf 68' lang='lat' dir='ltr'>yar-zmdivimz.</span> 
     </span>
    </p>

    <p class='ocr_par' dir='ltr' id='par_1_50' title="bbox 1245 2665 2099 2851">
     <span class='ocr_line' id='line_1_118' title="bbox 1311 2665 2099 2696; baseline 0.003 -8"><span class='ocrx_word' id='word_1_856' title='bbox 1311 2666 1329 2680; x_wconf 70' lang='lat'>¹²</span> <span class='ocrx_word' id='word_1_857' title='bbox 1346 2666 1369 2688; x_wconf 91' lang='lat' dir='ltr'>ln</span> <span class='ocrx_word' id='word_1_858' title='bbox 1387 2665 1438 2688; x_wconf 82' lang='lat' dir='ltr'>cod.</span> <span class='ocrx_word' id='word_1_859' title='bbox 1457 2666 1474 2687; x_wconf 91' lang='lat' dir='ltr'>N</span> <span class='ocrx_word' id='word_1_860' title='bbox 1492 2666 1586 2688; x_wconf 79' lang='lat' dir='ltr'>additur</span> <span class='ocrx_word' id='word_1_861' title='bbox 1602 2672 1760 2689; x_wconf 69' lang='lat' dir='ltr'>communem.</span> <span class='ocrx_word' id='word_1_862' title='bbox 1778 2666 1835 2689; x_wconf 94' lang='lat' dir='ltr'>Cod.</span> <span class='ocrx_word' id='word_1_863' title='bbox 1853 2666 1871 2689; x_wconf 96' lang='grc' dir='ltr'><strong>Ο</strong></span> <span class='ocrx_word' id='word_1_864' title='bbox 1888 2666 2003 2696; x_wconf 62' lang='lat' dir='ltr'>Magister</span> <span class='ocrx_word' id='word_1_865' title='bbox 2019 2667 2099 2690; x_wconf 72' lang='lat' dir='ltr'>tamen</span> 
     </span>
     <span class='ocr_line' id='line_1_119' title="bbox 1245 2705 2099 2735; baseline -0.001 -6"><span class='ocrx_word' id='word_1_866' title='bbox 1245 2705 1332 2735; x_wconf 77' lang='lat' dir='ltr'>potius,</span> <span class='ocrx_word' id='word_1_867' title='bbox 1350 2709 1373 2728; x_wconf 83' lang='lat' dir='ltr'>et</span> <span class='ocrx_word' id='word_1_868' title='bbox 1388 2705 1440 2728; x_wconf 90' lang='lat' dir='ltr'>cod.</span> <span class='ocrx_word' id='word_1_869' title='bbox 1458 2705 1478 2728; x_wconf 81' lang='lat' dir='ltr'>X</span> <span class='ocrx_word' id='word_1_870' title='bbox 1496 2705 1612 2735; x_wconf 62' lang='lat' dir='ltr'>Magister</span> <span class='ocrx_word' id='word_1_871' title='bbox 1627 2705 1690 2728; x_wconf 80' lang='lat' dir='ltr'>enim</span> <span class='ocrx_word' id='word_1_872' title='bbox 1704 2705 1762 2735; x_wconf 78' lang='lat' dir='ltr'>plus</span> <span class='ocrx_word' id='word_1_873' title='bbox 1779 2706 1829 2728; x_wconf 87' lang='lat' dir='ltr'>loco</span> <span class='ocrx_word' id='word_1_874' title='bbox 1856 2705 1932 2735; x_wconf 67' lang='lat' dir='ltr'>magis</span> <span class='ocrx_word' id='word_1_875' title='bbox 1956 2705 2026 2728; x_wconf 77' lang='lat' dir='ltr'>enim.</span> <span class='ocrx_word' id='word_1_876' title='bbox 2050 2705 2099 2728; x_wconf 76' lang='lat' dir='ltr'>Mox</span> 
     </span>
     <span class='ocr_line' id='line_1_120' title="bbox 1246 2743 2094 2773; baseline 0 -6"><span class='ocrx_word' id='word_1_877' title='bbox 1246 2746 1313 2773; x_wconf 82' lang='lat' dir='ltr'>pauci</span> <span class='ocrx_word' id='word_1_878' title='bbox 1331 2745 1399 2767; x_wconf 87' lang='lat' dir='ltr'>codd.</span> <span class='ocrx_word' id='word_1_879' title='bbox 1417 2748 1442 2767; x_wconf 86' lang='lat' dir='ltr'>ut</span> <span class='ocrx_word' id='word_1_880' title='bbox 1459 2744 1479 2766; x_wconf 75' lang='lat' dir='ltr'>X</span> <span class='ocrx_word' id='word_1_881' title='bbox 1498 2744 1530 2767; x_wconf 94' lang='lat' dir='ltr'>dd</span> <span class='ocrx_word' id='word_1_882' title='bbox 1546 2743 1670 2767; x_wconf 78' lang='lat' dir='ltr'>veritatem</span> <span class='ocrx_word' id='word_1_883' title='bbox 1686 2751 1730 2773; x_wconf 85' lang='lat' dir='ltr'>pro</span> <span class='ocrx_word' id='word_1_884' title='bbox 1746 2744 1866 2768; x_wconf 71' lang='lat' dir='ltr'>virtulem.</span> <span class='ocrx_word' id='word_1_885' title='bbox 1883 2756 1915 2761; x_wconf 93' lang='lat'>—</span> <span class='ocrx_word' id='word_1_886' title='bbox 1933 2745 1955 2766; x_wconf 90' lang='lat' dir='ltr'>ln</span> <span class='ocrx_word' id='word_1_887' title='bbox 1981 2745 2094 2767; x_wconf 86' lang='lat' dir='ltr'>solutione</span> 
     </span>
     <span class='ocr_line' id='line_1_121' title="bbox 1246 2783 2093 2811; baseline -0.002 -4"><span class='ocrx_word' id='word_1_888' title='bbox 1246 2785 1315 2807; x_wconf 84' lang='lat' dir='ltr'>huius</span> <span class='ocrx_word' id='word_1_889' title='bbox 1331 2784 1396 2807; x_wconf 89' lang='lat' dir='ltr'>dubii</span> <span class='ocrx_word' id='word_1_890' title='bbox 1412 2784 1558 2806; x_wconf 78' lang='lat' dir='ltr'>consentiunt</span> <span class='ocrx_word' id='word_1_891' title='bbox 1574 2783 1597 2805; x_wconf 88' lang='lat' dir='ltr'>B.</span> <span class='ocrx_word' id='word_1_892' title='bbox 1615 2783 1700 2805; x_wconf 76' lang='lat' dir='ltr'>Albert.</span> <span class='ocrx_word' id='word_1_893' title='bbox 1711 2801 1716 2811; x_wconf 86' lang='lat'><em>‚</em></span> <span class='ocrx_word' id='word_1_894' title='bbox 1735 2784 1771 2806; x_wconf 77' lang='lat' dir='ltr'>liic</span> <span class='ocrx_word' id='word_1_895' title='bbox 1788 2790 1808 2806; x_wconf 85' lang='lat' dir='ltr'>a.</span> <span class='ocrx_word' id='word_1_896' title='bbox 1826 2784 1847 2805; x_wconf 78' lang='grc'>8.</span> <span class='ocrx_word' id='word_1_897' title='bbox 1864 2796 1895 2799; x_wconf 91' lang='lat'>——</span> <span class='ocrx_word' id='word_1_898' title='bbox 1917 2784 1975 2805; x_wconf 70' lang='lat' dir='ltr'>t‘etr.</span> <span class='ocrx_word' id='word_1_899' title='bbox 2000 2789 2011 2804; x_wconf 82' lang='grc' dir='ltr'>ιι</span> <span class='ocrx_word' id='word_1_900' title='bbox 2041 2783 2093 2805; x_wconf 74' lang='lat' dir='ltr'>&#39;1¹ar.</span> 
     </span>
     <span class='ocr_line' id='line_1_122' title="bbox 1245 2823 1751 2851; baseline -0.002 -5"><span class='ocrx_word' id='word_1_901' title='bbox 1245 2827 1268 2846; x_wconf 85' lang='lat' dir='ltr'>et</span> <span class='ocrx_word' id='word_1_902' title='bbox 1284 2823 1391 2846; x_wconf 76' lang='lat' dir='ltr'>llichard.</span> <span class='ocrx_word' id='word_1_903' title='bbox 1408 2830 1420 2846; x_wconf 81' lang='lat' dir='ltr'>a</span> <span class='ocrx_word' id='word_1_904' title='bbox 1439 2823 1512 2850; x_wconf 75' lang='lat' dir='ltr'>Med,</span> <span class='ocrx_word' id='word_1_905' title='bbox 1530 2823 1567 2845; x_wconf 89' lang='lat' dir='ltr'>bic</span> <span class='ocrx_word' id='word_1_906' title='bbox 1584 2823 1606 2845; x_wconf 90' lang='lat' dir='ltr'>in</span> <span class='ocrx_word' id='word_1_907' title='bbox 1624 2829 1702 2851; x_wconf 79' lang='lat' dir='ltr'>expos.</span> <span class='ocrx_word' id='word_1_908' title='bbox 1721 2824 1751 2846; x_wconf 77' lang='lat' dir='ltr'>lit.</span> 
     </span>
    </p>

    <p class='ocr_par' dir='ltr' id='par_1_51' title="bbox 1309 2860 2029 2891">
     <span class='ocr_line' id='line_1_123' title="bbox 1309 2860 2029 2891; baseline -0.001 -7"><span class='ocrx_word' id='word_1_909' title='bbox 1309 2862 1327 2877; x_wconf 76' lang='lat'>¹³</span> <span class='ocrx_word' id='word_1_910' title='bbox 1344 2862 1405 2884; x_wconf 78' lang='lat' dir='ltr'>Multi</span> <span class='ocrx_word' id='word_1_911' title='bbox 1422 2862 1489 2884; x_wconf 75' lang='lat' dir='ltr'>codd.</span> <span class='ocrx_word' id='word_1_912' title='bbox 1508 2866 1531 2885; x_wconf 87' lang='grc' dir='ltr'>ιιι</span> <span class='ocrx_word' id='word_1_913' title='bbox 1549 2862 1704 2884; x_wconf 64' lang='lat' dir='ltr'>,ts&#39;rvwx</span> <span class='ocrx_word' id='word_1_914' title='bbox 1723 2865 1765 2884; x_wconf 81' lang='lat' dir='ltr'>etc.</span> <span class='ocrx_word' id='word_1_915' title='bbox 1783 2867 1829 2891; x_wconf 77' lang='lat' dir='ltr'>quo</span> <span class='ocrx_word' id='word_1_916' title='bbox 1847 2868 1889 2889; x_wconf 88' lang='lat' dir='ltr'>pro</span> <span class='ocrx_word' id='word_1_917' title='bbox 1906 2860 2029 2891; x_wconf 78' lang='lat' dir='ltr'>quomodo.</span> 
     </span>
    </p>
   </div>
   <div class='ocr_carea' id='block_1_38' title="bbox 2224 2777 2253 3317">
    <p class='ocr_par' dir='ltr' id='par_1_52' title="bbox 2224 2777 2253 3317">
     <span class='ocr_line' id='line_1_124' title="bbox 2224 2777 2253 3317; baseline 0 0"><span class='ocrx_word' id='word_1_918' title='bbox 2224 2777 2253 3317; x_wconf 95' lang='lat' dir='ltr'> </span> 
     </span>
    </p>
   </div>
   <div class='ocr_carea' id='block_1_39' title="bbox 2241 2250 2250 2449">
    <p class='ocr_par' dir='ltr' id='par_1_53' title="bbox 2241 2250 2250 2449">
     <span class='ocr_line' id='line_1_125' title="bbox 2247 2250 2250 2311; baseline 0 0"><span class='ocrx_word' id='word_1_919' title='bbox 2247 2250 2250 2311; x_wconf 71' lang='grc' dir='ltr'>ι</span> 
     </span>
     <span class='ocr_line' id='line_1_126' title="bbox 2242 2312 2250 2331; baseline 0.125 -1"><span class='ocrx_word' id='word_1_920' title='bbox 2242 2312 2250 2331; x_wconf 66' lang='grc' dir='ltr'>,ι</span> 
     </span>
     <span class='ocr_line' id='line_1_127' title="bbox 2241 2338 2250 2449; baseline 0 0"><span class='ocrx_word' id='word_1_921' title='bbox 2241 2338 2250 2449; x_wconf 76' lang='lat' dir='ltr'>l</span> 
     </span>
    </p>
   </div>
   <div class='ocr_carea' id='block_1_40' title="bbox 2240 2450 2242 2458">
    <p class='ocr_par' dir='ltr' id='par_1_54' title="bbox 2240 2450 2242 2458">
     <span class='ocr_line' id='line_1_128' title="bbox 2240 2450 2242 2458; baseline 0 0"><span class='ocrx_word' id='word_1_922' title='bbox 2240 2450 2242 2458; x_wconf 87' lang='grc' dir='ltr'>ι</span> 
     </span>
    </p>
   </div>
  </div>
 </body>
</html>
