2253 3317
301 122 336 149 50

300 198 431 234 contingit
454 200 588 226 tractare.
610 196 740 233 quoniam
769 195 860 232 primo
892 194 1024 231 contingit
1053 194 1141 231 ipsam

300 244 429 277 eredere,
452 243 573 271 secundo
601 241 734 270 creditam
768 240 942 277 iutelligyere,
964 241 1046 269 tertio
1068 240 1143 269 intel-

301 291 399 319 lectam
422 290 516 318 elicere
537 290 594 318 sive
616 289 769 317 enuntiare.
786 288 905 317 Credere
927 292 1021 316 autem
1036 291 1078 317 est
1093 296 1143 325 per

300 337 508 369 auctoritatem,
530 335 683 371 intelligere
705 342 755 371 per
783 334 937 368 rationem,
969 335 1062 363 dicere
1093 342 1143 371 per

300 383 463 412 catholicam
484 386 511 411 et
532 381 741 410 rationabilem¹
764 381 940 409 locutionem.
962 381 1026 409 Ideo
1044 381 1143 417 primo

301 430 335 458 de
357 429 416 466 ipsa
447 427 579 456 Trinitate
610 430 637 455 et.
668 427 774 455 Unitate
805 426 1047 463 agit,secund111n
1069 426 1143 463 quod

301 476 448 508 creditam
468 474 592 502 secando
621 474 654 502 de
676 474 744 511 ipsa,
766 474 920 502 seeundum
943 473 1017 510 quod
1039 473 1145 502 credita

302 531 352 560 per
388 522 521 550 rationem
558 521 747 558 intelligitur,
771 520 823 554 ibi,
846 520 1020 549 distinetione
1042 521 1143 549 tertia:

304 569 459 607 Apostolus
480 577 605 606 viamquev
625 568 686 601 ait;
702 568 796 601 tertio,
812 568 967 596 seeundum
989 568 1063 605 quod
1090 575 1146 596 cre-

302 616 356 645 dita
376 619 403 643 et
428 615 565 643 intellecta
583 614 784 643 rationabiliter
806 617 833 642 et
854 613 988 642 catholice
1009 613 1147 650 exprimi-

303 666 360 691 tar.
381 661 460 694 infra,
480 660 653 689 distinctione
673 660 806 696 vigesima
821 660 957 688 secunda:
974 660 1045 687 Post
1062 668 1148 696 prae-

303 708 380 735 dicta
402 706 602 735 ‹iisset-endam
625 706 708 734 uobis
728 705 843 734 videam·
865 706 899 734 (Ie
923 705 1076 733 nominum.
1105 705 1145 733 (Ii-

305 755 445 783 rersitate.
469 755 499 782 Et
521 756 596 791 patet
617 753 693 781 ordo.
717 753 796 782 Prius
817 753 891 782 enim
923 755 950 781 et
980 752 1076 780 verius
1106 754 1147 780 est

304 809 363 830 eam
387 801 501 830 credere
523 808 607 837 quam
630 799 800 836 intelligere;
822 799 903 827 multi
925 799 998 827 enim
1020 798 1147 832 credunt,

304 848 352 885 qui
374 856 427 876 non
450 847 625 883 intelligunt,
647 849 674 874 et
695 846 774 883 prius
789 846 916 874 similiter
938 848 979 874 est
993 845 1148 881 intelligere

305 903 388 932 quam
411 902 537 923 sermone
559 893 727 930 exprimere.

383 941 489 969 Prima
499 948 572 977 pars,
582 939 686 968 scilieet
696 939 851 967 secundum
861 938 935 975 quod
945 938 1079 973 creditur,
1088 946 1149 967 con-

306 990 373 1017 tinet
385 991 558 1025 praesentem
572 986 776 1015 distinctionem
786 997 792 1020 3
808 989 834 1014 et
843 986 974 1023 quoniam
983 987 1098 1015 materia
1108 990 1149 1015 est

307 1034 468 1064 difficillima
479 1057 485 1068 ,
497 1033 596 1070 primo
608 1033 685 1070 ponit
696 1032 812 1060 modum
824 1032 1008 1069 procedendi;
1023 1031 1149 1060 seeundo

306 1088 373 1109 vero
394 1080 568 1116 exsequitur,
584 1079 636 1107 ihi:
656 1078 862 1115 Proponamus
883 1086 951 1115 erqo
967 1078 998 1105 in
1012 1077 1149 1106 mediam.

385 1127 459 1160 Item,
482 1126 571 1163 prima
584 1134 649 1162 pars
660 1125 816 1154 seeundum
832 1125 885 1153 tria
900 1124 1022 1161 capitula
1036 1124 1046 1138 ²
1067 1124 1151 1152 habet

306 1177 363 1202 tres
384 1176 485 1210 partes.
518 1173 546 1200 ln
572 1173 663 1209 prima
693 1172 777 1209 tangit
798 1172 917 1200 modum
940 1171 1066 1208 agendi,
1086 1179 1152 1207 quo-

308 1220 382 1248 niam
405 1219 488 1248 dehet
508 1227 568 1247 esse
590 1226 653 1247 cum
676 1218 827 1253 modestia,
856 1218 955 1246 timore
983 1221 1010 1246 et
1040 1217 1153 1253 diligen-

308 1267 365 1301 tia,
387 1266 568 1303 praemittens
589 1266 753 1299 materiam,
775 1265 849 1293 circa
870 1272 954 1301 quam
969 1271 1052 1301 agere
1067 1264 1153 1292 inten-

309 1315 357 1344 dit.
380 1314 408 1342 ln
430 1313 553 1342 secunda
574 1313 717 1349 subiungit
748 1312 931 1340 intentionem
963 1311 1152 1339 scribentium

309 1361 343 1389 de
365 1359 517 1391 Trinitate,
546 1358 599 1393 ihi,
621 1358 743 1387 secundo
764 1357 899 1394 capitulo:
925 1357 1028 1385 Omnes
1056 1360 1153 1385 autem

311 1406 445 1436 catholici
467 1410 647 1434 tractatores.
670 1405 762 1433 Tertio
791 1405 878 1441 tangit
909 1404 1060 1437 ordinem,
1093 1404 1152 1432 ihi:

313 1454 461 1486 Ceterum,
482 1456 515 1480 rat
536 1452 564 1480 iu
588 1452 662 1480 libro
680 1451 788 1488 primo.

392 1500 493 1528 illodas
515 1498 654 1527 scribendi
676 1498 710 1526 de
732 1498 864 1526 Trinitate
896 1497 978 1526 debet
1005 1505 1066 1525 esse
1097 1497 1156 1525 sun-

313 1548 394 1576 datus
416 1555 501 1583 supra
523 1546 694 1574 intellectum
717 1545 781 1573 fidei
810 1548 836 1573 et
864 1553 928 1573 cum
960 1544 1096 1572 modestia
1128 1547 1156 1572 et

311 1594 411 1622 timore
433 1596 546 1630 propter
568 1591 734 1629 periculum.
758 1590 878 1619 Intentio
907 1590 1088 1619 scribentium
1121 1590 1155 1618 de

982 116 1232 146 SENTENTIARUM
1254 117 1312 145 LIB.
1335 117 1353 145 Ι.

1199 195 1332 223 'l'riuitate
1354 198 1395 223 est
1416 195 1587 229 ostemlere³,
1609 195 1684 231 quod
1705 195 1785 223 Pater
1800 197 1827 222 et
1841 194 1925 223 Filius
1939 197 1966 223 et
1985 195 2041 232 Spi-

1200 242 1270 270 ritus
1292 245 1404 270 sanetus
1426 245 1490 271 suut
1512 245 1568 271 tres
1582 249 1717 279 personae
1732 244 1759 270 et
1774 250 1847 270 unus
1862 242 1944 271 Deus.
1963 242 2040 270 Ordo

1199 288 1338 317 scribendi
1360 291 1420 323 est,
1442 288 1532 325 primo
1561 295 1610 324 per
1632 287 1811 316 auctoritates
1831 287 1977 316 ostendere
1999 295 2042 316 ve-

1199 335 1319 369 ritatem,
1331 334 1431 362 deinde
1446 342 1496 371 per
1511 334 1631 363 rationes
1646 337 1673 362 et
1688 342 1825 370 congruas
1837 333 2041 362 similitudines.

1280 381 1489 417 Proponamus
1500 389 1567 418 eryo
1583 380 1614 408 ivn
1628 380 1764 408 mediam.
1780 380 1849 409 Haec
1863 383 1904 409 est
1915 380 2044 408 secunda

1201 435 1282 464 pars,
1304 427 1331 455 in
1353 435 1408 464 qua
1429 427 1557 463 Magister
1578 426 1792 455 auetoritatibus
1813 433 1908 454 sacrae
1923 426 2044 463 Scriptu-

1201 481 1249 502 rae
1270 473 1387 501 intendit
1414 473 1561 501 ostendere
1583 473 1745 501 Trinitatem
1777 466 1804 501 et
1832 472 1988 507 Unitatem,
2017 474 2044 501 et

1201 520 1333 557 quoniam
1344 519 1353 534 ⁴
1375 527 1454 548 sacra
1474 520 1618 556 Scriptura
1640 519 1723 548 habet
1738 519 1808 548 duas
1823 521 1925 556 partes,
1940 518 2045 548 scilieet

1202 574 1307 595 novum
1328 569 1355 595 et
1381 569 1461 595 vetus
1483 567 1709 600 Testamentum,
1731 566 1793 595 ideo
1814 565 1905 603 primo
1925 564 2046 594 ostendit

1202 613 1254 641 hoc
1276 620 1326 649 per
1347 613 1526 642 auctoritates
1547 612 1649 641 veteris
1670 597 1857 646 Testamenti?
1874 611 1974 641 deinde
1995 619 2045 648 per

1202 659 1381 687 auctoritates
1402 659 1481 693 novi,
1503 658 1555 687 ibi:
1578 658 1664 686 Nune
1688 667 1756 686 vero
1776 658 1856 695 post⁵
1878 657 2042 686 testimonia

1204 707 1254 732 etc.
1271 704 1301 732 Et
1322 704 1454 741 quoniam
1476 708 1557 733 vetus
1578 705 1787 733 Testamentum
1802 704 1873 732 duas
1888 703 1972 732 hahet
1986 711 2048 740 par-

1203 755 1264 787 tes,
1286 752 1390 781 scilicet
1412 753 1509 789 Legem
1532 754 1558 780 et
1586 752 1756 788 Prophetas,
1785 751 1812 779 in
1844 751 1947 788 quihus
1977 750 2047 779 fides

1203 799 1377 836 explicatur,
1399 799 1461 827 ideo
1482 799 1602 828 ostendit
1617 799 1708 836 primo
1722 806 1772 835 per
1787 798 1944 827 testimonia
1959 797 2047 834 Legis,

1205 845 1327 874 seeundo
1347 853 1398 882 per
1413 845 1570 874 testimonia
1583 844 1786 881 Prophetarum
1799 866 1805 878 ,
1826 844 1863 872 ihi
1876 852 1881 869 :
1899 843 1946 871 [lte
1961 843 2048 871 etiam

1205 892 1358 920 mammas
1379 891 1605 928 Proplietarmn.
1627 891 1718 919 Prima
1739 890 1841 919 iterum
1863 898 1937 927 pars,
1952 889 1980 918 in
1994 897 2050 927 qua

1206 939 1306 975 prohat
1337 946 1387 975 per
1418 938 1575 966 testimonia
1602 937 1695 975 Legis,
1727 936 1797 965 duas
1828 935 1912 965 habet
1932 937 2048 972 partes:

1203 984 1302 1021 primo
1324 984 1397 1012 enim
1419 983 1519 1021 prohat
1533 983 1669 1012 essentiae
1683 983 1818 1011 unitatem
1827 993 1834 1016 ς
1849 975 1974 1010 secunao
1988 980 2048 1009 uni-

1206 1034 1289 1059 tatem
1312 1031 1396 1059 simul
1418 1034 1444 1059 et
1466 1031 1633 1065 trinitatem,
1648 1030 1704 1059 ihi:
1721 1030 1925 1058 Personarum
1939 1036 2050 1067 quoque

1203 1078 1413 1115 pluralitatem.
1447 1078 1578 1106 Similiter
1613 1078 1660 1106 illa
1676 1078 1686 1092 ⁶
1720 1077 1754 1106 de
1790 1076 1954 1105 testimoniis
1988 1075 2051 1104 Pro-

1206 1125 1356 1161 phetarum
1378 1124 1462 1153 habet
1477 1124 1565 1152 duas:
1581 1124 1609 1152 in
1624 1123 1715 1160 prima
1729 1123 1829 1160 prohat
1843 1122 1978 1151 essentiae
1992 1121 2052 1149 uni-

1208 1174 1292 1200 tatem
1314 1174 1341 1200 et
1368 1179 1553 1209 personarum
1574 1170 1764 1208 pluralitatem
1786 1170 1812 1198 in
1835 1168 1996 1201 communi;
2023 1168 2052 1196 in

1208 1218 1331 1246 secunda
1352 1225 1419 1246 vero
1441 1211 1469 1245 in
1490 1217 1603 1254 speciali
1624 1216 1744 1245 ostendit
1770 1216 1827 1244 Filii
1846 1214 2053 1252 generationem

1208 1266 1235 1292 et
1256 1264 1375 1301 SpIritus
1397 1264 1484 1292 sancti
1505 1263 1726 1302 processionem,
1748 1263 1803 1291 ihi:
1821 1261 1918 1290 David
1943 1269 2053 1299 quoque

1210 1313 1360 1338 aeternam
1381 1310 1453 1338 Filii
1470 1309 1694 1347 generationem.
1716 1308 1848 1336 Similiter
1869 1307 1916 1336 illa
1931 1314 2009 1344 pars,
2024 1306 2053 1334 in

1210 1364 1265 1393 qua
1286 1356 1385 1393 prohat
1407 1364 1457 1393 per
1477 1356 1656 1384 auctoritates
1677 1355 1741 1383 novi
1764 1354 1947 1388 Testamenti,
1968 1353 2054 1381 hahet

1212 1403 1283 1431 duas
1298 1406 1409 1439 partes:
1427 1402 1518 1439 primo
1533 1402 1606 1430 enim
1621 1401 1721 1438 probat
1736 1408 1786 1438 per
1801 1400 1981 1429 auctoritates
1995 1399 2054 1428 sive

1210 1454 1261 1486 per·
1276 1449 1431 1477 testimonia
1447 1448 1508 1476 Iesu
1522 1448 1624 1476 Christi
1637 1458 1643 1482 ς
1659 1447 1781 1476 secundo
1803 1455 1853 1484 per
1875 1446 2054 1475 auctoritates

1211 1496 1420 1532 Apostolorum,
1442 1495 1497 1523 ihi:
1520 1495 1644 1523 [ommes
1666 1503 1776 1532 quoque.
1804 1494 1836 1522 in
1857 1493 1987 1531 Epistola
2009 1501 2054 1521 ea-

1210 1542 1325 1571 aonica.
1347 1542 1530 1571 Auctoritates
1551 1545 1577 1570 et
1598 1549 1696 1570 earum
1728 1541 1938 1578 explanationes
1959 1543 1985 1569 et
2006 1548 2056 1568 nu-

1212 1597 1307 1618 merus
1328 1592 1355 1618 et
1376 1589 1551 1618 diversitates
1571 1588 1638 1617 satis
1659 1590 1754 1625 patent
1775 1588 1802 1616 in
1823 1587 1923 1616 littera.

959 1674 1143 1703 TRACTATIO
1165 1674 1405 1711 QUAESTIONUM.

314 1765 352 1793 Ad
368 1763 581 1793 declarationem
606 1770 703 1790 eorum
729 1768 799 1798 quae
822 1761 855 1789 de
878 1768 956 1790 sacra
977 1760 1109 1788 Trinitate
1130 1762 1157 1788 et

394 1811 499 1840 Unitate
525 1810 592 1838 dicit
611 1809 754 1845 Magister.
777 1811 897 1845 quatuor
917 1811 1034 1845 possunt
1060 1807 1156 1844 quaeri

393 1858 466 1887 circa
487 1860 595 1894 partem
617 1857 706 1885 istam.

316 1905 419 1934 Primo
451 1904 611 1941 quaeritur,
633 1906 729 1931 utrum
752 1903 779 1930 in
801 1902 858 1930 Deo
881 1902 916 1930 sit
940 1909 1042 1938 ponere
1068 1908 1158 1930 essen-

394 1952 447 1980 tiae
468 1951 526 1979 sive
547 1953 663 1978 naturae
684 1949 828 1977 unitatem.

1214 1759 1360 1793 Secundo,
1380 1762 1477 1787 utrum
1499 1759 1525 1787 in
1548 1759 1604 1787 Deo
1626 1758 1661 1787 sit
1674 1765 1778 1795 ponere
1793 1765 1978 1795 personarum
1996 1757 2057 1794 plu-

1292 1806 1439 1834 ralitatem.

1221 1853 1323 1887 Tertio,
1336 1856 1431 1881 utrum
1442 1853 1468 1881 in
1477 1853 1578 1881 divinis
1586 1852 1712 1889 personis
1724 1852 1758 1881 sit
1769 1859 1872 1889 ponere
1884 1851 2057 1880 infinitatem.

1216 1901 1327 1936 Quarto
1348 1903 1375 1929 et
1396 1901 1510 1934 ultimo,
1532 1903 1628 1928 utrum
1645 1899 1671 1928 in
1694 1900 1795 1928 divinis
1816 1899 1942 1936 personis
1958 1899 1993 1928 sit
2012 1907 2059 1936 po-

1292 1955 1358 1976 nere
1378 1947 1539 1975 trinitatem.

972 2040 1206 2074 ARTICULUS
1231 2039 1391 2076 UNICUS.

722 2128 762 2156 De
784 2127 895 2155 unitate
917 2126 1034 2155 (livinae
1054 2126 1193 2155 essentiae
1213 2129 1239 2153 et
1255 2125 1430 2162 pluralitate
1446 2132 1653 2162 personarum.

1058 2211 1267 2248 QUAEsrio
1298 2211 1316 2239 1.

935 2281 1039 2310 Utrum
1060 2281 1099 2309 sit
1119 2290 1198 2309 unus
1220 2285 1335 2310 temtum
1360 2281 1443 2309 Deus.

400 2356 473 2384 Circa
498 2355 639 2392 primum,
661 2354 736 2391 quod
758 2353 784 2381 in
807 2354 863 2382 Deo
885 2353 920 2382 sit
946 2360 1050 2389 ponere
1075 2359 1165 2380 essen-

184 2403 376 2433 runaamematiae
391 2402 448 2431 sive
464 2406 579 2430 naturae
594 2401 743 2434 unitatem,
758 2400 869 2428 videtur
884 2399 989 2428 ratione
1004 2398 1164 2432 ostensiva,

324 2448 422 2485 triplici
445 2448 539 2476 habita
561 2447 765 2484 suppositione,
786 2454 869 2483 quam
888 2448 996 2482 oportet
1010 2445 1089 2482 poni,
1104 2447 1164 2472 tum

323 2499 437 2532 propter
457 2495 517 2524 eius
531 2494 761 2531 simplicitatem,
776 2496 836 2522 tum
855 2495 970 2530 propter
985 2499 1163 2520 communem

1220 2351 1316 2379 animi
1334 2350 1557 2387 conceptionem,
1579 2357 1650 2386 quae
1671 2352 1728 2383 est,
1750 2350 1825 2386 quod
1849 2349 1923 2378 Deus
1945 2352 1986 2378 est
2006 2357 2061 2386 quo

1221 2398 1312 2427 maius
1333 2397 1484 2434 excogitari
1500 2405 1554 2425 nou
1568 2399 1676 2433 potest,
1692 2399 1752 2438 tum
1768 2396 1873 2425 ratione
1887 2399 1999 2430 status,
2013 2396 2060 2433 qui

1221 2453 1275 2475 ncffl
1297 2448 1338 2473 est
1358 2444 1410 2472 nisi
1432 2444 1459 2471 in
1482 2451 1591 2472 summo
1613 2447 1639 2471 et
1660 2442 1758 2479 primo.

388 2604 395 2618 ¹
413 2604 484 2627 Codd,
502 2604 509 2625 l
527 2610 552 2626 cc
568 2603 716 2626 rationalem.
988 2616 989 2619 κ

388 2643 397 2657 2
416 2643 505 2664 Praeter
522 2642 590 2664 tidem
608 2642 711 2664 omnium
728 2641 795 2663 codd.
813 2643 833 2663 et
851 2641 886 2663 ed.
906 2642 913 2662 l
930 2642 1011 2663 omittit
1023 2641 1072 2663 Vat.
1084 2646 1167 2663 secun-

327 2681 384 2704 dum.
402 2681 448 2703 tria
465 2680 569 2710 capitula
578 2689 587 2709 ;
604 2687 656 2702 mox
674 2682 726 2708 post
739 2679 819 2709 prima
832 2679 894 2702 addit
905 2679 1035 2709 praemisso
1046 2678 1166 2709 prooemio

328 2720 355 2743 de
371 2719 481 2749 mysterio
501 2719 621 2742 Trinitatis
637 2720 660 2741 et
679 2718 792 2746 Uaitalis,
818 2721 839 2740 et
856 2719 913 2741 intra
931 2721 983 2746 post
1005 2717 1118 2741 Trinitate
1137 2717 1169 2740 ibi

329 2759 409 2780 omittit
425 2758 525 2781 serundo
543 2757 651 2787 capitato.

391 2796 400 2811 ³
417 2797 548 2819 Adiecimus
566 2804 592 2819 ex
609 2797 659 2819 cod.
683 2797 689 2818 l
716 2796 850 2824 ostendere,
877 2796 941 2825 quod
965 2802 1019 2818 sane
1045 2795 1169 2818 subintelli-

330 2836 431 2864 gendum
449 2838 489 2857 est.

392 2874 400 2888 ¹¹
418 2875 483 2902 Vah,
502 2875 562 2896 nullo
579 2875 717 2902 suffragante
735 2874 785 2896 cod.
804 2880 844 2895 nec
862 2874 897 2895 ed.
920 2874 924 2895 1
939 2892 944 2901 ‚
962 2873 1086 2896 omittendo
1098 2872 1169 2895 verba

1223 2601 1338 2628 Magistri:
1356 2599 1521 2628 Proponamus
1538 2604 1593 2627 eryo
1619 2598 1644 2620 in
1668 2598 1787 2626 mediam,
1815 2599 2007 2620 constructionem
2031 2604 2065 2620 se-

1223 2639 1313 2667 quentis
1330 2638 1493 2667 propositionis
1510 2637 1602 2659 invertit
1624 2636 1731 2664 ponendo
1750 2636 1864 2659 Similiter
1886 2642 1928 2665 pro
1945 2636 2008 2659 Haec
2031 2637 2065 2659 est

1224 2684 1250 2700 ac
1267 2676 1336 2699 habet
1351 2676 1411 2699 duas
1427 2676 1506 2705 partes
1523 2674 1653 2698 secmzdum
1670 2675 1733 2705 quod
1749 2676 1798 2697 loco
1815 2677 1836 2698 et
1853 2674 1973 2705 quoniam.

1286 2715 1295 2730 ⁵
1313 2715 1384 2738 Codd.
1402 2721 1427 2737 aa
1444 2714 1476 2736 bh
1494 2720 1520 2736 ce
1533 2720 1584 2743 per.

1286 2754 1295 2769 6
1312 2755 1399 2782 Supple
1416 2760 1468 2776 cum
1485 2754 1536 2776 Vat.
1550 2759 1622 2782 pars,
1640 2753 1703 2781 quod
1720 2752 1791 2775 Codd.
1809 2756 1831 2775 et
1852 2753 1888 2775 ed.
1916 2753 1924 2774 1
1951 2753 2063 2774 omittunt.

1225 2794 1293 2816 Paulo
1310 2793 1367 2815 infra
1384 2793 1434 2814 Vat.
1452 2795 1541 2820 praeter
1558 2792 1627 2813 fidem
1645 2798 1700 2814 mss.
1723 2794 1745 2813 et
1769 2791 1805 2813 cd.
1832 2792 1840 2813 Ἰ1
1870 2793 1921 2819 post
1945 2789 2066 2814 communi

1225 2833 1301 2854 minus
1318 2834 1418 2854 correcte
1436 2831 1500 2858 ponit
1516 2829 1624 2853 Setamdo
1641 2836 1695 2853 rrero
1713 2829 1849 2859 specialiter.

1300 2490 1458 2527 Suppositio
1478 2490 1569 2527 prima
1589 2492 1645 2523 est,
1666 2489 1741 2526 quod
1763 2489 1838 2517 Deus
1857 2493 1899 2518 est
1912 2488 2064 2525 simplicis·
2077 2500 2191 2543 Aflg<⁰¹¹¹22¹¹²²

2109 2530 2147 2543 11⁸0ss
2156 2530 2173 2543 ὓ»
