2253 3317
37 1809 108 1827 Solutio
129 1809 154 1827 ad

53 1832 153 1851 hominem.

919 98 1002 126 DIST.
1024 98 1066 127 Vl.
1088 98 1196 127 DUBIA.

179 176 223 205 vel
245 177 386 213 negando,
408 176 489 204 male
502 176 664 212 respondet,
686 176 842 205 secundum
862 175 938 212 quod
959 175 1026 203 dicit

179 223 363 260 Philosophus
375 223 397 250 ¹:
419 230 485 258 ergo
494 245 502 256 ‚
523 225 574 250 etc.

257 269 429 297 RESPONDEo:
445 267 614 302 Dicendum,
629 268 704 305 quod
719 268 891 305 Augustinus
912 275 1025 304 respon-

178 315 225 344 det
245 314 402 343 secundum
423 313 595 342 intellectum
616 314 758 342 haeretici.
780 314 913 350 Quamvis
928 316 1023 342 autem

177 361 265 389 oratio
286 361 314 389 in
329 368 358 389 se
379 360 415 389 sit
435 360 601 397 multiplex,
623 360 689 397 quia
710 363 803 389 tamen
821 360 979 389 haereticus
993 360 1022 388 in

177 415 233 435 uno
247 414 331 435 sensu
352 414 414 435 eam
429 406 543 443 accipit,
565 406 620 434 iam
641 406 833 443 multiplicitas
848 406 895 434 illa
916 414 970 434 non
985 406 1022 434 fa-

176 453 268 481 ceret²
281 453 317 481 ad
332 452 511 487 solvendum,
527 452 593 489 quia
608 460 661 480 non
677 452 803 489 procedit
821 452 977 480 secundum
992 451 1022 479 il-

176 499 240 527 lam.
263 499 316 528 Sed
337 499 478 528 distinctio
492 498 688 536 propositionis
709 498 888 535 multiplicis,
909 498 1021 535 quando

176 546 331 574 secundum
352 545 430 573 illam
451 545 687 582 multiplicitatem
708 553 763 573 non
785 545 859 573 cadit
880 545 1021 581 decepti0,

174 592 263 629 magis
284 595 326 621 est
346 592 382 620 ad
403 591 614 620 ostentationem
636 599 721 628 quam
742 591 777 619 ad
793 599 889 620 veram
911 598 1022 627 respon-

175 638 290 667 sionem.

539 731 606 759 Due.
629 731 658 759 II.

252 823 319 852 Item
340 824 487 860 quaeritur
515 824 549 853 de
571 824 623 853 1100
647 823 722 861 quod
737 823 851 853 dicitur:
867 824 1020 859 Dicamus,

179 870 302 898 Verbum
317 870 370 898 Dei
383 879 442 898 esse
457 870 568 899 Filium
582 870 637 899 Dei
649 874 773 904 natura,
791 879 850 899 non
863 871 1020 899 voluntate.

172 916 290 946 Videtur
311 917 386 946 enim
408 917 478 946 hene
493 917 601 952 dicere,
623 917 689 954 quia
707 917 787 946 Pater
800 918 855 946 alio
876 921 917 947 est
932 918 1019 953 Deus,

171 963 225 992 alio
246 965 288 992 est
308 963 397 997 Pater,
418 963 484 1001 quia
505 964 607 992 deitate
628 966 670 992 est
694 964 784 999 Deus,
806 967 834 992 et
853 964 1019 1001 paternitate

170 1011 213 1038 est
233 1009 321 1044 Pater,
341 1012 374 1038 ut
394 1010 461 1039 dicit
481 1009 652 1047 Augustinus
662 1010 680 1037 ³.
702 1010 755 1039 Sed
777 1010 861 1039 Filius
882 1013 924 1039 est
944 1010 1019 1040 Deus

170 1058 271 1084 natura
299 1056 423 1085 deitatis:
453 1064 520 1093 ergo
541 1057 593 1085 hac
620 1065 675 1085 non
704 1057 813 1086 dicetur
841 1057 940 1092 Filius,
969 1057 1018 1086 sed

170 1102 230 1139 ipsa
251 1102 392 1131 filiatione.

247 1149 421 1178 Responnsso:
438 1150 607 1185 Dicendum,
622 1150 698 1187 quod
713 1151 760 1180 ille
773 1151 914 1180 ablativus
927 1154 1019 1188 potest

169 1195 292 1224 construi
307 1196 476 1231 formaliter3
498 1199 524 1225 et
539 1196 578 1225 sic
598 1197 668 1225 falsa
686 1200 742 1231 est,
764 1197 830 1234 quia
849 1196 1018 1234 formaliter

168 1241 223 1269 alio
243 1244 286 1270 est
306 1241 396 1276 Deus,
418 1242 522 1271 scilicet
543 1245 659 1277 natura,
681 1245 708 1272 et
729 1243 783 1272 alio
799 1243 883 1272 Filius
895 1243 912 1271 ⁴.
927 1244 1018 1272 Potest

168 1287 270 1316 iterum
292 1288 415 1317 construi
437 1289 622 1326 originaliter
644 1292 671 1318 et
692 1289 719 1317 10
741 1289 847 1318 ratione
872 1289 1017 1327 principii;

167 1337 195 1362 et
216 1334 255 1363 sic
283 1342 350 1363 vera
371 1337 428 1369 est,
457 1338 484 1363 et
504 1338 546 1364 est
573 1343 688 1370 sensus,
710 1336 785 1373 quod
815 1336 898 1365 Filius
922 1339 1016 1364 ortum

167 1380 252 1409 hahet
272 1389 289 1409 a
310 1381 389 1409 Patre
410 1382 583 1410 naturaliter.

532 1475 598 1503 ΗΠΒ,
621 1475 661 1503 Ill.

245 1567 311 1596 Item
326 1568 472 1604 quaeritur
493 1568 528 1597 de
543 1569 595 1597 hoc
610 1568 685 1605 quod
701 1568 815 1597 dicitur:
838 1569 931 1597 Acuca
944 1577 1016 1597 sam

166 1614 288 1652 quidam
302 1615 465 1652 respondit,
477 1614 543 1652 quia
557 1615 728 1652 Augustinus
743 1616 919 1644 commendat
934 1616 1015 1644 istam

166 1660 341 1694 solutionem,
363 1668 434 1697 quae
462 1669 516 1689 non
537 1664 579 1690 est
600 1661 829 1695 commendanda,
855 1662 921 1699 quia
946 1662 1016 1690 mul-

168 1707 292 1744 tiplicare
314 1707 510 1736 inconveniens
532 1716 587 1736 non
608 1710 650 1737 est
671 1708 779 1737 solvere
791 1708 808 1736 ⁵.

246 1754 419 1783 RESPONnEo:
441 1754 611 1789 Dicendum,
632 1755 708 1791 quod
729 1758 771 1783 est
792 1755 893 1783 solutio
907 1755 949 1783 ad
969 1754 1015 1783 lio-

167 1800 275 1828 minem
295 1804 322 1829 et
342 1804 384 1829 est
405 1801 506 1829 solutio
527 1801 569 1829 ad
589 1801 790 1835 orationem⁶;
815 1805 842 1830 et
862 1801 1013 1838 aliquando

168 1847 267 1876 melius
288 1850 315 1876 et
335 1847 433 1876 utilius
454 1850 496 1876 est
517 1848 626 1876 solvere
647 1848 682 1876 ad
704 1848 845 1877 hominem
871 1856 956 1885 quam
977 1849 1013 1877 ad

166 1893 331 1928 orationem,
352 1897 385 1922 ut
405 1896 486 1931 puta,
507 1894 620 1931 quando
640 1895 813 1931 respondens
828 1897 869 1924 est
890 1895 1013 1924 discolus

166 1942 193 1968 et
207 1948 262 1968 non
284 1940 344 1968 vult
366 1940 520 1977 intelligere
535 1940 696 1976 veritatem,
718 1944 745 1970 et
759 1941 872 1978 quando
886 1942 1013 1970 assisten—

166 1988 207 2014 tes
228 1989 293 2014 sunt
314 1986 454 2023 simplices
481 1989 508 2015 et
530 1995 585 2015 non
607 1990 724 2024 possunt
743 1994 844 2024 capere
866 1987 1012 2016 veritatem

229 2110 235 2124 ¹
252 2110 314 2132 Libr.
331 2111 354 2132 Il.
372 2111 463 2133 Elench.
476 2117 496 2133 c.
509 2112 530 2133 2.
548 2112 577 2139 (c.
591 2112 635 2140 17.)
655 2113 716 2134 iuxta
728 2112 898 2135 translationem
911 2113 1011 2135 Boethii:

164 2148 320 2175 Manifestum,
338 2150 447 2177 quoniam
464 2149 519 2171 nulli
536 2156 617 2171 eorum
642 2156 702 2178 quae
727 2151 853 2179 aequivoca
874 2154 938 2179 sunt,
956 2157 1010 2173 con-

164 2187 227 2209 venit
242 2187 384 2215 respondere
401 2188 542 2215 simpliciter.

227 2226 237 2240 ²
253 2226 358 2248 Nonnulli
375 2226 442 2248 codd.
461 2230 485 2249 ut
500 2227 595 2249 ARTU
611 2226 700 2256 fuerat.

226 2264 236 2279 ³
252 2265 313 2287 Libr.
330 2265 375 2287 Vll.
393 2265 422 2287 de
440 2266 501 2287 Trin.
519 2272 539 2288 c.
558 2266 578 2288 1.
595 2272 616 2288 0.
636 2267 656 2288 I.
674 2269 696 2288 et
713 2272 732 2289 0.
753 2267 774 2288 6.
793 2273 814 2289 n.
834 2267 868 2289 II.
890 2269 912 2289 et
935 2267 1007 2289 Serm.

165 2304 185 2325 ›l.
198 2304 220 2325 in
238 2304 320 2326 Psalm.
334 2304 371 2325 68.
390 2310 410 2326 n.
429 2304 450 2332 5,
469 2304 508 2326 ubi
526 2305 687 2327 sententialiter
704 2305 808 2328 habetur.
826 2305 871 2328 Csr.
888 2306 946 2328 infra
963 2306 1008 2328 Ma-

164 2342 248 2370 gister,
265 2342 288 2364 d.
306 2342 407 2364 XXXIII.
424 2343 447 2364 in
464 2342 515 2365 fine.
532 2354 564 2359 -—-
580 2342 744 2365 Substituimus
760 2343 806 2366 fide
823 2350 877 2366 mss.
898 2346 920 2366 et
936 2344 973 2366 ed.
995 2344 1002 2366 1

163 2379 199 2402 bis
216 2380 298 2403 deitate
316 2381 365 2403 loco
382 2380 522 2409 divinitatis,
542 2381 605 2410 quod
622 2385 644 2404 ct
661 2383 735 2409 magis
747 2383 912 2410 correspondet
929 2383 1008 2405 verbis

164 2419 284 2446 Augustini
301 2420 322 2441 10
340 2419 382 2441 100.
400 2420 436 2442 cit.
453 2422 475 2441 et
492 2420 562 2442 modo
578 2420 687 2449 loquendi
705 2421 836 2449 Seraphim,
854 2421 883 2443 de
895 2428 942 2450 quo
954 2421 1008 2443 vido

164 2458 221 2480 intra
239 2458 261 2480 d.
283 2458 316 2480 15.
334 2464 356 2486 p.
374 2458 398 2480 ll.
415 2458 470 2480 dub.
490 2459 510 2480 6.

227 2495 236 2510 ⁴
254 2496 309 2518 Cod.
328 2497 348 2518 X
365 2496 428 2519 addit
444 2496 531 2520 scilicet
547 2496 675 2527 filiatione,
704 2504 763 2527 quac
788 2498 859 2520 verba
886 2505 897 2520 a
923 2499 974 2521 cod.
1000 2500 1006 2520 l

165 2541 209 2556 non
226 2535 279 2562 hic,
298 2535 339 2557 sed
356 2535 425 2563 paulo
441 2536 499 2557 infra
516 2538 568 2563 post
583 2542 666 2559 sensus
683 2536 828 2559 adiiciuntur.
847 2537 896 2558 Mox
912 2543 938 2559 ex
951 2538 1007 2559 mul-

164 2573 192 2594 tis
209 2579 263 2594 mss.
281 2576 306 2595 ut
322 2573 338 2594 A
349 2574 366 2595 G
374 2573 520 2595 IIKSTYZ
542 2576 584 2596 etc.
601 2578 623 2596 et
640 2574 676 2596 ed.
695 2575 703 2596 1
733 2575 854 2602 posuimus
878 2575 942 2604 quod
957 2576 1006 2598 loco

165 2610 228 2640 quia.
244 2622 276 2627 —
292 2611 358 2633 Plura
375 2611 403 2633 de
420 2612 463 2633 hoc
479 2611 551 2634 dubio
568 2612 622 2634 vide
639 2619 708 2640 supra
726 2620 748 2642 q.
773 2614 793 2635 2.
811 2616 833 2635 et
854 2614 910 2635 infra
928 2614 951 2636 d.
969 2614 1005 2636 33.

165 2656 187 2678 q.
206 2650 226 2672 2.
243 2652 266 2672 01
282 2650 337 2672 duh.
356 2649 377 2672 4.
394 2662 425 2666 —
442 2651 463 2672 S.
482 2651 579 2679 Thorn.⁷
603 2652 638 2673 hic
655 2658 677 2680 q.
706 2652 724 2674 1.
748 2658 768 2674 a.
786 2652 806 2674 3.
829 2664 861 2669 —
886 2653 1005 2681 Ricliard.‚

166 2689 202 2710 hic
219 2695 241 2717 q.
260 2688 280 2710 3.

227 2725 237 2740 ⁵
253 2725 298 2748 Crr.
315 2727 420 2754 Aristot,
438 2727 490 2748 VIII.
509 2727 589 2755 Topic.
606 2733 625 2749 c.
645 2727 664 2749 4.
683 2728 704 2749 in
722 2729 794 2756 princ.
809 2728 838 2756 (c.
851 2729 882 2756 8.)
893 2740 925 2745 —
936 2729 1005 2751 Paulo

165 2768 215 2786 ante
232 2765 311 2792 plures
327 2765 395 2787 codd.
413 2765 454 2787 SV
464 2766 544 2788 WXY
560 2766 593 2788 dd
610 2772 663 2788 cum
681 2766 717 2788 ed.
738 2767 744 2788 1
766 2766 860 2789 videtur
876 2768 926 2789 loco
943 2769 983 2790 est.

226 2802 236 2816 ⁶
254 2803 303 2824 Vat.
315 2803 403 2832 absque
415 2805 547 2826 auctoritate
559 2810 613 2826 mss.
626 2807 647 2826 et
663 2811 702 2826 sex
719 2806 847 2832 primarum
864 2805 917 2827 cdd.
936 2806 972 2828 hic
983 2809 1005 2828 et

164 2841 233 2868 paulo
250 2841 307 2863 infra
325 2845 358 2863 ter
375 2841 491 2864 rationem
503 2848 546 2870 pro
558 2842 696 2865 orationem.
710 2843 755 2866 Ct'r.
768 2844 865 2871 Ariston,
879 2844 900 2865 11.
914 2844 1004 2867 Ε100011.

1874 99 1920 128 131

1081 177 1109 204 01
1123 174 1313 203 subtilitatem.
1329 175 1392 204 Ideo
1407 176 1472 212 quia
1487 176 1643 205 haereticus
1655 177 1798 205 veritatem
1815 184 1929 214 respue-

1080 221 1128 249 hat
1148 223 1176 249 et
1202 221 1419 256 adversabatur,
1440 222 1544 251 idcirco
1568 223 1727 251 adversanti
1748 226 1808 251 erat
1832 223 1930 252 adver-

1081 267 1215 301 sandum,
1238 270 1265 295 et
1286 267 1333 295 tali
1354 268 1451 302 modo,
1473 277 1528 305 quo
1550 269 1637 305 magis
1658 269 1819 306 privaretur
1840 269 1930 306 gloria

1079 316 1106 342 et
1127 313 1287 342 assistentes
1306 313 1422 342 fallacia.
1445 314 1508 343 Ideo
1523 315 1699 343 commendat
1720 316 1801 344 istam
1816 323 1928 352 respon-

1080 359 1185 387 sionem
1201 359 1384 396 Augustinus,
1406 361 1489 396 quia⁷
1510 361 1654 390 manifeste
1676 364 1860 398 opponentem
1877 370 1927 390 sua

1080 405 1242 442 quaestione
1274 405 1378 442 ligavit.
1410 406 1487 435 Hunc
1518 407 1634 435 modum
1665 408 1851 444 respondendi
1883 408 1929 436 do-

1080 452 1138 480 cuit
1158 451 1293 480 Dominus
1314 452 1443 481 Matthaei
1466 453 1599 489 vigesimo
1621 454 1747 490 11110103,
1770 454 1818 482 uhi
1840 455 1926 483 dixit:

1080 498 1251 534 Baptismus
1273 498 1394 526 Ioannis
1416 498 1449 526 de
1470 499 1548 527 caelo
1577 503 1656 533 crat,
1679 509 1719 527 (ιη
1746 509 1780 528 ea:
1806 500 1926 529 homini-

1080 544 1133 572 bus
1148 547 1198 573 etc.
1479 550 1483 553 ’

1150 590 1217 619 Item
1232 591 1388 627 quaeritur,
1399 598 1464 619 cum
1479 599 1533 619 non
1549 592 1584 619 sit
1598 600 1764 629 responsum
1779 594 1815 622 ad
1830 594 1928 623 oratio-

1078 644 1158 671 nem,
1190 637 1329 673 quomodo
1361 637 1588 674 respondendum
1614 638 1656 667 sit.
1676 639 1792 668 Videtur
1824 640 1926 675 enim⁹²
1940 643 2067 686 ass'iffiffie

1078 684 1154 720 quod
1174 683 1274 712 divisio
1295 684 1428 712 haeretici
1450 684 1485 713 sit
1505 692 1556 721 per
1577 684 1753 720 immediata,
1775 686 1841 723 quia
1859 686 1925 715 velle
1938 689 2018 709 direm-

1078 734 1105 758 et
1125 730 1198 758 nolle
1218 733 1400 767 opponuntur
1427 731 1656 766 contradictorie,
1677 732 1750 760 inter
1778 740 1849 769 quae
1869 741 1923 761 non

1078 776 1151 805 cadit
1176 777 1309 805 medium.
1325 777 1357 805 Et
1375 777 1526 806 dicendum
1540 777 1576 806 ad
1591 777 1658 812 hoc,
1677 778 1752 815 quod
1767 779 1924 808 haereticus

1077 823 1187 860 quaerit
1214 823 1265 852 hoc
1287 823 1322 852 de
1343 823 1486 852 voluntate
1510 824 1659 852 accedente
1680 824 1739 853 sive
1763 825 1797 854 de
1818 828 1924 854 antece-

1077 869 1174 903 dente;
1189 872 1216 898 et
1231 872 1297 898 tunc
1311 872 1412 898 neutra
1425 878 1492 907 pars
1506 873 1548 899 est
1562 879 1637 905 vera,
1651 879 1702 900 nec
1717 874 1782 899 sunt
1796 872 1923 900 membra

1076 915 1202 952 opposita
1217 916 1445 951 contradictorie,
1467 917 1516 945 sed
1543 917 1690 946 contrarie.
1711 917 1788 946 Nolle
1808 918 1882 946 enim
1896 922 1923 947 et

1076 962 1148 991 velle
1169 962 1265 991 dicunt
1286 966 1364 992 actus
1390 963 1541 993 voluntatis
1560 964 1730 999 contrarios,
1755 965 1827 993 inter
1852 973 1922 1002 quos

1076 1009 1149 1038 cadit
1168 1009 1303 1038 medIum.
1325 1010 1435 1047 Aliquid
1456 1010 1530 1039 enim
1549 1014 1605 1046 est,
1627 1014 1757 1048 respectu
1778 1012 1858 1040 cuius
1879 1020 1923 1040 vo-

1076 1055 1168 1084 luntas
1183 1063 1233 1084 nec
1244 1055 1263 1070 ¹⁰
1277 1056 1361 1084 habet
1375 1056 1510 1085 rationem
1526 1065 1626 1086 causae
1641 1066 1690 1086 nec
1706 1058 1922 1094 repugnantiae;

1075 1104 1102 1130 et
1122 1102 1160 1130 ita
1181 1105 1256 1139 patet
1277 1101 1356 1130 illud.

1432 1197 1498 1225 Due.
1522 1197 1563 1225 IV.

1153 1289 1221 1318 Item
1243 1289 1390 1326 quaeritur
1411 1289 1446 1319 de
1468 1291 1606 1320 solutione
1634 1292 1764 1328 Magistri.
1802 1292 1920 1320 Videtur

1074 1335 1149 1363 enim
1179 1335 1282 1364 falsum
1311 1336 1423 1371 dicere,
1455 1345 1520 1365 cum
1554 1338 1635 1366 dicit:
1658 1338 1787 1367 Sciencict
1816 1339 1869 1367 Dei
1895 1343 1922 1367 et

1070 1382 1270 1418 praescientia
1301 1382 1335 1410 (le
1364 1382 1445 1411 bonis
1476 1387 1502 1411 et
1530 1383 1618 1411 vitalis
1655 1388 1704 1412 est.
1739 1385 1810 1413 Dicit
1845 1385 1919 1413 001111

1074 1428 1170 1457 Glossa
1184 1436 1270 1466 super
1285 1429 1356 1458 illud
1371 1429 1472 1458 Psalmi
1482 1430 1514 1458 ¹¹:
1532 1430 1612 1466 Quae
1626 1430 1819 1468 ‘lynci-alumi⁹
1834 1431 1919 1459 inter-

1073 1475 1219 1512 rogabant
1239 1484 1284 1503 me
1305 1479 1371 1504 etc.:
1395 1477 1467 1505 «Ars
1489 1477 1576 1505 nescit
1597 1477 1697 1506 vitium
1709 1488 1737 1512 »3
1756 1478 1848 1506 sedin
1862 1478 1919 1506 Deo

1073 1524 1115 1550 est
1134 1529 1181 1550 ars
1202 1522 1321 1557 artium,
1343 1530 1409 1559 ergo
1430 1526 1481 1552 010.
1505 1523 1538 1552 Si
1558 1523 1658 1558 dicas,
1677 1524 1752 1561 quod
1767 1525 1855 1553 nescit
1868 1532 1919 1562 per

1073 1568 1190 1596 modum
1211 1569 1381 1605 practicum,
1403 1569 1452 1598 sed
1475 1570 1526 1598 scit
1547 1578 1598 1607 per
1623 1571 1739 1599 modum
1754 1571 1919 1608 speculatio-

1073 1615 1115 1644 nis
1130 1615 1167 1650 ¹²3
1189 1619 1313 1644 contra:
1335 1616 1427 1645 solum
1449 1617 1519 1645 illud
1542 1617 1593 1646 5011
1614 1617 1666 1646 hoc
1687 1618 1778 1652 modo,
1794 1618 1869 1655 quod
1890 1618 1917 1646 in

1072 1669 1105 1690 eo
1127 1662 1249 1697 relucet3
1270 1662 1318 1691 sed
1340 1662 1368 1691 in
1389 1662 1446 1692 Deo
1468 1671 1522 1692 non
1537 1664 1664 1693 relucent
1678 1664 1767 1693 mala:
1784 1672 1851 1702 ergo
1865 1668 1915 1694 etc.

1149 1708 1232 1742 Item,
1254 1717 1309 1737 non
1330 1709 1442 1738 videtur
1457 1710 1586 1747 Magister
1598 1710 1706 1739 solvere
1721 1711 1756 1739 ad
1772 1718 1920 1748 argumen-

1073 1757 1147 1789 tum;
1170 1755 1356 1792 multiplicare
1377 1756 1451 1784 enim
1466 1756 1663 1785 inconveniens
1674 1765 1727 1785 non
1743 1760 1784 1786 est
1798 1757 1916 1786 solvere.

1150 1801 1327 1830 RESPONDEoz
1350 1802 1524 1837 Dicendum,
1546 1803 1639 1839 quod,
1662 1803 1733 1832 sicut
1754 1803 1826 1831 infra
1846 1803 1917 1832 dice·
1945 1801 1947 1804 ’

1070 1850 1118 1875 101·
1133 1847 1161 1881 ¹³,
1182 1847 1257 1876 Deus
1278 1848 1418 1885 cognoscit
1440 1849 1513 1877 mala
1534 1857 1585 1886 per
1607 1857 1636 1878 se
1650 1850 1762 1887 ipsum,
1784 1851 1856 1879 sicut
1877 1859 1918 1879 re-

1071 1896 1147 1922 ctum
1169 1894 1274 1923 iudicat
1295 1894 1329 1923 de
1361 1895 1475 1932 obliquo
1503 1898 1530 1924 et
1556 1895 1607 1924 lux
1638 1896 1673 1925 de
1704 1897 1834 1929 tenebra3
1865 1905 1915 1926 1100

1070 1943 1194 1977 oportet,
1216 1941 1291 1977 quod
1313 1941 1341 1969 in
1362 1941 1419 1970 Deo
1441 1941 1533 1970 luceat
1561 1942 1684 1976 malum,
1716 1943 1763 1972 sed
1796 1943 1914 1979 sufficit,

1070 1986 1145 2023 quod
1168 1986 1258 2015 luceat
1280 1987 1307 2015 in
1329 1995 1361 2016 eo
1382 1987 1449 2015 mali
1470 1988 1639 2024 oppositum.

1067 2118 1086 2135 c.
1105 2112 1126 2134 3.
1144 2111 1173 2140 (c.
1192 2112 1247 2140 22),
1265 2112 1305 2134 uhi
1322 2112 1452 2134 secundum
1476 2113 1647 2135 translationem
1673 2114 1777 2142 Boethii,
1803 2115 1842 2143 qui
1869 2116 1919 2143 pro*

1066 2149 1138 2179 λόγος
1154 2156 1248 2178 semper
1265 2152 1329 2178 ponit
1346 2151 1438 2179 oratio,
1458 2152 1491 2173 sic
1516 2151 1629 2174 habetur:
1655 2152 1681 2174 Hi
1706 2159 1788 2175 omncs
1813 2160 1857 2175 non
1883 2154 1912 2176 ad

1065 2190 1208 2217 orationem,
1226 2189 1267 2211 sed
1284 2190 1314 2212 ad
1331 2191 1448 2212 hominem
1466 2191 1565 2212 solvunt.

1127 2227 1137 2242 ⁷
1154 2228 1204 2250 Vat.
1223 2231 1300 2250 contra
1318 2228 1431 2256 plurimos
1449 2229 1516 2251 codd.
1534 2232 1556 2251 et
1572 2229 1608 2252 ed.
1631 2230 1636 2251 1
1659 2230 1722 2259 quod
1739 2237 1781 2258 pro
1806 2231 1871 2260 quia,
1890 2235 1911 2254 ct

1065 2266 1135 2295 paulo
1152 2267 1211 2289 infra
1228 2271 1280 2295 post
1297 2267 1365 2290 Hunc
1382 2268 1442 2290 male
1459 2268 1523 2290 addit
1539 2274 1602 2298 erqo.

1127 2305 1137 2320 ⁸
1154 2306 1219 2328 Vers.
1239 2306 1275 2328 25.
1292 2318 1323 2322 —
1341 2306 1390 2328 Vat.
1408 2311 1499 2334 praeter
1516 2307 1586 2329 fidem
1604 2314 1658 2330 mss.
1676 2314 1731 2331 cum
1749 2315 1792 2336 pro
1811 2308 1857 2331 ubi.

1127 2345 1136 2359 ⁰
1154 2345 1320 2373 Supplex-imus
1338 2352 1364 2368 ex
1381 2352 1436 2368 mss.
1454 2350 1476 2368 01
1493 2346 1546 2368 edd.
1569 2347 1591 2373 Ι,
1610 2348 1622 2369 6
1640 2347 1709 2375 enim,
1727 2351 1749 2370 et
1767 2349 1836 2376 paulo
1853 2349 1911 2371 infru

1065 2386 1118 2411 post
1134 2384 1227 2413 quaerit
1244 2384 1377 2407 addidimus
1394 2384 1444 2408 hoc.

1127 2422 1146 2436 ¹⁰
1164 2423 1214 2445 Vat.
1232 2429 1285 2445 cum
1303 2429 1349 2445 uno
1366 2423 1467 2445 alterove
1485 2423 1536 2446 cod.
1554 2430 1609 2447 non.

1128 2460 1146 2475 ¹¹
1165 2460 1206 2489 34,
1226 2461 1261 2483 11.
1279 2461 1358 2484 Glossa
1376 2462 1473 2484 interlin.
1491 2469 1517 2485 ex
1540 2463 1668 2491 Augustino
1690 2464 1752 2491 apud
1775 2465 1908 2492 Lyranum:

1063 2499 1126 2521 Sicut
1141 2505 1179 2521 ars
1196 2500 1278 2521 vitium
1288 2518 1293 2527 ,
1312 2500 1375 2528 quod
1393 2506 1434 2528 per
1451 2503 1524 2522 artem
1542 2502 1660 2529 cognitum
1673 2502 1794 2524 devitatur.
1806 2515 1838 2519 —
1849 2503 1907 2525 Vide

1063 2536 1160 2564 August.
1178 2538 1200 2558 in
1218 2538 1278 2559 hunc
1296 2538 1377 2559 Psalm.
1396 2539 1468 2560 Scrm.
1487 2540 1507 2560 2.
1525 2545 1546 2561 n.
1561 2540 1581 2561 2.
1593 2540 1705 2562 —l‘ssulo
1723 2541 1779 2562 infru
1803 2544 1855 2569 post
1871 2547 1908 2564 ar-

1063 2575 1122 2597 tium
1140 2575 1191 2597 cod.
1209 2576 1227 2597 G
1245 2576 1308 2598 addit
1324 2577 1346 2598 et
1361 2576 1459 2600 sciencia
1476 2577 1638 2601 scientiar-um.

1126 2614 1144 2628 ¹²
1162 2614 1273 2642 Corrupta
1291 2615 1356 2637 lectio
1374 2616 1424 2637 Vat.
1436 2619 1458 2638 et
1471 2616 1539 2639 codd.
1557 2616 1599 2639 sed
1608 2617 1774 2646 speculationis
1785 2619 1909 2640 resarcitur

1062 2658 1088 2674 cx
1106 2653 1156 2675 cod.
1175 2653 1208 2681 Χ,
1227 2654 1266 2681 qui
1285 2657 1336 2681 post
1352 2653 1393 2676 scd
1409 2654 1472 2677 addit
1489 2654 1532 2678 scil
1545 2661 1591 2684 per
1607 2655 1711 2678 modum.

1125 2690 1144 2705 ¹³
1161 2691 1216 2713 Dist.
1235 2692 1271 2713 39.
1290 2698 1309 2713 a.
1332 2693 1349 2714 l.
1367 2699 1389 2721 q.
1411 2693 1428 2714 1.
1446 2696 1467 2715 01
1485 2694 1505 2715 2.
1522 2705 1554 2710 -—
1571 2694 1621 2716 Vat.
1639 2695 1675 2717 1110
1697 2694 1784 2718 dicitur
1807 2696 1856 2717 loco
1874 2695 1904 2718 di-

1062 2730 1136 2754 cetur.
1153 2733 1175 2751 ct
1192 2731 1260 2757 paulo
1278 2731 1335 2752 infra
1353 2734 1405 2758 post
1421 2732 1540 2761 coynoscit
1556 2733 1619 2755 addit
1642 2732 1702 2756 bona
1719 2733 1742 2755 ἰη
1760 2740 1784 2756 se
1801 2734 1851 2763 ipso
1868 2736 1903 2757 el.

1062 2773 1107 2789 non
1125 2768 1219 2796 quidem
1238 2768 1308 2796 falso,
1326 2769 1367 2790 scd
1384 2772 1462 2791 contra
1483 2776 1537 2792 mss.
1563 2773 1585 2792 et
1609 2771 1686 2792 minus
1708 2771 1737 2793 ad
1763 2778 1824 2799 rom,
1850 2773 1902 2800 qula

1062 2809 1106 2828 tota
1124 2806 1221 2828 obiectio
1239 2810 1273 2829 est
1290 2808 1364 2829 5011101
1381 2808 1410 2830 de
1427 2810 1557 2836 cognitione
1574 2809 1702 2832 nudorum.
1719 2822 1751 2826 —
1772 2811 1804 2832 Dc
1822 2817 1904 2838 propo>

1062 2846 1142 2867 51110111·
1160 2845 1292 2868 immediato
1309 2849 1419 2874 sequente
1436 2847 1542 2875 Ariston,
1560 2848 1573 2869 l.
1592 2848 1620 2870 (10
1638 2849 1731 2875 Anima,
1750 2851 1800 2871 text.
1819 2849 1855 2870 85.
1874 2850 1904 2873 (ι’.
