<?xml version="1.0" encoding="UTF-8"?>
<!DOCTYPE html PUBLIC "-//W3C//DTD XHTML 1.0 Transitional//EN"
    "http://www.w3.org/TR/xhtml1/DTD/xhtml1-transitional.dtd">
<html xmlns="http://www.w3.org/1999/xhtml" xml:lang="en" lang="en">
 <head>
  <title>
</title>
<meta http-equiv="Content-Type" content="text/html;charset=utf-8" />
  <meta name='ocr-system' content='tesseract 3.04.00' />
  <meta name='ocr-capabilities' content='ocr_page ocr_carea ocr_par ocr_line ocrx_word'/>
</head>
<body>
  <div class='ocr_page' id='page_1' title='image "./doctorisseraphic11bona_0209.png"; bbox 0 0 2253 3317; ppageno 0'>
   <div class='ocr_carea' id='block_1_1' title="bbox 48 1047 137 1067">
    <p class='ocr_par' dir='ltr' id='par_1_1' title="bbox 48 1047 137 1067">
     <span class='ocr_line' id='line_1_1' title="bbox 48 1047 137 1067; baseline -0.011 0"><span class='ocrx_word' id='word_1_1' title='bbox 48 1048 102 1067; x_wconf 80' lang='lat' dir='ltr'>Ratio</span> <span class='ocrx_word' id='word_1_2' title='bbox 120 1047 137 1066; x_wconf 83' lang='lat'>1.</span> 
     </span>
    </p>
   </div>
   <div class='ocr_carea' id='block_1_2' title="bbox 50 1389 134 1407">
    <p class='ocr_par' dir='ltr' id='par_1_2' title="bbox 50 1389 134 1407">
     <span class='ocr_line' id='line_1_2' title="bbox 50 1389 134 1407; baseline -0.012 0"><span class='ocrx_word' id='word_1_3' title='bbox 50 1389 104 1407; x_wconf 80' lang='lat' dir='ltr'>Ratio</span> <span class='ocrx_word' id='word_1_4' title='bbox 117 1389 134 1407; x_wconf 65' lang='lat'>⁹2.</span> 
     </span>
    </p>
   </div>
   <div class='ocr_carea' id='block_1_3' title="bbox 50 1559 137 1579">
    <p class='ocr_par' dir='ltr' id='par_1_3' title="bbox 50 1559 137 1579">
     <span class='ocr_line' id='line_1_3' title="bbox 50 1559 137 1579; baseline -0.023 0"><span class='ocrx_word' id='word_1_5' title='bbox 50 1559 105 1579; x_wconf 77' lang='lat' dir='ltr'>Ratio</span> <span class='ocrx_word' id='word_1_6' title='bbox 119 1559 137 1577; x_wconf 83' lang='lat'>3.</span> 
     </span>
    </p>
   </div>
   <div class='ocr_carea' id='block_1_4' title="bbox 908 123 1147 152">
    <p class='ocr_par' dir='ltr' id='par_1_4' title="bbox 908 123 1147 152">
     <span class='ocr_line' id='line_1_4' title="bbox 908 123 1147 152; baseline 0.004 -2"><span class='ocrx_word' id='word_1_7' title='bbox 908 123 1095 151; x_wconf 86' lang='lat' dir='ltr'>DISTINCTIO</span> <span class='ocrx_word' id='word_1_8' title='bbox 1116 124 1147 152; x_wconf 88' lang='lat' dir='ltr'>V.</span> 
     </span>
    </p>
   </div>
   <div class='ocr_carea' id='block_1_5' title="bbox 1847 129 1900 156">
    <p class='ocr_par' dir='ltr' id='par_1_5' title="bbox 1847 129 1900 156">
     <span class='ocr_line' id='line_1_5' title="bbox 1847 129 1900 156; baseline -0.019 0"><span class='ocrx_word' id='word_1_9' title='bbox 1847 129 1900 156; x_wconf 87' lang='lat'>107</span> 
     </span>
    </p>
   </div>
   <div class='ocr_carea' id='block_1_6' title="bbox 831 246 1223 280">
    <p class='ocr_par' dir='ltr' id='par_1_6' title="bbox 831 246 1223 280">
     <span class='ocr_line' id='line_1_6' title="bbox 831 246 1223 280; baseline 0 -1"><span class='ocrx_word' id='word_1_10' title='bbox 831 246 1148 280; x_wconf 83' lang='lat' dir='ltr'>DISTINCTO</span> <span class='ocrx_word' id='word_1_11' title='bbox 1186 247 1223 279; x_wconf 93' lang='lat' dir='ltr'>V.</span> 
     </span>
    </p>
   </div>
   <div class='ocr_carea' id='block_1_7' title="bbox 527 360 625 386">
    <p class='ocr_par' dir='ltr' id='par_1_7' title="bbox 527 360 625 386">
     <span class='ocr_line' id='line_1_7' title="bbox 527 360 625 386; baseline 0 0"><span class='ocrx_word' id='word_1_12' title='bbox 527 360 588 386; x_wconf 72' lang='lat' dir='ltr'>CAP.</span> <span class='ocrx_word' id='word_1_13' title='bbox 607 360 625 386; x_wconf 93' lang='lat' dir='ltr'>I.</span> 
     </span>
    </p>
   </div>
   <div class='ocr_carea' id='block_1_8' title="bbox 157 444 1001 565">
    <p class='ocr_par' dir='ltr' id='par_1_8' title="bbox 157 444 1001 565">
     <span class='ocr_line' id='line_1_8' title="bbox 157 444 1001 480; baseline 0 -9"><span class='ocrx_word' id='word_1_14' title='bbox 157 446 255 475; x_wconf 77' lang='lat' dir='ltr'>Utrum</span> <span class='ocrx_word' id='word_1_15' title='bbox 274 444 371 471; x_wconf 73' lang='lat' dir='ltr'>divina</span> <span class='ocrx_word' id='word_1_16' title='bbox 389 445 502 471; x_wconf 74' lang='lat' dir='ltr'>essentia</span> <span class='ocrx_word' id='word_1_17' title='bbox 520 445 643 480; x_wconf 63' lang='lat' dir='ltr'>(senuerit</span> <span class='ocrx_word' id='word_1_18' title='bbox 662 444 784 476; x_wconf 72' lang='lat' dir='ltr'>Filium,</span> <span class='ocrx_word' id='word_1_19' title='bbox 803 445 848 472; x_wconf 82' lang='lat' dir='ltr'>vel</span> <span class='ocrx_word' id='word_1_20' title='bbox 863 445 954 480; x_wconf 70' lang='lat' dir='ltr'>qenita</span> <span class='ocrx_word' id='word_1_21' title='bbox 966 445 1001 472; x_wconf 74' lang='lat' dir='ltr'>sic</span> 
     </span>
     <span class='ocr_line' id='line_1_9' title="bbox 226 487 1001 522; baseline -0.001 -8"><span class='ocrx_word' id='word_1_22' title='bbox 226 496 242 514; x_wconf 83' lang='lat' dir='ltr'>a</span> <span class='ocrx_word' id='word_1_23' title='bbox 260 488 357 518; x_wconf 75' lang='lat' dir='ltr'>Patre,</span> <span class='ocrx_word' id='word_1_24' title='bbox 376 487 420 514; x_wconf 82' lang='lat' dir='ltr'>vel</span> <span class='ocrx_word' id='word_1_25' title='bbox 437 487 469 514; x_wconf 77' lang='lat' dir='ltr'>de</span> <span class='ocrx_word' id='word_1_26' title='bbox 488 487 548 522; x_wconf 73' lang='lat' dir='ltr'>ipsa</span> <span class='ocrx_word' id='word_1_27' title='bbox 567 492 648 514; x_wconf 77' lang='lat' dir='ltr'>natus</span> <span class='ocrx_word' id='word_1_28' title='bbox 667 487 702 514; x_wconf 72' lang='lat' dir='ltr'>sic</span> <span class='ocrx_word' id='word_1_29' title='bbox 720 487 828 518; x_wconf 66' lang='lat' dir='ltr'>Filius,</span> <span class='ocrx_word' id='word_1_30' title='bbox 847 487 890 514; x_wconf 74' lang='lat' dir='ltr'>vel</span> <span class='ocrx_word' id='word_1_31' title='bbox 913 487 1001 522; x_wconf 69' lang='lat' dir='ltr'>Spiri-</span> 
     </span>
     <span class='ocr_line' id='line_1_10' title="bbox 227 530 582 565; baseline 0 -9"><span class='ocrx_word' id='word_1_32' title='bbox 227 534 269 556; x_wconf 78' lang='lat' dir='ltr'>tus</span> <span class='ocrx_word' id='word_1_33' title='bbox 287 534 397 556; x_wconf 78' lang='lat' dir='ltr'>sanetus</span> <span class='ocrx_word' id='word_1_34' title='bbox 412 530 582 565; x_wconf 63' lang='lat' dir='ltr'>processerit.</span> 
     </span>
    </p>
   </div>
   <div class='ocr_carea' id='block_1_9' title="bbox 146 614 1001 2266">
    <p class='ocr_par' dir='ltr' id='par_1_9' title="bbox 153 614 1001 783">
     <span class='ocr_line' id='line_1_11' title="bbox 225 614 999 649; baseline 0 -8"><span class='ocrx_word' id='word_1_35' title='bbox 225 615 287 641; x_wconf 88' lang='lat' dir='ltr'>Post</span> <span class='ocrx_word' id='word_1_36' title='bbox 305 615 372 641; x_wconf 86' lang='lat' dir='ltr'>haee</span> <span class='ocrx_word' id='word_1_37' title='bbox 386 615 533 649; x_wconf 87' lang='lat' dir='ltr'>quaeritur,</span> <span class='ocrx_word' id='word_1_38' title='bbox 547 618 638 641; x_wconf 89' lang='lat' dir='ltr'>utrum</span> <span class='ocrx_word' id='word_1_39' title='bbox 652 614 855 641; x_wconf 89' lang='lat' dir='ltr'>concedendum</span> <span class='ocrx_word' id='word_1_40' title='bbox 867 615 913 646; x_wconf 89' lang='lat' dir='ltr'>sit,</span> <span class='ocrx_word' id='word_1_41' title='bbox 927 615 999 649; x_wconf 88' lang='lat' dir='ltr'>quod</span> 
     </span>
     <span class='ocr_line' id='line_1_12' title="bbox 153 654 1001 692; baseline 0 -8"><span class='ocrx_word' id='word_1_42' title='bbox 153 658 231 684; x_wconf 88' lang='lat' dir='ltr'>Pater</span> <span class='ocrx_word' id='word_1_43' title='bbox 249 657 359 691; x_wconf 80' lang='lat' dir='ltr'>genuit¹</span> <span class='ocrx_word' id='word_1_44' title='bbox 379 654 498 684; x_wconf 68' lang='lat' dir='ltr'>divinam</span> <span class='ocrx_word' id='word_1_45' title='bbox 519 658 676 690; x_wconf 73' lang='lat' dir='ltr'>essentiam,</span> <span class='ocrx_word' id='word_1_46' title='bbox 696 658 739 684; x_wconf 84' lang='lat' dir='ltr'>vel</span> <span class='ocrx_word' id='word_1_47' title='bbox 759 658 830 692; x_wconf 90' lang='lat' dir='ltr'>quod</span> <span class='ocrx_word' id='word_1_48' title='bbox 852 658 943 684; x_wconf 91' lang='lat' dir='ltr'>divina</span> <span class='ocrx_word' id='word_1_49' title='bbox 963 665 1001 684; x_wconf 89' lang='lat' dir='ltr'>es-</span> 
     </span>
     <span class='ocr_line' id='line_1_13' title="bbox 153 700 998 734; baseline 0 -8"><span class='ocrx_word' id='word_1_50' title='bbox 153 700 238 727; x_wconf 83' lang='lat' dir='ltr'>sentia</span> <span class='ocrx_word' id='word_1_51' title='bbox 257 700 348 733; x_wconf 88' lang='lat' dir='ltr'>genuit</span> <span class='ocrx_word' id='word_1_52' title='bbox 367 700 479 732; x_wconf 91' lang='lat' dir='ltr'>Filium,</span> <span class='ocrx_word' id='word_1_53' title='bbox 498 701 540 727; x_wconf 91' lang='lat' dir='ltr'>vel</span> <span class='ocrx_word' id='word_1_54' title='bbox 560 701 675 727; x_wconf 78' lang='lat' dir='ltr'>essentia</span> <span class='ocrx_word' id='word_1_55' title='bbox 688 701 779 734; x_wconf 89' lang='lat' dir='ltr'>genuit</span> <span class='ocrx_word' id='word_1_56' title='bbox 792 701 948 732; x_wconf 74' lang='lat' dir='ltr'>essentiam,</span> <span class='ocrx_word' id='word_1_57' title='bbox 966 707 998 726; x_wconf 90' lang='lat' dir='ltr'>an</span> 
     </span>
     <span class='ocr_line' id='line_1_14' title="bbox 153 743 928 783; baseline 0 -14"><span class='ocrx_word' id='word_1_58' title='bbox 153 743 261 769; x_wconf 89' lang='lat' dir='ltr'>omnino</span> <span class='ocrx_word' id='word_1_59' title='bbox 280 750 331 769; x_wconf 90' lang='lat' dir='ltr'>non</span> <span class='ocrx_word' id='word_1_60' title='bbox 351 743 442 776; x_wconf 86' lang='lat' dir='ltr'>genuit</span> <span class='ocrx_word' id='word_1_61' title='bbox 461 750 510 769; x_wconf 88' lang='lat' dir='ltr'>nec</span> <span class='ocrx_word' id='word_1_62' title='bbox 530 744 618 776; x_wconf 86' lang='lat' dir='ltr'>genita</span> <span class='ocrx_word' id='word_1_63' title='bbox 638 746 677 769; x_wconf 90' lang='lat' dir='ltr'>est</span> <span class='ocrx_word' id='word_1_64' title='bbox 696 743 787 769; x_wconf 84' lang='lat' dir='ltr'>divina</span> <span class='ocrx_word' id='word_1_65' title='bbox 806 744 928 783; x_wconf 66' lang='lat' dir='ltr'>essentia.</span> 
     </span>
    </p>

    <p class='ocr_par' dir='ltr' id='par_1_10' title="bbox 150 785 1000 1322">
     <span class='ocr_line' id='line_1_15' title="bbox 222 785 1000 819; baseline -0.001 -7"><span class='ocrx_word' id='word_1_66' title='bbox 222 785 264 811; x_wconf 91' lang='lat' dir='ltr'>Ad</span> <span class='ocrx_word' id='word_1_67' title='bbox 282 785 355 819; x_wconf 91' lang='lat' dir='ltr'>qnod</span> <span class='ocrx_word' id='word_1_68' title='bbox 374 786 515 812; x_wconf 81' lang='lat' dir='ltr'>catholicis</span> <span class='ocrx_word' id='word_1_69' title='bbox 536 786 727 812; x_wconf 82' lang='lat' dir='ltr'>tractatoribus</span> <span class='ocrx_word' id='word_1_70' title='bbox 746 786 943 812; x_wconf 88' lang='lat' dir='ltr'>consentientes</span> <span class='ocrx_word' id='word_1_71' title='bbox 962 785 1000 811; x_wconf 88' lang='grc'><strong>(11-</strong></span> 
     </span>
     <span class='ocr_line' id='line_1_16' title="bbox 153 828 998 862; baseline 0 -8"><span class='ocrx_word' id='word_1_72' title='bbox 153 828 254 859; x_wconf 85' lang='grc'><strong>01111115,</strong></span> <span class='ocrx_word' id='word_1_73' title='bbox 274 828 346 862; x_wconf 92' lang='lat' dir='ltr'>quod</span> <span class='ocrx_word' id='word_1_74' title='bbox 365 835 415 854; x_wconf 89' lang='lat' dir='ltr'>nec</span> <span class='ocrx_word' id='word_1_75' title='bbox 434 828 511 854; x_wconf 89' lang='lat' dir='ltr'>Pater</span> <span class='ocrx_word' id='word_1_76' title='bbox 531 828 622 861; x_wconf 84' lang='lat' dir='ltr'>genuit</span> <span class='ocrx_word' id='word_1_77' title='bbox 641 828 759 854; x_wconf 88' lang='lat' dir='ltr'>divinam</span> <span class='ocrx_word' id='word_1_78' title='bbox 773 828 929 859; x_wconf 75' lang='lat' dir='ltr'>essentiam,</span> <span class='ocrx_word' id='word_1_79' title='bbox 949 835 998 854; x_wconf 90' lang='lat' dir='ltr'>nec</span> 
     </span>
     <span class='ocr_line' id='line_1_17' title="bbox 153 870 999 903; baseline 0 -7"><span class='ocrx_word' id='word_1_80' title='bbox 153 870 244 897; x_wconf 91' lang='lat' dir='ltr'>divina</span> <span class='ocrx_word' id='word_1_81' title='bbox 263 871 377 897; x_wconf 81' lang='lat' dir='ltr'>essentia</span> <span class='ocrx_word' id='word_1_82' title='bbox 396 871 487 903; x_wconf 87' lang='lat' dir='ltr'>genuit</span> <span class='ocrx_word' id='word_1_83' title='bbox 506 871 618 901; x_wconf 90' lang='lat' dir='ltr'>Filium,</span> <span class='ocrx_word' id='word_1_84' title='bbox 638 878 687 897; x_wconf 86' lang='lat' dir='ltr'>nec</span> <span class='ocrx_word' id='word_1_85' title='bbox 707 870 797 897; x_wconf 90' lang='lat' dir='ltr'>divina</span> <span class='ocrx_word' id='word_1_86' title='bbox 824 870 938 897; x_wconf 80' lang='lat' dir='ltr'>essentia</span> <span class='ocrx_word' id='word_1_87' title='bbox 958 877 999 903; x_wconf 90' lang='lat' dir='ltr'>ge-</span> 
     </span>
     <span class='ocr_line' id='line_1_18' title="bbox 152 913 999 946; baseline 0 -7"><span class='ocrx_word' id='word_1_88' title='bbox 152 913 230 939; x_wconf 82' lang='lat' dir='ltr'>nuit²</span> <span class='ocrx_word' id='word_1_89' title='bbox 251 913 402 939; x_wconf 82' lang='lat' dir='ltr'>essentiam.</span> <span class='ocrx_word' id='word_1_90' title='bbox 422 913 470 939; x_wconf 91' lang='lat' dir='ltr'>Hic</span> <span class='ocrx_word' id='word_1_91' title='bbox 490 916 579 939; x_wconf 90' lang='lat' dir='ltr'>autem</span> <span class='ocrx_word' id='word_1_92' title='bbox 599 913 706 939; x_wconf 89' lang='lat' dir='ltr'>nomine</span> <span class='ocrx_word' id='word_1_93' title='bbox 725 913 856 939; x_wconf 87' lang='lat' dir='ltr'>essentiae</span> <span class='ocrx_word' id='word_1_94' title='bbox 879 913 999 946; x_wconf 90' lang='lat' dir='ltr'>intelligi-</span> 
     </span>
     <span class='ocr_line' id='line_1_19' title="bbox 152 955 999 990; baseline 0 -9"><span class='ocrx_word' id='word_1_95' title='bbox 152 963 213 982; x_wconf 91' lang='lat' dir='ltr'>mus</span> <span class='ocrx_word' id='word_1_96' title='bbox 231 955 350 982; x_wconf 88' lang='lat' dir='ltr'>divinam</span> <span class='ocrx_word' id='word_1_97' title='bbox 369 958 505 987; x_wconf 85' lang='lat' dir='ltr'>naturam,</span> <span class='ocrx_word' id='word_1_98' title='bbox 525 962 594 990; x_wconf 89' lang='lat' dir='ltr'>quae</span> <span class='ocrx_word' id='word_1_99' title='bbox 606 956 757 981; x_wconf 89' lang='lat' dir='ltr'>communis</span> <span class='ocrx_word' id='word_1_100' title='bbox 777 958 816 982; x_wconf 87' lang='lat' dir='ltr'>est</span> <span class='ocrx_word' id='word_1_101' title='bbox 836 956 921 982; x_wconf 91' lang='lat' dir='ltr'>tribus</span> <span class='ocrx_word' id='word_1_102' title='bbox 940 963 999 989; x_wconf 89' lang='lat' dir='ltr'>per-</span> 
     </span>
     <span class='ocr_line' id='line_1_20' title="bbox 151 997 998 1032; baseline -0.001 -8"><span class='ocrx_word' id='word_1_103' title='bbox 151 998 224 1024; x_wconf 89' lang='lat' dir='ltr'>sonis</span> <span class='ocrx_word' id='word_1_104' title='bbox 243 1001 269 1024; x_wconf 89' lang='lat' dir='ltr'>et</span> <span class='ocrx_word' id='word_1_105' title='bbox 288 1001 342 1024; x_wconf 90' lang='lat' dir='ltr'>tota</span> <span class='ocrx_word' id='word_1_106' title='bbox 362 998 388 1024; x_wconf 91' lang='lat' dir='ltr'>in</span> <span class='ocrx_word' id='word_1_107' title='bbox 408 998 527 1031; x_wconf 87' lang='lat' dir='ltr'>singulis.</span> <span class='ocrx_word' id='word_1_108' title='bbox 548 998 608 1024; x_wconf 88' lang='lat' dir='ltr'>Ideo</span> <span class='ocrx_word' id='word_1_109' title='bbox 629 1005 681 1024; x_wconf 89' lang='lat' dir='ltr'>non</span> <span class='ocrx_word' id='word_1_110' title='bbox 695 1001 735 1024; x_wconf 89' lang='lat' dir='ltr'>est</span> <span class='ocrx_word' id='word_1_111' title='bbox 748 997 905 1029; x_wconf 89' lang='lat' dir='ltr'>dicendum,</span> <span class='ocrx_word' id='word_1_112' title='bbox 925 998 998 1032; x_wconf 89' lang='lat' dir='ltr'>quod</span> 
     </span>
     <span class='ocr_line' id='line_1_21' title="bbox 151 1040 999 1074; baseline 0 -7"><span class='ocrx_word' id='word_1_113' title='bbox 151 1041 229 1067; x_wconf 90' lang='lat' dir='ltr'>Pater</span> <span class='ocrx_word' id='word_1_114' title='bbox 248 1040 339 1073; x_wconf 89' lang='lat' dir='ltr'>genuit</span> <span class='ocrx_word' id='word_1_115' title='bbox 358 1040 476 1066; x_wconf 89' lang='lat' dir='ltr'>divinam</span> <span class='ocrx_word' id='word_1_116' title='bbox 496 1040 652 1072; x_wconf 85' lang='lat' dir='ltr'>essentiam;</span> <span class='ocrx_word' id='word_1_117' title='bbox 674 1040 737 1074; x_wconf 89' lang='grc'><strong>(11113</strong></span> <span class='ocrx_word' id='word_1_118' title='bbox 761 1040 783 1066; x_wconf 91' lang='grc'>51</span> <span class='ocrx_word' id='word_1_119' title='bbox 802 1041 880 1067; x_wconf 90' lang='lat' dir='ltr'>Pater</span> <span class='ocrx_word' id='word_1_120' title='bbox 899 1040 999 1067; x_wconf 85' lang='lat' dir='ltr'>dicere-</span> 
     </span>
     <span class='ocr_line' id='line_1_22' title="bbox 153 1083 998 1117; baseline 0 -8"><span class='ocrx_word' id='word_1_121' title='bbox 153 1086 195 1109; x_wconf 95' lang='lat' dir='ltr'>tur</span> <span class='ocrx_word' id='word_1_122' title='bbox 214 1083 337 1117; x_wconf 83' lang='lat' dir='ltr'>genuisse</span> <span class='ocrx_word' id='word_1_123' title='bbox 352 1083 470 1109; x_wconf 87' lang='lat' dir='ltr'>divinam</span> <span class='ocrx_word' id='word_1_124' title='bbox 484 1083 641 1114; x_wconf 87' lang='lat' dir='ltr'>essentiam,</span> <span class='ocrx_word' id='word_1_125' title='bbox 656 1083 771 1109; x_wconf 82' lang='lat' dir='ltr'>essentia</span> <span class='ocrx_word' id='word_1_126' title='bbox 784 1083 874 1109; x_wconf 90' lang='lat' dir='ltr'>divina</span> <span class='ocrx_word' id='word_1_127' title='bbox 887 1083 998 1110; x_wconf 83' lang='lat' dir='ltr'>relative</span> 
     </span>
     <span class='ocr_line' id='line_1_23' title="bbox 151 1125 998 1159; baseline 0 -8"><span class='ocrx_word' id='word_1_128' title='bbox 151 1126 287 1152; x_wconf 87' lang='lat' dir='ltr'>diceretur</span> <span class='ocrx_word' id='word_1_129' title='bbox 306 1125 340 1151; x_wconf 92' lang='lat' dir='ltr'>ad</span> <span class='ocrx_word' id='word_1_130' title='bbox 364 1126 470 1152; x_wconf 87' lang='lat' dir='ltr'>Patrem</span> <span class='ocrx_word' id='word_1_131' title='bbox 499 1125 541 1151; x_wconf 87' lang='lat' dir='ltr'>vel</span> <span class='ocrx_word' id='word_1_132' title='bbox 570 1133 619 1159; x_wconf 88' lang='lat' dir='ltr'>pro</span> <span class='ocrx_word' id='word_1_133' title='bbox 647 1125 759 1152; x_wconf 87' lang='lat' dir='ltr'>relativo</span> <span class='ocrx_word' id='word_1_134' title='bbox 788 1128 941 1159; x_wconf 85' lang='lat' dir='ltr'>poneretur.</span> <span class='ocrx_word' id='word_1_135' title='bbox 971 1125 998 1152; x_wconf 84' lang='lat' dir='ltr'>Si</span> 
     </span>
     <span class='ocr_line' id='line_1_24' title="bbox 151 1168 998 1202; baseline 0 -8"><span class='ocrx_word' id='word_1_136' title='bbox 151 1171 241 1195; x_wconf 90' lang='lat' dir='ltr'>autem</span> <span class='ocrx_word' id='word_1_137' title='bbox 260 1168 371 1195; x_wconf 83' lang='lat' dir='ltr'>relative</span> <span class='ocrx_word' id='word_1_138' title='bbox 399 1168 535 1194; x_wconf 87' lang='lat' dir='ltr'>diceretur</span> <span class='ocrx_word' id='word_1_139' title='bbox 563 1168 605 1194; x_wconf 88' lang='lat' dir='ltr'>vel</span> <span class='ocrx_word' id='word_1_140' title='bbox 633 1175 682 1202; x_wconf 86' lang='lat' dir='ltr'>pro</span> <span class='ocrx_word' id='word_1_141' title='bbox 707 1168 818 1194; x_wconf 84' lang='lat' dir='ltr'>relativo</span> <span class='ocrx_word' id='word_1_142' title='bbox 837 1171 998 1202; x_wconf 81' lang='lat' dir='ltr'>poneretur,</span> 
     </span>
     <span class='ocr_line' id='line_1_25' title="bbox 151 1210 997 1243; baseline 0 -7"><span class='ocrx_word' id='word_1_143' title='bbox 151 1218 204 1237; x_wconf 88' lang='lat' dir='ltr'>non</span> <span class='ocrx_word' id='word_1_144' title='bbox 232 1210 364 1237; x_wconf 86' lang='lat' dir='ltr'>indicaret</span> <span class='ocrx_word' id='word_1_145' title='bbox 391 1211 541 1237; x_wconf 87' lang='lat' dir='ltr'>essentiam.</span> <span class='ocrx_word' id='word_1_146' title='bbox 571 1211 604 1237; x_wconf 91' lang='lat' dir='ltr'>Ut</span> <span class='ocrx_word' id='word_1_147' title='bbox 632 1211 703 1237; x_wconf 90' lang='lat' dir='ltr'>enim</span> <span class='ocrx_word' id='word_1_148' title='bbox 732 1211 768 1237; x_wconf 91' lang='lat' dir='ltr'>ait</span> <span class='ocrx_word' id='word_1_149' title='bbox 787 1210 952 1243; x_wconf 74' lang='lat' dir='ltr'>Augustinus</span> <span class='ocrx_word' id='word_1_150' title='bbox 971 1211 997 1237; x_wconf 89' lang='lat' dir='ltr'>in</span> 
     </span>
     <span class='ocr_line' id='line_1_26' title="bbox 150 1253 997 1287; baseline 0 -8"><span class='ocrx_word' id='word_1_151' title='bbox 150 1254 244 1287; x_wconf 86' lang='lat' dir='ltr'>quinto</span> <span class='ocrx_word' id='word_1_152' title='bbox 257 1253 326 1279; x_wconf 92' lang='lat' dir='ltr'>libro</span> <span class='ocrx_word' id='word_1_153' title='bbox 341 1253 374 1279; x_wconf 85' lang='lat' dir='ltr'>de</span> <span class='ocrx_word' id='word_1_154' title='bbox 388 1253 515 1279; x_wconf 89' lang='lat' dir='ltr'>Trinitate</span> <span class='ocrx_word' id='word_1_155' title='bbox 526 1253 549 1278; x_wconf 76' lang='lat'>³:</span> <span class='ocrx_word' id='word_1_156' title='bbox 575 1253 671 1284; x_wconf 86' lang='lat' dir='ltr'>«Quod</span> <span class='ocrx_word' id='word_1_157' title='bbox 690 1253 801 1280; x_wconf 89' lang='lat' dir='ltr'>relative</span> <span class='ocrx_word' id='word_1_158' title='bbox 815 1253 926 1285; x_wconf 88' lang='lat' dir='ltr'>dicitur,</span> <span class='ocrx_word' id='word_1_159' title='bbox 945 1261 997 1279; x_wconf 92' lang='lat' dir='ltr'>non</span> 
     </span>
     <span class='ocr_line' id='line_1_27' title="bbox 151 1295 483 1322; baseline 0 -1"><span class='ocrx_word' id='word_1_160' title='bbox 151 1295 253 1322; x_wconf 87' lang='lat' dir='ltr'>indicat</span> <span class='ocrx_word' id='word_1_161' title='bbox 271 1295 448 1322; x_wconf 89' lang='lat' dir='ltr'>substantiam</span> <span class='ocrx_word' id='word_1_162' title='bbox 459 1307 483 1321; x_wconf 89' lang='lat'>».</span> 
     </span>
    </p>

    <p class='ocr_par' dir='ltr' id='par_1_11' title="bbox 150 1338 997 1500">
     <span class='ocr_line' id='line_1_28' title="bbox 219 1338 997 1370; baseline 0 -6"><span class='ocrx_word' id='word_1_163' title='bbox 219 1338 299 1370; x_wconf 90' lang='lat' dir='ltr'>Item,</span> <span class='ocrx_word' id='word_1_164' title='bbox 319 1345 381 1364; x_wconf 88' lang='lat' dir='ltr'>cum</span> <span class='ocrx_word' id='word_1_165' title='bbox 404 1338 475 1364; x_wconf 92' lang='lat' dir='ltr'>Deus</span> <span class='ocrx_word' id='word_1_166' title='bbox 495 1338 573 1364; x_wconf 86' lang='lat' dir='ltr'>Pater</span> <span class='ocrx_word' id='word_1_167' title='bbox 592 1338 626 1364; x_wconf 90' lang='lat' dir='ltr'>sit</span> <span class='ocrx_word' id='word_1_168' title='bbox 645 1338 736 1364; x_wconf 86' lang='lat' dir='ltr'>divina</span> <span class='ocrx_word' id='word_1_169' title='bbox 755 1338 883 1370; x_wconf 85' lang='lat' dir='ltr'>essentia,</span> <span class='ocrx_word' id='word_1_170' title='bbox 903 1338 925 1364; x_wconf 94' lang='lat' dir='ltr'>si</span> <span class='ocrx_word' id='word_1_171' title='bbox 939 1338 997 1364; x_wconf 91' lang='lat' dir='ltr'>eius</span> 
     </span>
     <span class='ocr_line' id='line_1_29' title="bbox 150 1381 997 1415; baseline 0 -9"><span class='ocrx_word' id='word_1_172' title='bbox 150 1383 220 1407; x_wconf 89' lang='lat' dir='ltr'>esset</span> <span class='ocrx_word' id='word_1_173' title='bbox 239 1381 356 1414; x_wconf 85' lang='lat' dir='ltr'>genitor,</span> <span class='ocrx_word' id='word_1_174' title='bbox 376 1384 445 1407; x_wconf 90' lang='lat' dir='ltr'>esset</span> <span class='ocrx_word' id='word_1_175' title='bbox 465 1381 557 1415; x_wconf 90' lang='lat' dir='ltr'>ntique</span> <span class='ocrx_word' id='word_1_176' title='bbox 577 1381 680 1413; x_wconf 88' lang='lat' dir='ltr'>genitor</span> <span class='ocrx_word' id='word_1_177' title='bbox 700 1381 757 1407; x_wconf 89' lang='lat' dir='ltr'>eius</span> <span class='ocrx_word' id='word_1_178' title='bbox 777 1381 829 1412; x_wconf 90' lang='lat' dir='ltr'>rei,</span> <span class='ocrx_word' id='word_1_179' title='bbox 849 1387 920 1415; x_wconf 87' lang='lat' dir='ltr'>quae</span> <span class='ocrx_word' id='word_1_180' title='bbox 940 1381 997 1414; x_wconf 88' lang='lat' dir='ltr'>ipse</span> 
     </span>
     <span class='ocr_line' id='line_1_30' title="bbox 150 1422 997 1457; baseline 0 -8"><span class='ocrx_word' id='word_1_181' title='bbox 150 1426 203 1455; x_wconf 81' lang='lat' dir='ltr'>est3</span> <span class='ocrx_word' id='word_1_182' title='bbox 223 1426 249 1449; x_wconf 91' lang='lat' dir='ltr'>et</span> <span class='ocrx_word' id='word_1_183' title='bbox 268 1423 303 1449; x_wconf 90' lang='lat' dir='ltr'>ita</span> <span class='ocrx_word' id='word_1_184' title='bbox 325 1422 418 1449; x_wconf 87' lang='lat' dir='ltr'>eadem</span> <span class='ocrx_word' id='word_1_185' title='bbox 437 1430 480 1449; x_wconf 89' lang='lat' dir='ltr'>res</span> <span class='ocrx_word' id='word_1_186' title='bbox 499 1430 528 1449; x_wconf 89' lang='lat' dir='ltr'>se</span> <span class='ocrx_word' id='word_1_187' title='bbox 546 1423 633 1457; x_wconf 83' lang='lat' dir='ltr'>ipsam</span> <span class='ocrx_word' id='word_1_188' title='bbox 653 1423 804 1456; x_wconf 81' lang='lat' dir='ltr'>genuisset,</span> <span class='ocrx_word' id='word_1_189' title='bbox 824 1423 897 1457; x_wconf 91' lang='lat' dir='ltr'>quod</span> <span class='ocrx_word' id='word_1_190' title='bbox 910 1423 997 1456; x_wconf 88' lang='lat' dir='ltr'>Augu-</span> 
     </span>
     <span class='ocr_line' id='line_1_31' title="bbox 153 1466 712 1500; baseline -0.002 -8"><span class='ocrx_word' id='word_1_191' title='bbox 153 1466 238 1492; x_wconf 87' lang='lat' dir='ltr'>stinus</span> <span class='ocrx_word' id='word_1_192' title='bbox 257 1469 349 1499; x_wconf 88' lang='lat' dir='ltr'>negat,</span> <span class='ocrx_word' id='word_1_193' title='bbox 369 1468 398 1492; x_wconf 91' lang='lat' dir='ltr'>ut</span> <span class='ocrx_word' id='word_1_194' title='bbox 417 1466 519 1500; x_wconf 72' lang='lat' dir='ltr'>supra‘¹</span> <span class='ocrx_word' id='word_1_195' title='bbox 539 1466 712 1492; x_wconf 88' lang='lat' dir='ltr'>ostendimus.</span> 
     </span>
    </p>

    <p class='ocr_par' dir='ltr' id='par_1_12' title="bbox 146 1508 996 2266">
     <span class='ocr_line' id='line_1_32' title="bbox 219 1508 995 1541; baseline 0 -7"><span class='ocrx_word' id='word_1_196' title='bbox 219 1508 298 1540; x_wconf 85' lang='lat' dir='ltr'>Item,</span> <span class='ocrx_word' id='word_1_197' title='bbox 318 1508 340 1534; x_wconf 93' lang='lat' dir='ltr'>si</span> <span class='ocrx_word' id='word_1_198' title='bbox 359 1508 437 1534; x_wconf 87' lang='lat' dir='ltr'>Pater</span> <span class='ocrx_word' id='word_1_199' title='bbox 456 1511 495 1534; x_wconf 90' lang='lat' dir='ltr'>est</span> <span class='ocrx_word' id='word_1_200' title='bbox 514 1508 617 1541; x_wconf 83' lang='lat' dir='ltr'>genitor</span> <span class='ocrx_word' id='word_1_201' title='bbox 642 1508 773 1534; x_wconf 86' lang='lat' dir='ltr'>essentiae</span> <span class='ocrx_word' id='word_1_202' title='bbox 792 1508 914 1540; x_wconf 91' lang='lat' dir='ltr'>divinae,</span> <span class='ocrx_word' id='word_1_203' title='bbox 933 1515 995 1534; x_wconf 85' lang='lat' dir='ltr'>oum</span> 
     </span>
     <span class='ocr_line' id='line_1_33' title="bbox 152 1550 993 1585; baseline 0 -8"><span class='ocrx_word' id='word_1_204' title='bbox 152 1551 211 1585; x_wconf 91' lang='lat' dir='ltr'>ipse</span> <span class='ocrx_word' id='word_1_205' title='bbox 230 1551 345 1577; x_wconf 89' lang='lat' dir='ltr'>essentia</span> <span class='ocrx_word' id='word_1_206' title='bbox 374 1550 464 1577; x_wconf 86' lang='lat' dir='ltr'>divina</span> <span class='ocrx_word' id='word_1_207' title='bbox 492 1551 526 1577; x_wconf 92' lang='lat' dir='ltr'>sit</span> <span class='ocrx_word' id='word_1_208' title='bbox 554 1554 580 1578; x_wconf 87' lang='lat' dir='ltr'>et</span> <span class='ocrx_word' id='word_1_209' title='bbox 607 1551 679 1577; x_wconf 92' lang='lat' dir='ltr'>Deus</span> <span class='ocrx_word' id='word_1_210' title='bbox 698 1551 745 1582; x_wconf 89' lang='lat' dir='ltr'>sit,</span> <span class='ocrx_word' id='word_1_211' title='bbox 765 1558 796 1577; x_wconf 90' lang='lat' dir='ltr'>eo</span> <span class='ocrx_word' id='word_1_212' title='bbox 816 1558 879 1584; x_wconf 87' lang='lat' dir='ltr'>ergo</span> <span class='ocrx_word' id='word_1_213' title='bbox 891 1551 900 1564; x_wconf 81' lang='lat'>⁵</span> <span class='ocrx_word' id='word_1_214' title='bbox 920 1551 993 1585; x_wconf 90' lang='lat' dir='ltr'>quod</span> 
     </span>
     <span class='ocr_line' id='line_1_34' title="bbox 150 1594 995 1628; baseline 0 -9"><span class='ocrx_word' id='word_1_215' title='bbox 150 1596 275 1626; x_wconf 86' lang='lat' dir='ltr'>generat,</span> <span class='ocrx_word' id='word_1_216' title='bbox 296 1596 322 1619; x_wconf 92' lang='lat' dir='ltr'>et</span> <span class='ocrx_word' id='word_1_217' title='bbox 341 1596 380 1620; x_wconf 88' lang='lat' dir='ltr'>est</span> <span class='ocrx_word' id='word_1_218' title='bbox 405 1596 431 1620; x_wconf 91' lang='lat' dir='ltr'>et</span> <span class='ocrx_word' id='word_1_219' title='bbox 459 1594 530 1620; x_wconf 87' lang='lat' dir='ltr'>Deus</span> <span class='ocrx_word' id='word_1_220' title='bbox 559 1596 606 1619; x_wconf 87' lang='lat' dir='ltr'>est.</span> <span class='ocrx_word' id='word_1_221' title='bbox 625 1594 663 1619; x_wconf 89' lang='lat' dir='ltr'>Ita</span> <span class='ocrx_word' id='word_1_222' title='bbox 683 1600 745 1626; x_wconf 89' lang='lat' dir='ltr'>ergo</span> <span class='ocrx_word' id='word_1_223' title='bbox 765 1601 817 1620; x_wconf 92' lang='lat' dir='ltr'>non</span> <span class='ocrx_word' id='word_1_224' title='bbox 838 1594 901 1620; x_wconf 90' lang='lat' dir='ltr'>illud</span> <span class='ocrx_word' id='word_1_225' title='bbox 923 1594 995 1628; x_wconf 88' lang='lat' dir='ltr'>quod</span> 
     </span>
     <span class='ocr_line' id='line_1_35' title="bbox 150 1636 996 1670; baseline 0 -8"><span class='ocrx_word' id='word_1_226' title='bbox 150 1639 307 1669; x_wconf 88' lang='lat' dir='ltr'>generatur,</span> <span class='ocrx_word' id='word_1_227' title='bbox 327 1639 367 1662; x_wconf 90' lang='lat' dir='ltr'>est</span> <span class='ocrx_word' id='word_1_228' title='bbox 386 1643 401 1662; x_wconf 90' lang='lat' dir='ltr'>a</span> <span class='ocrx_word' id='word_1_229' title='bbox 420 1636 498 1662; x_wconf 89' lang='lat' dir='ltr'>Patre</span> <span class='ocrx_word' id='word_1_230' title='bbox 516 1637 602 1667; x_wconf 91' lang='lat' dir='ltr'>Dens,</span> <span class='ocrx_word' id='word_1_231' title='bbox 623 1636 669 1662; x_wconf 91' lang='lat' dir='ltr'>sed</span> <span class='ocrx_word' id='word_1_232' title='bbox 695 1637 772 1662; x_wconf 91' lang='lat' dir='ltr'>Pater</span> <span class='ocrx_word' id='word_1_233' title='bbox 801 1643 831 1663; x_wconf 91' lang='lat' dir='ltr'>eo</span> <span class='ocrx_word' id='word_1_234' title='bbox 852 1636 925 1670; x_wconf 89' lang='lat' dir='ltr'>qnod</span> <span class='ocrx_word' id='word_1_235' title='bbox 955 1643 996 1669; x_wconf 87' lang='lat' dir='ltr'>ge-</span> 
     </span>
     <span class='ocr_line' id='line_1_36' title="bbox 149 1679 993 1712; baseline 0.001 -8"><span class='ocrx_word' id='word_1_236' title='bbox 149 1681 239 1710; x_wconf 87' lang='lat' dir='ltr'>nerat,</span> <span class='ocrx_word' id='word_1_237' title='bbox 260 1682 286 1705; x_wconf 86' lang='lat' dir='ltr'>et</span> <span class='ocrx_word' id='word_1_238' title='bbox 306 1681 346 1705; x_wconf 88' lang='lat' dir='ltr'>est</span> <span class='ocrx_word' id='word_1_239' title='bbox 365 1682 391 1705; x_wconf 90' lang='lat' dir='ltr'>et</span> <span class='ocrx_word' id='word_1_240' title='bbox 409 1679 480 1707; x_wconf 87' lang='lat' dir='ltr'>Deus</span> <span class='ocrx_word' id='word_1_241' title='bbox 500 1682 547 1705; x_wconf 91' lang='lat' dir='ltr'>est.</span> <span class='ocrx_word' id='word_1_242' title='bbox 567 1679 600 1705; x_wconf 89' lang='lat' dir='ltr'>Et</span> <span class='ocrx_word' id='word_1_243' title='bbox 628 1679 650 1705; x_wconf 94' lang='lat' dir='ltr'>si</span> <span class='ocrx_word' id='word_1_244' title='bbox 678 1679 715 1705; x_wconf 87' lang='lat' dir='ltr'>ita</span> <span class='ocrx_word' id='word_1_245' title='bbox 743 1682 795 1710; x_wconf 87' lang='lat' dir='ltr'>est,</span> <span class='ocrx_word' id='word_1_246' title='bbox 824 1686 877 1705; x_wconf 89' lang='grc'><strong>11011</strong></span> <span class='ocrx_word' id='word_1_247' title='bbox 905 1679 993 1712; x_wconf 86' lang='lat' dir='ltr'>genito</span> 
     </span>
     <span class='ocr_line' id='line_1_37' title="bbox 148 1721 995 1754; baseline 0 -7"><span class='ocrx_word' id='word_1_248' title='bbox 148 1721 267 1754; x_wconf 88' lang='lat' dir='ltr'>gignens,</span> <span class='ocrx_word' id='word_1_249' title='bbox 286 1721 333 1747; x_wconf 88' lang='lat' dir='ltr'>sed</span> <span class='ocrx_word' id='word_1_250' title='bbox 352 1721 468 1754; x_wconf 80' lang='lat' dir='ltr'>gignenti</span> <span class='ocrx_word' id='word_1_251' title='bbox 497 1721 622 1754; x_wconf 80' lang='lat' dir='ltr'>genitus⁵</span> <span class='ocrx_word' id='word_1_252' title='bbox 642 1728 723 1748; x_wconf 86' lang='lat' dir='ltr'>causa</span> <span class='ocrx_word' id='word_1_253' title='bbox 745 1724 797 1753; x_wconf 87' lang='lat' dir='ltr'>est,</span> <span class='ocrx_word' id='word_1_254' title='bbox 817 1725 847 1747; x_wconf 90' lang='lat' dir='ltr'>ut</span> <span class='ocrx_word' id='word_1_255' title='bbox 866 1724 891 1748; x_wconf 91' lang='lat' dir='ltr'>et</span> <span class='ocrx_word' id='word_1_256' title='bbox 910 1722 944 1748; x_wconf 91' lang='lat' dir='ltr'>sit</span> <span class='ocrx_word' id='word_1_257' title='bbox 970 1725 995 1748; x_wconf 85' lang='lat' dir='ltr'>et</span> 
     </span>
     <span class='ocr_line' id='line_1_38' title="bbox 148 1763 994 1799; baseline 0.001 -10"><span class='ocrx_word' id='word_1_258' title='bbox 148 1764 219 1790; x_wconf 90' lang='lat' dir='ltr'>Dens</span> <span class='ocrx_word' id='word_1_259' title='bbox 247 1764 288 1799; x_wconf 84' lang='lat' dir='ltr'>sit.</span> <span class='ocrx_word' id='word_1_260' title='bbox 318 1763 402 1790; x_wconf 87' lang='lat' dir='ltr'>Simili</span> <span class='ocrx_word' id='word_1_261' title='bbox 430 1764 533 1790; x_wconf 89' lang='lat' dir='ltr'>ratione</span> <span class='ocrx_word' id='word_1_262' title='bbox 562 1764 659 1798; x_wconf 86' lang='lat' dir='ltr'>probat</span> <span class='ocrx_word' id='word_1_263' title='bbox 684 1764 849 1797; x_wconf 81' lang='lat' dir='ltr'>Augustinus</span> <span class='ocrx_word' id='word_1_264' title='bbox 874 1764 900 1790; x_wconf 92' lang='lat' dir='ltr'>in</span> <span class='ocrx_word' id='word_1_265' title='bbox 926 1764 994 1790; x_wconf 85' lang='lat' dir='ltr'>libro</span> 
     </span>
     <span class='ocr_line' id='line_1_39' title="bbox 147 1806 995 1840; baseline 0 -8"><span class='ocrx_word' id='word_1_266' title='bbox 147 1806 262 1840; x_wconf 87' lang='lat' dir='ltr'>septimo</span> <span class='ocrx_word' id='word_1_267' title='bbox 289 1806 323 1832; x_wconf 91' lang='lat' dir='ltr'>de</span> <span class='ocrx_word' id='word_1_268' title='bbox 342 1806 473 1832; x_wconf 74' lang='lat' dir='ltr'>vTrinitate</span> <span class='ocrx_word' id='word_1_269' title='bbox 486 1806 503 1838; x_wconf 89' lang='lat'>⁷,</span> <span class='ocrx_word' id='word_1_270' title='bbox 537 1806 631 1840; x_wconf 84' lang='lat' dir='ltr'>«quod</span> <span class='ocrx_word' id='word_1_271' title='bbox 661 1807 738 1833; x_wconf 84' lang='lat' dir='ltr'>Pater</span> <span class='ocrx_word' id='word_1_272' title='bbox 756 1814 808 1832; x_wconf 92' lang='lat' dir='ltr'>non</span> <span class='ocrx_word' id='word_1_273' title='bbox 829 1810 869 1833; x_wconf 90' lang='lat' dir='ltr'>est</span> <span class='ocrx_word' id='word_1_274' title='bbox 888 1807 995 1840; x_wconf 86' lang='lat' dir='ltr'>sapiens</span> 
     </span>
     <span class='ocr_line' id='line_1_40' title="bbox 147 1849 994 1883; baseline 0.001 -9"><span class='ocrx_word' id='word_1_275' title='bbox 147 1849 287 1882; x_wconf 86' lang='lat' dir='ltr'>sapientia,</span> <span class='ocrx_word' id='word_1_276' title='bbox 307 1856 389 1883; x_wconf 89' lang='lat' dir='ltr'>quam</span> <span class='ocrx_word' id='word_1_277' title='bbox 409 1849 514 1882; x_wconf 85' lang='lat' dir='ltr'>genuit,</span> <span class='ocrx_word' id='word_1_278' title='bbox 533 1849 597 1883; x_wconf 86' lang='grc'><strong>(11113</strong></span> <span class='ocrx_word' id='word_1_279' title='bbox 610 1849 630 1875; x_wconf 93' lang='lat' dir='ltr'>si</span> <span class='ocrx_word' id='word_1_280' title='bbox 646 1856 678 1875; x_wconf 94' lang='lat' dir='ltr'>ea</span> <span class='ocrx_word' id='word_1_281' title='bbox 690 1849 798 1883; x_wconf 88' lang='lat' dir='ltr'>sapiens</span> <span class='ocrx_word' id='word_1_282' title='bbox 817 1852 870 1881; x_wconf 88' lang='lat' dir='ltr'>est,</span> <span class='ocrx_word' id='word_1_283' title='bbox 891 1856 922 1875; x_wconf 90' lang='lat' dir='ltr'>ea</span> <span class='ocrx_word' id='word_1_284' title='bbox 942 1852 981 1875; x_wconf 93' lang='lat' dir='ltr'>est</span> <span class='ocrx_word' id='word_1_285' title='bbox 988 1858 994 1881; x_wconf 90' lang='grc'><strong>;</strong></span> 
     </span>
     <span class='ocr_line' id='line_1_41' title="bbox 146 1891 995 1926; baseline 0.001 -9"><span class='ocrx_word' id='word_1_286' title='bbox 146 1891 198 1918; x_wconf 90' lang='lat' dir='ltr'>hoc</span> <span class='ocrx_word' id='word_1_287' title='bbox 218 1892 289 1918; x_wconf 93' lang='lat' dir='ltr'>enim</span> <span class='ocrx_word' id='word_1_288' title='bbox 308 1895 348 1918; x_wconf 91' lang='lat' dir='ltr'>est</span> <span class='ocrx_word' id='word_1_289' title='bbox 367 1891 404 1917; x_wconf 94' lang='lat' dir='ltr'>ibi</span> <span class='ocrx_word' id='word_1_290' title='bbox 424 1899 483 1918; x_wconf 89' lang='lat' dir='ltr'>esse</span> <span class='ocrx_word' id='word_1_291' title='bbox 512 1891 585 1926; x_wconf 86' lang='lat' dir='ltr'>quod</span> <span class='ocrx_word' id='word_1_292' title='bbox 613 1898 716 1925; x_wconf 85' lang='lat' dir='ltr'>sapere.</span> <span class='ocrx_word' id='word_1_293' title='bbox 745 1891 845 1922; x_wconf 88' lang='lat' dir='ltr'>Quodsi</span> <span class='ocrx_word' id='word_1_294' title='bbox 873 1892 925 1918; x_wconf 89' lang='lat' dir='ltr'>hoc</span> <span class='ocrx_word' id='word_1_295' title='bbox 955 1895 995 1918; x_wconf 85' lang='lat' dir='ltr'>est</span> 
     </span>
     <span class='ocr_line' id='line_1_42' title="bbox 146 1934 994 1969; baseline 0.001 -9"><span class='ocrx_word' id='word_1_296' title='bbox 146 1934 184 1960; x_wconf 90' lang='lat' dir='ltr'>ibi</span> <span class='ocrx_word' id='word_1_297' title='bbox 204 1941 262 1960; x_wconf 88' lang='lat' dir='ltr'>esse</span> <span class='ocrx_word' id='word_1_298' title='bbox 282 1934 354 1968; x_wconf 87' lang='lat' dir='ltr'>quod</span> <span class='ocrx_word' id='word_1_299' title='bbox 373 1941 484 1968; x_wconf 81' lang='lat' dir='ltr'>sapere,</span> <span class='ocrx_word' id='word_1_300' title='bbox 504 1942 556 1960; x_wconf 94' lang='lat' dir='ltr'>non</span> <span class='ocrx_word' id='word_1_301' title='bbox 570 1942 619 1968; x_wconf 87' lang='lat' dir='ltr'>per</span> <span class='ocrx_word' id='word_1_302' title='bbox 632 1934 705 1960; x_wconf 89' lang='lat' dir='ltr'>illam</span> <span class='ocrx_word' id='word_1_303' title='bbox 718 1935 893 1968; x_wconf 88' lang='lat' dir='ltr'>sapientiam,</span> <span class='ocrx_word' id='word_1_304' title='bbox 913 1942 994 1969; x_wconf 88' lang='lat' dir='ltr'>quam</span> 
     </span>
     <span class='ocr_line' id='line_1_43' title="bbox 147 1976 994 2010; baseline 0 -7"><span class='ocrx_word' id='word_1_305' title='bbox 147 1977 256 2009; x_wconf 87' lang='lat' dir='ltr'>genuit,</span> <span class='ocrx_word' id='word_1_306' title='bbox 284 1977 391 2010; x_wconf 89' lang='lat' dir='ltr'>sapiens</span> <span class='ocrx_word' id='word_1_307' title='bbox 410 1977 488 2003; x_wconf 82' lang='lat' dir='ltr'>Pater</span> <span class='ocrx_word' id='word_1_308' title='bbox 516 1980 562 2003; x_wconf 89' lang='lat' dir='ltr'>est.</span> <span class='ocrx_word' id='word_1_309' title='bbox 583 1976 651 2008; x_wconf 89' lang='lat' dir='ltr'>Quid</span> <span class='ocrx_word' id='word_1_310' title='bbox 680 1977 750 2003; x_wconf 90' lang='lat' dir='ltr'>enim</span> <span class='ocrx_word' id='word_1_311' title='bbox 770 1977 844 2003; x_wconf 89' lang='lat' dir='ltr'>aliud</span> <span class='ocrx_word' id='word_1_312' title='bbox 863 1977 994 2009; x_wconf 85' lang='lat' dir='ltr'>dicimus,</span> 
     </span>
     <span class='ocr_line' id='line_1_44' title="bbox 147 2019 993 2053; baseline 0.001 -8"><span class='ocrx_word' id='word_1_313' title='bbox 147 2026 210 2045; x_wconf 84' lang='lat' dir='ltr'>cum</span> <span class='ocrx_word' id='word_1_314' title='bbox 229 2019 359 2045; x_wconf 82' lang='lat' dir='ltr'>dicimus:</span> <span class='ocrx_word' id='word_1_315' title='bbox 379 2019 431 2045; x_wconf 90' lang='lat' dir='ltr'>hoc</span> <span class='ocrx_word' id='word_1_316' title='bbox 451 2019 488 2045; x_wconf 92' lang='lat' dir='ltr'>illi</span> <span class='ocrx_word' id='word_1_317' title='bbox 509 2022 548 2045; x_wconf 91' lang='lat' dir='ltr'>est</span> <span class='ocrx_word' id='word_1_318' title='bbox 567 2027 625 2046; x_wconf 88' lang='lat' dir='ltr'>esse</span> <span class='ocrx_word' id='word_1_319' title='bbox 645 2020 717 2053; x_wconf 88' lang='lat' dir='ltr'>qnod</span> <span class='ocrx_word' id='word_1_320' title='bbox 737 2027 847 2053; x_wconf 85' lang='lat' dir='ltr'>sapere,</span> <span class='ocrx_word' id='word_1_321' title='bbox 867 2020 933 2052; x_wconf 91' lang='lat' dir='ltr'>nisi,</span> <span class='ocrx_word' id='word_1_322' title='bbox 962 2027 993 2046; x_wconf 90' lang='lat' dir='ltr'>eo</span> 
     </span>
     <span class='ocr_line' id='line_1_45' title="bbox 147 2061 995 2096; baseline 0.001 -9"><span class='ocrx_word' id='word_1_323' title='bbox 147 2064 187 2087; x_wconf 90' lang='lat' dir='ltr'>est</span> <span class='ocrx_word' id='word_1_324' title='bbox 205 2069 259 2095; x_wconf 91' lang='grc'><strong>(1110</strong></span> <span class='ocrx_word' id='word_1_325' title='bbox 279 2061 386 2095; x_wconf 88' lang='lat' dir='ltr'>sapiens</span> <span class='ocrx_word' id='word_1_326' title='bbox 405 2062 462 2087; x_wconf 88' lang='lat' dir='ltr'>est?</span> <span class='ocrx_word' id='word_1_327' title='bbox 481 2062 551 2094; x_wconf 89' lang='lat' dir='ltr'>Ergo</span> <span class='ocrx_word' id='word_1_328' title='bbox 577 2069 647 2096; x_wconf 86' lang='lat' dir='ltr'>quae</span> <span class='ocrx_word' id='word_1_329' title='bbox 676 2069 758 2088; x_wconf 85' lang='lat' dir='ltr'>causa</span> <span class='ocrx_word' id='word_1_330' title='bbox 777 2062 815 2087; x_wconf 92' lang='lat' dir='ltr'>illi</span> <span class='ocrx_word' id='word_1_331' title='bbox 835 2065 888 2093; x_wconf 91' lang='lat' dir='ltr'>est,</span> <span class='ocrx_word' id='word_1_332' title='bbox 908 2065 937 2088; x_wconf 90' lang='lat' dir='ltr'>ut</span> <span class='ocrx_word' id='word_1_333' title='bbox 956 2069 995 2089; x_wconf 91' lang='lat' dir='ltr'>sa-</span> 
     </span>
     <span class='ocr_line' id='line_1_46' title="bbox 146 2104 995 2137; baseline 0.001 -8"><span class='ocrx_word' id='word_1_334' title='bbox 146 2104 223 2137; x_wconf 87' lang='lat' dir='ltr'>piens</span> <span class='ocrx_word' id='word_1_335' title='bbox 243 2104 290 2135; x_wconf 92' lang='lat' dir='ltr'>sit,</span> <span class='ocrx_word' id='word_1_336' title='bbox 311 2104 390 2130; x_wconf 91' lang='lat' dir='ltr'>etiam</span> <span class='ocrx_word' id='word_1_337' title='bbox 410 2104 469 2137; x_wconf 88' lang='lat' dir='ltr'>ipsa</span> <span class='ocrx_word' id='word_1_338' title='bbox 489 2104 526 2129; x_wconf 94' lang='lat' dir='ltr'>illi</span> <span class='ocrx_word' id='word_1_339' title='bbox 547 2111 629 2130; x_wconf 86' lang='lat' dir='ltr'>cansa</span> <span class='ocrx_word' id='word_1_340' title='bbox 649 2107 702 2135; x_wconf 91' lang='lat' dir='ltr'>est,</span> <span class='ocrx_word' id='word_1_341' title='bbox 722 2107 751 2130; x_wconf 89' lang='lat' dir='ltr'>ut</span> <span class='ocrx_word' id='word_1_342' title='bbox 764 2104 805 2130; x_wconf 91' lang='lat' dir='ltr'>sit.</span> <span class='ocrx_word' id='word_1_343' title='bbox 826 2104 851 2131; x_wconf 87' lang='lat' dir='ltr'>Si</span> <span class='ocrx_word' id='word_1_344' title='bbox 873 2111 935 2137; x_wconf 85' lang='lat' dir='ltr'>ergo</span> <span class='ocrx_word' id='word_1_345' title='bbox 955 2111 995 2131; x_wconf 88' lang='lat' dir='ltr'>sa-</span> 
     </span>
     <span class='ocr_line' id='line_1_47' title="bbox 146 2146 994 2181; baseline 0.001 -9"><span class='ocrx_word' id='word_1_346' title='bbox 146 2146 261 2180; x_wconf 86' lang='lat' dir='ltr'>pientia,</span> <span class='ocrx_word' id='word_1_347' title='bbox 281 2153 361 2180; x_wconf 88' lang='lat' dir='ltr'>quam</span> <span class='ocrx_word' id='word_1_348' title='bbox 381 2147 485 2179; x_wconf 87' lang='lat' dir='ltr'>genuit,</span> <span class='ocrx_word' id='word_1_349' title='bbox 506 2146 543 2172; x_wconf 95' lang='lat' dir='ltr'>illi</span> <span class='ocrx_word' id='word_1_350' title='bbox 563 2154 644 2173; x_wconf 87' lang='lat' dir='ltr'>eausa</span> <span class='ocrx_word' id='word_1_351' title='bbox 660 2150 712 2178; x_wconf 88' lang='lat' dir='ltr'>est,</span> <span class='ocrx_word' id='word_1_352' title='bbox 732 2150 761 2173; x_wconf 88' lang='lat' dir='ltr'>ut</span> <span class='ocrx_word' id='word_1_353' title='bbox 780 2147 887 2181; x_wconf 87' lang='lat' dir='ltr'>sapiens</span> <span class='ocrx_word' id='word_1_354' title='bbox 906 2147 954 2178; x_wconf 85' lang='lat' dir='ltr'>sit,</span> <span class='ocrx_word' id='word_1_355' title='bbox 969 2150 994 2173; x_wconf 92' lang='lat' dir='ltr'>et</span> 
     </span>
     <span class='ocr_line' id='line_1_48' title="bbox 146 2188 992 2223; baseline 0.001 -9"><span class='ocrx_word' id='word_1_356' title='bbox 146 2195 229 2214; x_wconf 89' lang='lat' dir='ltr'>causa</span> <span class='ocrx_word' id='word_1_357' title='bbox 248 2188 285 2214; x_wconf 90' lang='lat' dir='ltr'>illi</span> <span class='ocrx_word' id='word_1_358' title='bbox 305 2191 358 2220; x_wconf 86' lang='lat' dir='ltr'>est,</span> <span class='ocrx_word' id='word_1_359' title='bbox 388 2191 417 2214; x_wconf 90' lang='lat' dir='ltr'>ut</span> <span class='ocrx_word' id='word_1_360' title='bbox 446 2188 487 2214; x_wconf 88' lang='lat' dir='ltr'>sit.</span> <span class='ocrx_word' id='word_1_361' title='bbox 517 2188 569 2215; x_wconf 87' lang='lat' dir='ltr'>Sed</span> <span class='ocrx_word' id='word_1_362' title='bbox 597 2196 707 2215; x_wconf 86' lang='lat' dir='ltr'>causam</span> <span class='ocrx_word' id='word_1_363' title='bbox 726 2189 813 2221; x_wconf 86' lang='lat' dir='ltr'>Patri,</span> <span class='ocrx_word' id='word_1_364' title='bbox 833 2196 887 2223; x_wconf 88' lang='lat' dir='ltr'>qna</span> <span class='ocrx_word' id='word_1_365' title='bbox 906 2189 956 2221; x_wconf 86' lang='lat' dir='ltr'>sit,</span> <span class='ocrx_word' id='word_1_366' title='bbox 976 2197 992 2216; x_wconf 87' lang='lat' dir='ltr'>a</span> 
     </span>
     <span class='ocr_line' id='line_1_49' title="bbox 146 2231 995 2266; baseline 0.001 -9"><span class='ocrx_word' id='word_1_367' title='bbox 146 2231 223 2258; x_wconf 86' lang='lat' dir='ltr'>Patre</span> <span class='ocrx_word' id='word_1_368' title='bbox 242 2232 373 2264; x_wconf 80' lang='lat' dir='ltr'>genitam,</span> <span class='ocrx_word' id='word_1_369' title='bbox 394 2231 466 2257; x_wconf 89' lang='lat' dir='ltr'>nullo</span> <span class='ocrx_word' id='word_1_370' title='bbox 495 2232 575 2258; x_wconf 90' lang='lat' dir='ltr'>modo</span> <span class='ocrx_word' id='word_1_371' title='bbox 604 2232 749 2266; x_wconf 84' lang='lat' dir='ltr'>quisquam</span> <span class='ocrx_word' id='word_1_372' title='bbox 773 2232 872 2258; x_wconf 80' lang='lat' dir='ltr'>dixerit</span> <span class='ocrx_word' id='word_1_373' title='bbox 891 2233 995 2266; x_wconf 89' lang='lat' dir='ltr'>sapien-</span> 
     </span>
    </p>
   </div>
   <div class='ocr_carea' id='block_1_10' title="bbox 1021 366 1031 2267">
    <p class='ocr_par' dir='ltr' id='par_1_13' title="bbox 1021 366 1031 2267">
     <span class='ocr_line' id='line_1_50' title="bbox 1021 366 1031 2267; baseline 0 0"><span class='ocrx_word' id='word_1_374' title='bbox 1021 366 1031 2267; x_wconf 95' lang='lat' dir='ltr'> </span> 
     </span>
    </p>
   </div>
   <div class='ocr_carea' id='block_1_11' title="bbox 1051 362 2042 2269">
    <p class='ocr_par' dir='ltr' id='par_1_14' title="bbox 1056 362 1903 863">
     <span class='ocr_line' id='line_1_51' title="bbox 1058 362 1903 401; baseline 0.009 -14"><span class='ocrx_word' id='word_1_375' title='bbox 1058 362 1135 393; x_wconf 89' lang='lat' dir='ltr'>tiam;</span> <span class='ocrx_word' id='word_1_376' title='bbox 1156 362 1222 396; x_wconf 81' lang='lat' dir='ltr'>quid</span> <span class='ocrx_word' id='word_1_377' title='bbox 1242 363 1312 389; x_wconf 92' lang='lat' dir='ltr'>enim</span> <span class='ocrx_word' id='word_1_378' title='bbox 1326 366 1365 389; x_wconf 88' lang='lat' dir='ltr'>est</span> <span class='ocrx_word' id='word_1_379' title='bbox 1379 364 1515 390; x_wconf 81' lang='lat' dir='ltr'>insanius?</span> <span class='ocrx_word' id='word_1_380' title='bbox 1534 365 1571 391; x_wconf 90' lang='lat' dir='ltr'>Ita</span> <span class='ocrx_word' id='word_1_381' title='bbox 1591 373 1668 399; x_wconf 88' lang='lat' dir='ltr'>ergo,</span> <span class='ocrx_word' id='word_1_382' title='bbox 1682 367 1703 393; x_wconf 91' lang='lat' dir='ltr'>si</span> <span class='ocrx_word' id='word_1_383' title='bbox 1718 367 1795 394; x_wconf 87' lang='lat' dir='ltr'>Pater</span> <span class='ocrx_word' id='word_1_384' title='bbox 1812 369 1903 401; x_wconf 85' lang='lat' dir='ltr'>genuit</span> 
     </span>
     <span class='ocr_line' id='line_1_52' title="bbox 1058 404 1902 441; baseline 0.009 -12"><span class='ocrx_word' id='word_1_385' title='bbox 1058 404 1215 436; x_wconf 87' lang='lat' dir='ltr'>essentiam,</span> <span class='ocrx_word' id='word_1_386' title='bbox 1235 412 1289 438; x_wconf 88' lang='lat' dir='ltr'>qua</span> <span class='ocrx_word' id='word_1_387' title='bbox 1309 409 1362 436; x_wconf 90' lang='lat' dir='ltr'>est,</span> <span class='ocrx_word' id='word_1_388' title='bbox 1382 407 1511 438; x_wconf 87' lang='lat' dir='ltr'>essentia,</span> <span class='ocrx_word' id='word_1_389' title='bbox 1531 414 1613 441; x_wconf 89' lang='lat' dir='ltr'>quam</span> <span class='ocrx_word' id='word_1_390' title='bbox 1632 409 1737 441; x_wconf 89' lang='lat' dir='ltr'>genuit,</span> <span class='ocrx_word' id='word_1_391' title='bbox 1760 417 1842 437; x_wconf 91' lang='lat' dir='ltr'>causa</span> <span class='ocrx_word' id='word_1_392' title='bbox 1862 414 1902 437; x_wconf 91' lang='lat' dir='ltr'>est</span> 
     </span>
     <span class='ocr_line' id='line_1_53' title="bbox 1057 445 1903 486; baseline 0.011 -15"><span class='ocrx_word' id='word_1_393' title='bbox 1057 445 1109 477; x_wconf 93' lang='lat' dir='ltr'>illi,</span> <span class='ocrx_word' id='word_1_394' title='bbox 1129 449 1158 472; x_wconf 89' lang='lat' dir='ltr'>ut</span> <span class='ocrx_word' id='word_1_395' title='bbox 1177 447 1245 472; x_wconf 79' lang='lat' dir='ltr'>sit».</span> <span class='ocrx_word' id='word_1_396' title='bbox 1264 447 1323 473; x_wconf 93' lang='lat' dir='ltr'>Non</span> <span class='ocrx_word' id='word_1_397' title='bbox 1343 454 1406 481; x_wconf 88' lang='lat' dir='ltr'>ergo</span> <span class='ocrx_word' id='word_1_398' title='bbox 1426 448 1524 481; x_wconf 87' lang='lat' dir='ltr'>ipsam,</span> <span class='ocrx_word' id='word_1_399' title='bbox 1539 449 1612 483; x_wconf 76' lang='lat' dir='ltr'>qna‘³</span> <span class='ocrx_word' id='word_1_400' title='bbox 1633 454 1685 482; x_wconf 87' lang='lat' dir='ltr'>est,</span> <span class='ocrx_word' id='word_1_401' title='bbox 1706 453 1847 478; x_wconf 85' lang='lat' dir='ltr'>essentiam</span> <span class='ocrx_word' id='word_1_402' title='bbox 1861 460 1903 486; x_wconf 89' lang='lat' dir='ltr'>ge-</span> 
     </span>
     <span class='ocr_line' id='line_1_54' title="bbox 1056 489 1901 527; baseline 0.009 -13"><span class='ocrx_word' id='word_1_403' title='bbox 1056 489 1122 514; x_wconf 88' lang='lat' dir='ltr'>nuit.</span> <span class='ocrx_word' id='word_1_404' title='bbox 1148 489 1236 515; x_wconf 90' lang='lat' dir='ltr'>«Nam</span> <span class='ocrx_word' id='word_1_405' title='bbox 1262 489 1288 515; x_wconf 92' lang='lat' dir='ltr'>in</span> <span class='ocrx_word' id='word_1_406' title='bbox 1317 490 1363 516; x_wconf 90' lang='lat' dir='ltr'>illa</span> <span class='ocrx_word' id='word_1_407' title='bbox 1390 490 1577 524; x_wconf 85' lang='lat' dir='ltr'>simplicitate,</span> <span class='ocrx_word' id='word_1_408' title='bbox 1596 492 1683 526; x_wconf 88' lang='lat' dir='ltr'>inquit</span> <span class='ocrx_word' id='word_1_409' title='bbox 1701 494 1901 527; x_wconf 79' lang='lat' dir='ltr'>Augustinus⁹,</span> 
     </span>
     <span class='ocr_line' id='line_1_55' title="bbox 1057 531 1902 567; baseline 0.009 -11"><span class='ocrx_word' id='word_1_410' title='bbox 1057 531 1120 564; x_wconf 82' lang='lat' dir='ltr'>quia</span> <span class='ocrx_word' id='word_1_411' title='bbox 1139 538 1191 557; x_wconf 89' lang='lat' dir='ltr'>non</span> <span class='ocrx_word' id='word_1_412' title='bbox 1212 535 1252 558; x_wconf 84' lang='lat' dir='ltr'>est.</span> <span class='ocrx_word' id='word_1_413' title='bbox 1270 532 1344 558; x_wconf 88' lang='lat' dir='ltr'>aliud</span> <span class='ocrx_word' id='word_1_414' title='bbox 1372 539 1468 566; x_wconf 85' lang='lat' dir='ltr'>sapere</span> <span class='ocrx_word' id='word_1_415' title='bbox 1497 540 1578 567; x_wconf 89' lang='lat' dir='ltr'>quam</span> <span class='ocrx_word' id='word_1_416' title='bbox 1598 541 1673 566; x_wconf 87' lang='lat' dir='ltr'>esse,</span> <span class='ocrx_word' id='word_1_417' title='bbox 1694 536 1787 562; x_wconf 87' lang='lat' dir='ltr'>eadem</span> <span class='ocrx_word' id='word_1_418' title='bbox 1807 541 1846 563; x_wconf 89' lang='lat' dir='ltr'>est</span> <span class='ocrx_word' id='word_1_419' title='bbox 1865 537 1902 564; x_wconf 91' lang='lat' dir='ltr'>ibi</span> 
     </span>
     <span class='ocr_line' id='line_1_56' title="bbox 1056 573 1902 612; baseline 0.008 -13"><span class='ocrx_word' id='word_1_420' title='bbox 1056 573 1188 607; x_wconf 85' lang='lat' dir='ltr'>sapientia</span> <span class='ocrx_word' id='word_1_421' title='bbox 1207 581 1277 608; x_wconf 89' lang='lat' dir='ltr'>quae</span> <span class='ocrx_word' id='word_1_422' title='bbox 1297 575 1451 607; x_wconf 75' lang='lat' dir='ltr'>essentia»,</span> <span class='ocrx_word' id='word_1_423' title='bbox 1472 575 1587 610; x_wconf 89' lang='lat' dir='ltr'>ideoque</span> <span class='ocrx_word' id='word_1_424' title='bbox 1607 577 1678 610; x_wconf 90' lang='lat' dir='ltr'>quod</span> <span class='ocrx_word' id='word_1_425' title='bbox 1702 578 1735 604; x_wconf 90' lang='lat' dir='ltr'>de</span> <span class='ocrx_word' id='word_1_426' title='bbox 1757 580 1902 612; x_wconf 86' lang='lat' dir='ltr'>sapientia,</span> 
     </span>
     <span class='ocr_line' id='line_1_57' title="bbox 1056 616 1902 656; baseline 0.008 -14"><span class='ocrx_word' id='word_1_427' title='bbox 1056 616 1108 642; x_wconf 92' lang='grc'><strong>1100</strong></span> <span class='ocrx_word' id='word_1_428' title='bbox 1127 616 1161 642; x_wconf 84' lang='grc'>(10</span> <span class='ocrx_word' id='word_1_429' title='bbox 1180 617 1294 643; x_wconf 88' lang='lat' dir='ltr'>essentia</span> <span class='ocrx_word' id='word_1_430' title='bbox 1313 617 1436 644; x_wconf 88' lang='lat' dir='ltr'>dicimus.</span> <span class='ocrx_word' id='word_1_431' title='bbox 1452 618 1526 644; x_wconf 87' lang='lat' dir='ltr'>Sicut</span> <span class='ocrx_word' id='word_1_432' title='bbox 1539 625 1602 651; x_wconf 80' lang='lat' dir='ltr'>ergo</span> <span class='ocrx_word' id='word_1_433' title='bbox 1616 627 1668 645; x_wconf 91' lang='lat' dir='ltr'>non</span> <span class='ocrx_word' id='word_1_434' title='bbox 1688 622 1780 653; x_wconf 86' lang='lat' dir='ltr'>genuit</span> <span class='ocrx_word' id='word_1_435' title='bbox 1799 622 1902 656; x_wconf 88' lang='lat' dir='ltr'>sapien-</span> 
     </span>
     <span class='ocr_line' id='line_1_58' title="bbox 1057 659 1902 697; baseline 0.008 -13"><span class='ocrx_word' id='word_1_436' title='bbox 1057 659 1135 690; x_wconf 89' lang='lat' dir='ltr'>tiam,</span> <span class='ocrx_word' id='word_1_437' title='bbox 1155 666 1209 692; x_wconf 82' lang='lat' dir='ltr'>qua</span> <span class='ocrx_word' id='word_1_438' title='bbox 1228 660 1335 693; x_wconf 89' lang='lat' dir='ltr'>sapiens</span> <span class='ocrx_word' id='word_1_439' title='bbox 1355 663 1406 692; x_wconf 89' lang='lat' dir='ltr'>est,</span> <span class='ocrx_word' id='word_1_440' title='bbox 1427 660 1463 686; x_wconf 89' lang='lat' dir='ltr'>ita</span> <span class='ocrx_word' id='word_1_441' title='bbox 1482 668 1531 687; x_wconf 89' lang='lat' dir='ltr'>nec</span> <span class='ocrx_word' id='word_1_442' title='bbox 1552 662 1708 694; x_wconf 86' lang='lat' dir='ltr'>essentiam,</span> <span class='ocrx_word' id='word_1_443' title='bbox 1729 670 1783 697; x_wconf 89' lang='lat' dir='ltr'>qua</span> <span class='ocrx_word' id='word_1_444' title='bbox 1802 667 1849 690; x_wconf 86' lang='lat' dir='ltr'>est.</span> <span class='ocrx_word' id='word_1_445' title='bbox 1868 665 1902 691; x_wconf 89' lang='lat' dir='ltr'>Ut</span> 
     </span>
     <span class='ocr_line' id='line_1_59' title="bbox 1056 701 1902 739; baseline 0.008 -13"><span class='ocrx_word' id='word_1_446' title='bbox 1056 701 1127 727; x_wconf 91' lang='lat' dir='ltr'>enim</span> <span class='ocrx_word' id='word_1_447' title='bbox 1146 701 1277 735; x_wconf 85' lang='lat' dir='ltr'>sapientia</span> <span class='ocrx_word' id='word_1_448' title='bbox 1305 703 1413 736; x_wconf 88' lang='lat' dir='ltr'>sapiens</span> <span class='ocrx_word' id='word_1_449' title='bbox 1442 706 1482 729; x_wconf 85' lang='lat' dir='ltr'>est</span> <span class='ocrx_word' id='word_1_450' title='bbox 1509 707 1535 730; x_wconf 89' lang='lat' dir='ltr'>et</span> <span class='ocrx_word' id='word_1_451' title='bbox 1554 705 1672 737; x_wconf 89' lang='lat' dir='ltr'>potentia</span> <span class='ocrx_word' id='word_1_452' title='bbox 1692 708 1801 739; x_wconf 89' lang='lat' dir='ltr'>potens,</span> <span class='ocrx_word' id='word_1_453' title='bbox 1821 707 1857 733; x_wconf 92' lang='lat' dir='ltr'>ita</span> <span class='ocrx_word' id='word_1_454' title='bbox 1877 711 1902 734; x_wconf 90' lang='lat' dir='ltr'>et</span> 
     </span>
     <span class='ocr_line' id='line_1_60' title="bbox 1056 744 1901 781; baseline 0.007 -12"><span class='ocrx_word' id='word_1_455' title='bbox 1056 745 1171 770; x_wconf 87' lang='lat' dir='ltr'>essentia</span> <span class='ocrx_word' id='word_1_456' title='bbox 1190 744 1249 778; x_wconf 90' lang='lat' dir='ltr'>ipse</span> <span class='ocrx_word' id='word_1_457' title='bbox 1268 747 1323 775; x_wconf 89' lang='lat' dir='ltr'>est,</span> <span class='ocrx_word' id='word_1_458' title='bbox 1343 744 1493 779; x_wconf 87' lang='lat' dir='ltr'>eademque</span> <span class='ocrx_word' id='word_1_459' title='bbox 1512 749 1552 772; x_wconf 88' lang='lat' dir='ltr'>est</span> <span class='ocrx_word' id='word_1_460' title='bbox 1571 746 1703 780; x_wconf 86' lang='lat' dir='ltr'>sapientia</span> <span class='ocrx_word' id='word_1_461' title='bbox 1724 751 1749 773; x_wconf 91' lang='lat' dir='ltr'>et</span> <span class='ocrx_word' id='word_1_462' title='bbox 1768 749 1901 781; x_wconf 88' lang='lat' dir='ltr'>potentia,</span> 
     </span>
     <span class='ocr_line' id='line_1_61' title="bbox 1056 786 1903 823; baseline 0.007 -12"><span class='ocrx_word' id='word_1_463' title='bbox 1056 792 1126 819; x_wconf 89' lang='lat' dir='ltr'>qnae</span> <span class='ocrx_word' id='word_1_464' title='bbox 1145 786 1268 812; x_wconf 86' lang='lat' dir='ltr'>essentia.</span> <span class='ocrx_word' id='word_1_465' title='bbox 1288 787 1363 812; x_wconf 90' lang='lat' dir='ltr'>Patet</span> <span class='ocrx_word' id='word_1_466' title='bbox 1377 787 1468 821; x_wconf 85' lang='lat' dir='ltr'>itaque</span> <span class='ocrx_word' id='word_1_467' title='bbox 1482 794 1515 813; x_wconf 88' lang='lat' dir='ltr'>ex</span> <span class='ocrx_word' id='word_1_468' title='bbox 1528 788 1689 821; x_wconf 79' lang='lat' dir='ltr'>praedictiS,</span> <span class='ocrx_word' id='word_1_469' title='bbox 1709 790 1773 823; x_wconf 86' lang='lat' dir='ltr'>quia</span> <span class='ocrx_word' id='word_1_470' title='bbox 1785 790 1805 803; x_wconf 79' lang='lat'>¹⁰</span> <span class='ocrx_word' id='word_1_471' title='bbox 1825 791 1903 817; x_wconf 86' lang='lat' dir='ltr'>Pater</span> 
     </span>
     <span class='ocr_line' id='line_1_62' title="bbox 1056 829 1529 863; baseline 0.004 -9"><span class='ocrx_word' id='word_1_472' title='bbox 1056 829 1199 855; x_wconf 88' lang='lat' dir='ltr'>essentiam</span> <span class='ocrx_word' id='word_1_473' title='bbox 1219 829 1338 855; x_wconf 84' lang='lat' dir='ltr'>divinam</span> <span class='ocrx_word' id='word_1_474' title='bbox 1357 837 1410 856; x_wconf 91' lang='lat' dir='ltr'>non</span> <span class='ocrx_word' id='word_1_475' title='bbox 1430 831 1529 863; x_wconf 85' lang='lat' dir='ltr'>gennit.</span> 
     </span>
    </p>

    <p class='ocr_par' dir='ltr' id='par_1_15' title="bbox 1125 871 2042 917">
     <span class='ocr_line' id='line_1_63' title="bbox 1125 871 2042 917; baseline 0.007 -20"><span class='ocrx_word' id='word_1_476' title='bbox 1125 871 1193 898; x_wconf 85' lang='lat' dir='ltr'>Huic</span> <span class='ocrx_word' id='word_1_477' title='bbox 1213 875 1302 899; x_wconf 88' lang='lat' dir='ltr'>antem</span> <span class='ocrx_word' id='word_1_478' title='bbox 1322 872 1429 899; x_wconf 88' lang='lat' dir='ltr'>videtur</span> <span class='ocrx_word' id='word_1_479' title='bbox 1457 874 1622 900; x_wconf 87' lang='lat' dir='ltr'>contrarium</span> <span class='ocrx_word' id='word_1_480' title='bbox 1646 875 1719 908; x_wconf 89' lang='lat' dir='ltr'>quod</span> <span class='ocrx_word' id='word_1_481' title='bbox 1738 876 1902 909; x_wconf 77' lang='lat' dir='ltr'>Augustinus</span> <span class='ocrx_word' id='word_1_482' title='bbox 1915 876 2042 917; x_wconf 50' lang='lat' dir='ltr'>{ffigfgssfgffl</span> 
     </span>
    </p>

    <p class='ocr_par' dir='ltr' id='par_1_16' title="bbox 1053 914 2017 1537">
     <span class='ocr_line' id='line_1_64' title="bbox 1056 914 2017 951; baseline 0.007 -12"><span class='ocrx_word' id='word_1_483' title='bbox 1056 914 1093 939; x_wconf 89' lang='lat' dir='ltr'>ait</span> <span class='ocrx_word' id='word_1_484' title='bbox 1106 914 1132 940; x_wconf 89' lang='lat' dir='ltr'>in</span> <span class='ocrx_word' id='word_1_485' title='bbox 1146 914 1215 941; x_wconf 92' lang='lat' dir='ltr'>libro</span> <span class='ocrx_word' id='word_1_486' title='bbox 1228 915 1308 941; x_wconf 86' lang='lat' dir='ltr'>unico</span> <span class='ocrx_word' id='word_1_487' title='bbox 1322 915 1355 941; x_wconf 89' lang='lat' dir='ltr'>de</span> <span class='ocrx_word' id='word_1_488' title='bbox 1368 915 1434 942; x_wconf 87' lang='lat' dir='ltr'>Fide</span> <span class='ocrx_word' id='word_1_489' title='bbox 1447 918 1473 943; x_wconf 87' lang='lat' dir='ltr'>et</span> <span class='ocrx_word' id='word_1_490' title='bbox 1485 916 1621 950; x_wconf 78' lang='lat' dir='ltr'>symbolo,</span> <span class='ocrx_word' id='word_1_491' title='bbox 1635 918 1754 951; x_wconf 89' lang='lat' dir='ltr'>capitulo</span> <span class='ocrx_word' id='word_1_492' title='bbox 1775 919 1852 945; x_wconf 90' lang='lat' dir='ltr'>tertio</span> <span class='ocrx_word' id='word_1_493' title='bbox 1866 919 1901 944; x_wconf 82' lang='lat'>¹¹:</span> <span class='ocrx_word' id='word_1_494' title='bbox 1927 914 2017 945; x_wconf 44' lang='lat' dir='ltr'>‘tustinus</span> 
     </span>
     <span class='ocr_line' id='line_1_65' title="bbox 1061 957 1902 994; baseline 0.007 -12"><span class='ocrx_word' id='word_1_495' title='bbox 1061 967 1072 979; x_wconf 75' lang='lat' dir='ltr'>«r</span> <span class='ocrx_word' id='word_1_496' title='bbox 1081 957 1167 988; x_wconf 90' lang='lat' dir='ltr'>Deus,</span> <span class='ocrx_word' id='word_1_497' title='bbox 1187 964 1249 983; x_wconf 90' lang='lat' dir='ltr'>cum</span> <span class='ocrx_word' id='word_1_498' title='bbox 1269 957 1389 984; x_wconf 85' lang='lat' dir='ltr'>Verbum</span> <span class='ocrx_word' id='word_1_499' title='bbox 1408 959 1513 992; x_wconf 88' lang='lat' dir='ltr'>genuit,</span> <span class='ocrx_word' id='word_1_500' title='bbox 1534 959 1560 985; x_wconf 86' lang='lat' dir='ltr'>id</span> <span class='ocrx_word' id='word_1_501' title='bbox 1580 959 1653 993; x_wconf 88' lang='lat' dir='ltr'>quod</span> <span class='ocrx_word' id='word_1_502' title='bbox 1667 960 1724 993; x_wconf 88' lang='lat' dir='ltr'>ipse</span> <span class='ocrx_word' id='word_1_503' title='bbox 1744 964 1784 986; x_wconf 88' lang='lat' dir='ltr'>est</span> <span class='ocrx_word' id='word_1_504' title='bbox 1802 962 1902 994; x_wconf 87' lang='lat' dir='ltr'>genuit,</span> 
     </span>
     <span class='ocr_line' id='line_1_66' title="bbox 1056 999 1900 1037; baseline 0.007 -13"><span class='ocrx_word' id='word_1_505' title='bbox 1056 1006 1105 1025; x_wconf 89' lang='lat' dir='ltr'>nec</span> <span class='ocrx_word' id='word_1_506' title='bbox 1125 999 1158 1025; x_wconf 88' lang='lat' dir='ltr'>de</span> <span class='ocrx_word' id='word_1_507' title='bbox 1177 999 1261 1026; x_wconf 93' lang='lat' dir='ltr'>nihilo</span> <span class='ocrx_word' id='word_1_508' title='bbox 1281 1007 1330 1026; x_wconf 89' lang='lat' dir='ltr'>nec</span> <span class='ocrx_word' id='word_1_509' title='bbox 1350 1001 1383 1027; x_wconf 90' lang='lat' dir='ltr'>de</span> <span class='ocrx_word' id='word_1_510' title='bbox 1402 1001 1492 1035; x_wconf 76' lang='lat' dir='ltr'>aIIqua</span> <span class='ocrx_word' id='word_1_511' title='bbox 1513 1002 1565 1028; x_wconf 89' lang='lat' dir='ltr'>iam</span> <span class='ocrx_word' id='word_1_512' title='bbox 1577 1002 1646 1028; x_wconf 79' lang='lat' dir='ltr'>facta</span> <span class='ocrx_word' id='word_1_513' title='bbox 1666 1003 1827 1037; x_wconf 86' lang='lat' dir='ltr'>conditaque</span> <span class='ocrx_word' id='word_1_514' title='bbox 1846 1011 1900 1030; x_wconf 91' lang='lat' dir='ltr'>ma—</span> 
     </span>
     <span class='ocr_line' id='line_1_67' title="bbox 1055 1042 1903 1078; baseline 0.006 -11"><span class='ocrx_word' id='word_1_515' title='bbox 1055 1042 1136 1073; x_wconf 89' lang='lat' dir='ltr'>teria,</span> <span class='ocrx_word' id='word_1_516' title='bbox 1150 1042 1197 1068; x_wconf 91' lang='lat' dir='ltr'>sed</span> <span class='ocrx_word' id='word_1_517' title='bbox 1211 1042 1244 1068; x_wconf 90' lang='lat' dir='ltr'>de</span> <span class='ocrx_word' id='word_1_518' title='bbox 1263 1050 1292 1069; x_wconf 90' lang='lat' dir='ltr'>se</span> <span class='ocrx_word' id='word_1_519' title='bbox 1305 1043 1364 1077; x_wconf 88' lang='lat' dir='ltr'>ipso</span> <span class='ocrx_word' id='word_1_520' title='bbox 1384 1043 1411 1069; x_wconf 92' lang='lat' dir='ltr'>id</span> <span class='ocrx_word' id='word_1_521' title='bbox 1425 1044 1497 1078; x_wconf 89' lang='lat' dir='ltr'>quod</span> <span class='ocrx_word' id='word_1_522' title='bbox 1511 1047 1551 1070; x_wconf 89' lang='lat' dir='ltr'>est</span> <span class='ocrx_word' id='word_1_523' title='bbox 1564 1044 1622 1078; x_wconf 89' lang='lat' dir='ltr'>ipse</span> <span class='ocrx_word' id='word_1_524' title='bbox 1632 1055 1656 1070; x_wconf 82' lang='grc'><strong>».</strong></span> <span class='ocrx_word' id='word_1_525' title='bbox 1676 1045 1739 1071; x_wconf 90' lang='lat' dir='ltr'>Item</span> <span class='ocrx_word' id='word_1_526' title='bbox 1752 1045 1785 1071; x_wconf 79' lang='lat'>²²:</span> <span class='ocrx_word' id='word_1_527' title='bbox 1811 1057 1821 1068; x_wconf 87' lang='lat'><em>«</em></span> <span class='ocrx_word' id='word_1_528' title='bbox 1832 1046 1903 1073; x_wconf 90' lang='lat' dir='ltr'>Deus</span> 
     </span>
     <span class='ocr_line' id='line_1_68' title="bbox 1054 1084 1903 1121; baseline 0.006 -11"><span class='ocrx_word' id='word_1_529' title='bbox 1054 1084 1146 1116; x_wconf 87' lang='lat' dir='ltr'>Pater,</span> <span class='ocrx_word' id='word_1_530' title='bbox 1166 1085 1213 1118; x_wconf 87' lang='grc'><strong>(1111</strong></span> <span class='ocrx_word' id='word_1_531' title='bbox 1232 1085 1373 1112; x_wconf 90' lang='lat' dir='ltr'>verissime</span> <span class='ocrx_word' id='word_1_532' title='bbox 1392 1094 1421 1113; x_wconf 88' lang='lat' dir='ltr'>se</span> <span class='ocrx_word' id='word_1_533' title='bbox 1449 1086 1569 1113; x_wconf 85' lang='lat' dir='ltr'>indicare</span> <span class='ocrx_word' id='word_1_534' title='bbox 1595 1088 1691 1113; x_wconf 88' lang='lat' dir='ltr'>animis</span> <span class='ocrx_word' id='word_1_535' title='bbox 1710 1088 1858 1121; x_wconf 81' lang='lat' dir='ltr'>cognituris</span> <span class='ocrx_word' id='word_1_536' title='bbox 1878 1092 1903 1115; x_wconf 87' lang='lat' dir='ltr'>et</span> 
     </span>
     <span class='ocr_line' id='line_1_69' title="bbox 1055 1127 1902 1164; baseline 0.006 -12"><span class='ocrx_word' id='word_1_537' title='bbox 1055 1127 1140 1153; x_wconf 89' lang='lat' dir='ltr'>voluit</span> <span class='ocrx_word' id='word_1_538' title='bbox 1160 1130 1185 1153; x_wconf 88' lang='lat' dir='ltr'>et</span> <span class='ocrx_word' id='word_1_539' title='bbox 1203 1128 1305 1161; x_wconf 88' lang='lat' dir='ltr'>potuit,</span> <span class='ocrx_word' id='word_1_540' title='bbox 1325 1128 1377 1155; x_wconf 91' lang='lat' dir='ltr'>hoc</span> <span class='ocrx_word' id='word_1_541' title='bbox 1397 1129 1431 1155; x_wconf 87' lang='lat' dir='ltr'>ad</span> <span class='ocrx_word' id='word_1_542' title='bbox 1450 1137 1479 1155; x_wconf 91' lang='lat' dir='ltr'>se</span> <span class='ocrx_word' id='word_1_543' title='bbox 1498 1130 1587 1163; x_wconf 88' lang='lat' dir='ltr'>ipsum</span> <span class='ocrx_word' id='word_1_544' title='bbox 1611 1130 1784 1157; x_wconf 90' lang='lat' dir='ltr'>indicandum</span> <span class='ocrx_word' id='word_1_545' title='bbox 1804 1131 1902 1164; x_wconf 89' lang='lat' dir='ltr'>genuit,</span> 
     </span>
     <span class='ocr_line' id='line_1_70' title="bbox 1055 1170 1903 1206; baseline 0.006 -11"><span class='ocrx_word' id='word_1_546' title='bbox 1055 1170 1128 1203; x_wconf 88' lang='lat' dir='ltr'>qnod</span> <span class='ocrx_word' id='word_1_547' title='bbox 1148 1173 1187 1196; x_wconf 89' lang='lat' dir='ltr'>est</span> <span class='ocrx_word' id='word_1_548' title='bbox 1207 1170 1264 1204; x_wconf 91' lang='lat' dir='ltr'>ipse</span> <span class='ocrx_word' id='word_1_549' title='bbox 1284 1170 1331 1205; x_wconf 88' lang='lat' dir='ltr'>qui</span> <span class='ocrx_word' id='word_1_550' title='bbox 1351 1172 1475 1204; x_wconf 79' lang='lat' dir='ltr'>genuit».</span> <span class='ocrx_word' id='word_1_551' title='bbox 1496 1172 1566 1198; x_wconf 89' lang='lat' dir='ltr'>Ecce</span> <span class='ocrx_word' id='word_1_552' title='bbox 1586 1176 1679 1206; x_wconf 80' lang='lat' dir='ltr'>aperte</span> <span class='ocrx_word' id='word_1_553' title='bbox 1698 1173 1764 1199; x_wconf 91' lang='lat' dir='ltr'>dicit</span> <span class='ocrx_word' id='word_1_554' title='bbox 1784 1174 1826 1199; x_wconf 88' lang='lat' dir='ltr'>his</span> <span class='ocrx_word' id='word_1_555' title='bbox 1846 1181 1903 1200; x_wconf 47' lang='lat' dir='ltr'>ver*</span> 
     </span>
     <span class='ocr_line' id='line_1_71' title="bbox 1054 1211 1902 1249; baseline 0.006 -12"><span class='ocrx_word' id='word_1_556' title='bbox 1054 1211 1110 1243; x_wconf 93' lang='lat' dir='ltr'>bis,</span> <span class='ocrx_word' id='word_1_557' title='bbox 1130 1212 1216 1239; x_wconf 90' lang='lat' dir='ltr'>Deum</span> <span class='ocrx_word' id='word_1_558' title='bbox 1234 1213 1339 1240; x_wconf 88' lang='lat' dir='ltr'>Patrem</span> <span class='ocrx_word' id='word_1_559' title='bbox 1359 1214 1482 1247; x_wconf 89' lang='lat' dir='ltr'>genuisse</span> <span class='ocrx_word' id='word_1_560' title='bbox 1508 1214 1573 1241; x_wconf 90' lang='lat' dir='ltr'>illud</span> <span class='ocrx_word' id='word_1_561' title='bbox 1599 1215 1672 1249; x_wconf 89' lang='lat' dir='ltr'>quod</span> <span class='ocrx_word' id='word_1_562' title='bbox 1691 1216 1749 1249; x_wconf 90' lang='lat' dir='ltr'>ipse</span> <span class='ocrx_word' id='word_1_563' title='bbox 1769 1219 1815 1242; x_wconf 91' lang='lat' dir='ltr'>est.</span> <span class='ocrx_word' id='word_1_564' title='bbox 1834 1216 1902 1242; x_wconf 88' lang='lat' dir='ltr'>Illud</span> 
     </span>
     <span class='ocr_line' id='line_1_72' title="bbox 1055 1255 1903 1289; baseline 0.006 -9"><span class='ocrx_word' id='word_1_565' title='bbox 1055 1258 1144 1280; x_wconf 89' lang='lat' dir='ltr'>autem</span> <span class='ocrx_word' id='word_1_566' title='bbox 1164 1255 1238 1289; x_wconf 85' lang='lat' dir='ltr'>quod</span> <span class='ocrx_word' id='word_1_567' title='bbox 1257 1256 1315 1289; x_wconf 90' lang='lat' dir='ltr'>ipse</span> <span class='ocrx_word' id='word_1_568' title='bbox 1335 1260 1388 1288; x_wconf 89' lang='lat' dir='ltr'>est,</span> <span class='ocrx_word' id='word_1_569' title='bbox 1408 1264 1459 1283; x_wconf 91' lang='lat' dir='ltr'>non</span> <span class='ocrx_word' id='word_1_570' title='bbox 1480 1260 1520 1283; x_wconf 92' lang='lat' dir='ltr'>est</span> <span class='ocrx_word' id='word_1_571' title='bbox 1538 1258 1588 1283; x_wconf 88' lang='lat' dir='ltr'>nisi</span> <span class='ocrx_word' id='word_1_572' title='bbox 1609 1258 1723 1284; x_wconf 87' lang='lat' dir='ltr'>essentia</span> <span class='ocrx_word' id='word_1_573' title='bbox 1742 1258 1846 1284; x_wconf 87' lang='lat' dir='ltr'>divina:</span> <span class='ocrx_word' id='word_1_574' title='bbox 1867 1259 1903 1285; x_wconf 80' lang='lat' dir='ltr'>vi-</span> 
     </span>
     <span class='ocr_line' id='line_1_73' title="bbox 1054 1297 1903 1334; baseline 0.006 -12"><span class='ocrx_word' id='word_1_575' title='bbox 1054 1297 1133 1323; x_wconf 89' lang='lat' dir='ltr'>detur</span> <span class='ocrx_word' id='word_1_576' title='bbox 1152 1304 1215 1330; x_wconf 87' lang='lat' dir='ltr'>ergo</span> <span class='ocrx_word' id='word_1_577' title='bbox 1245 1298 1363 1325; x_wconf 91' lang='lat' dir='ltr'>divinam</span> <span class='ocrx_word' id='word_1_578' title='bbox 1383 1300 1525 1326; x_wconf 86' lang='lat' dir='ltr'>essentiam</span> <span class='ocrx_word' id='word_1_579' title='bbox 1554 1300 1685 1333; x_wconf 87' lang='lat' dir='ltr'>genuisse.</span> <span class='ocrx_word' id='word_1_580' title='bbox 1712 1300 1753 1326; x_wconf 83' lang='lat' dir='ltr'>Ad</span> <span class='ocrx_word' id='word_1_581' title='bbox 1772 1301 1845 1334; x_wconf 87' lang='lat' dir='ltr'>quod</span> <span class='ocrx_word' id='word_1_582' title='bbox 1865 1308 1903 1327; x_wconf 91' lang='lat' dir='ltr'>re-</span> 
     </span>
     <span class='ocr_line' id='line_1_74' title="bbox 1053 1339 1900 1375; baseline 0.006 -10"><span class='ocrx_word' id='word_1_583' title='bbox 1053 1339 1232 1373; x_wconf 89' lang='lat' dir='ltr'>spondemus,</span> <span class='ocrx_word' id='word_1_584' title='bbox 1252 1341 1298 1367; x_wconf 88' lang='lat' dir='ltr'>illa</span> <span class='ocrx_word' id='word_1_585' title='bbox 1318 1341 1401 1367; x_wconf 88' lang='lat' dir='ltr'>verba</span> <span class='ocrx_word' id='word_1_586' title='bbox 1421 1342 1460 1368; x_wconf 89' lang='lat' dir='ltr'>sic</span> <span class='ocrx_word' id='word_1_587' title='bbox 1489 1342 1660 1375; x_wconf 86' lang='lat' dir='ltr'>intelligenda</span> <span class='ocrx_word' id='word_1_588' title='bbox 1689 1350 1747 1369; x_wconf 88' lang='lat' dir='ltr'>esse</span> <span class='ocrx_word' id='word_1_589' title='bbox 1767 1343 1900 1370; x_wconf 89' lang='lat' dir='ltr'>dicentes:</span> 
     </span>
     <span class='ocr_line' id='line_1_75' title="bbox 1053 1382 1902 1419; baseline 0.006 -12"><span class='ocrx_word' id='word_1_590' title='bbox 1053 1382 1132 1408; x_wconf 87' lang='lat' dir='ltr'>Pater</span> <span class='ocrx_word' id='word_1_591' title='bbox 1150 1382 1184 1408; x_wconf 89' lang='lat' dir='ltr'>de</span> <span class='ocrx_word' id='word_1_592' title='bbox 1203 1390 1231 1409; x_wconf 91' lang='lat' dir='ltr'>se</span> <span class='ocrx_word' id='word_1_593' title='bbox 1245 1383 1303 1417; x_wconf 89' lang='lat' dir='ltr'>ipso</span> <span class='ocrx_word' id='word_1_594' title='bbox 1323 1384 1414 1417; x_wconf 89' lang='lat' dir='ltr'>genuit</span> <span class='ocrx_word' id='word_1_595' title='bbox 1434 1384 1500 1410; x_wconf 88' lang='lat' dir='ltr'>illud</span> <span class='ocrx_word' id='word_1_596' title='bbox 1520 1385 1593 1419; x_wconf 89' lang='lat' dir='ltr'>quod</span> <span class='ocrx_word' id='word_1_597' title='bbox 1612 1385 1670 1418; x_wconf 90' lang='lat' dir='ltr'>ipsc</span> <span class='ocrx_word' id='word_1_598' title='bbox 1690 1388 1744 1415; x_wconf 90' lang='lat' dir='ltr'>est,</span> <span class='ocrx_word' id='word_1_599' title='bbox 1765 1386 1790 1411; x_wconf 95' lang='lat' dir='ltr'>id</span> <span class='ocrx_word' id='word_1_600' title='bbox 1811 1389 1851 1412; x_wconf 85' lang='lat' dir='ltr'>est</span> <span class='ocrx_word' id='word_1_601' title='bbox 1863 1386 1902 1412; x_wconf 90' lang='lat' dir='ltr'>Fi-</span> 
     </span>
     <span class='ocr_line' id='line_1_76' title="bbox 1053 1424 1901 1462; baseline 0.005 -12"><span class='ocrx_word' id='word_1_602' title='bbox 1053 1424 1134 1456; x_wconf 89' lang='lat' dir='ltr'>lium,</span> <span class='ocrx_word' id='word_1_603' title='bbox 1154 1425 1201 1459; x_wconf 90' lang='grc'><strong>(1111</strong></span> <span class='ocrx_word' id='word_1_604' title='bbox 1224 1429 1264 1452; x_wconf 82' lang='grc'>051</span> <span class='ocrx_word' id='word_1_605' title='bbox 1291 1426 1358 1452; x_wconf 88' lang='lat' dir='ltr'>illud</span> <span class='ocrx_word' id='word_1_606' title='bbox 1377 1427 1450 1460; x_wconf 85' lang='lat' dir='ltr'>quod</span> <span class='ocrx_word' id='word_1_607' title='bbox 1470 1427 1548 1453; x_wconf 89' lang='lat' dir='ltr'>Pater</span> <span class='ocrx_word' id='word_1_608' title='bbox 1568 1430 1615 1453; x_wconf 91' lang='lat' dir='ltr'>est.</span> <span class='ocrx_word' id='word_1_609' title='bbox 1635 1427 1703 1453; x_wconf 89' lang='lat' dir='ltr'>Nam</span> <span class='ocrx_word' id='word_1_610' title='bbox 1723 1428 1796 1462; x_wconf 78' lang='lat' dir='ltr'>quod</span> <span class='ocrx_word' id='word_1_611' title='bbox 1823 1428 1901 1454; x_wconf 88' lang='lat' dir='ltr'>Pater</span> 
     </span>
     <span class='ocr_line' id='line_1_77' title="bbox 1054 1468 1902 1504; baseline 0.005 -11"><span class='ocrx_word' id='word_1_612' title='bbox 1054 1471 1107 1499; x_wconf 91' lang='lat' dir='ltr'>cst,</span> <span class='ocrx_word' id='word_1_613' title='bbox 1128 1471 1154 1494; x_wconf 89' lang='lat' dir='ltr'>et</span> <span class='ocrx_word' id='word_1_614' title='bbox 1172 1468 1256 1494; x_wconf 90' lang='lat' dir='ltr'>Filius</span> <span class='ocrx_word' id='word_1_615' title='bbox 1278 1468 1331 1495; x_wconf 89' lang='lat' dir='ltr'>hoc</span> <span class='ocrx_word' id='word_1_616' title='bbox 1359 1472 1413 1501; x_wconf 88' lang='lat' dir='ltr'>est,</span> <span class='ocrx_word' id='word_1_617' title='bbox 1441 1469 1489 1495; x_wconf 90' lang='lat' dir='ltr'>sed</span> <span class='ocrx_word' id='word_1_618' title='bbox 1508 1477 1561 1496; x_wconf 92' lang='lat' dir='ltr'>non</span> <span class='ocrx_word' id='word_1_619' title='bbox 1581 1469 1630 1504; x_wconf 82' lang='lat' dir='ltr'>qui</span> <span class='ocrx_word' id='word_1_620' title='bbox 1647 1470 1725 1496; x_wconf 87' lang='lat' dir='ltr'>Pater</span> <span class='ocrx_word' id='word_1_621' title='bbox 1745 1473 1798 1501; x_wconf 92' lang='lat' dir='ltr'>est,</span> <span class='ocrx_word' id='word_1_622' title='bbox 1819 1474 1844 1497; x_wconf 90' lang='lat' dir='ltr'>et</span> <span class='ocrx_word' id='word_1_623' title='bbox 1863 1471 1902 1497; x_wconf 90' lang='lat' dir='ltr'>Fi-</span> 
     </span>
     <span class='ocr_line' id='line_1_78' title="bbox 1053 1510 1237 1537; baseline 0 -1"><span class='ocrx_word' id='word_1_624' title='bbox 1053 1510 1105 1536; x_wconf 88' lang='lat' dir='ltr'>lius</span> <span class='ocrx_word' id='word_1_625' title='bbox 1126 1510 1170 1536; x_wconf 80' lang='lat' dir='ltr'>llic</span> <span class='ocrx_word' id='word_1_626' title='bbox 1190 1514 1237 1537; x_wconf 89' lang='lat' dir='ltr'>est.</span> 
     </span>
    </p>

    <p class='ocr_par' dir='ltr' id='par_1_17' title="bbox 1052 1553 2040 1929">
     <span class='ocr_line' id='line_1_79' title="bbox 1123 1553 2030 1593; baseline 0.007 -15"><span class='ocrx_word' id='word_1_627' title='bbox 1123 1553 1161 1579; x_wconf 90' lang='lat' dir='ltr'>Ita</span> <span class='ocrx_word' id='word_1_628' title='bbox 1180 1553 1261 1579; x_wconf 90' lang='lat' dir='ltr'>etiam</span> <span class='ocrx_word' id='word_1_629' title='bbox 1279 1561 1332 1580; x_wconf 90' lang='lat' dir='ltr'>non</span> <span class='ocrx_word' id='word_1_630' title='bbox 1352 1557 1392 1580; x_wconf 87' lang='lat' dir='ltr'>est</span> <span class='ocrx_word' id='word_1_631' title='bbox 1411 1554 1569 1586; x_wconf 87' lang='lat' dir='ltr'>dicendum,</span> <span class='ocrx_word' id='word_1_632' title='bbox 1589 1555 1662 1589; x_wconf 89' lang='lat' dir='ltr'>quod</span> <span class='ocrx_word' id='word_1_633' title='bbox 1676 1555 1766 1582; x_wconf 89' lang='lat' dir='ltr'>divina</span> <span class='ocrx_word' id='word_1_634' title='bbox 1786 1556 1900 1582; x_wconf 86' lang='lat' dir='ltr'>essentia</span> <span class='ocrx_word' id='word_1_635' title='bbox 1914 1561 1965 1593; x_wconf 50' lang='lat'>‘³57⁵</span> <span class='ocrx_word' id='word_1_636' title='bbox 1988 1567 2030 1584; x_wconf 73' lang='lat' dir='ltr'>rar-</span> 
     </span>
     <span class='ocr_line' id='line_1_80' title="bbox 1053 1586 2040 1633; baseline 0.005 -12"><span class='ocrx_word' id='word_1_637' title='bbox 1053 1595 1144 1628; x_wconf 88' lang='lat' dir='ltr'>genuit</span> <span class='ocrx_word' id='word_1_638' title='bbox 1171 1596 1282 1628; x_wconf 87' lang='lat' dir='ltr'>Filium,</span> <span class='ocrx_word' id='word_1_639' title='bbox 1312 1597 1375 1630; x_wconf 89' lang='lat' dir='ltr'>quia</span> <span class='ocrx_word' id='word_1_640' title='bbox 1404 1604 1467 1623; x_wconf 89' lang='lat' dir='ltr'>cum</span> <span class='ocrx_word' id='word_1_641' title='bbox 1495 1597 1578 1624; x_wconf 87' lang='lat' dir='ltr'>Filius</span> <span class='ocrx_word' id='word_1_642' title='bbox 1602 1598 1636 1623; x_wconf 92' lang='lat' dir='ltr'>sit</span> <span class='ocrx_word' id='word_1_643' title='bbox 1661 1598 1751 1624; x_wconf 90' lang='lat' dir='ltr'>divina</span> <span class='ocrx_word' id='word_1_644' title='bbox 1771 1599 1899 1630; x_wconf 88' lang='lat' dir='ltr'>essentia,</span> <span class='ocrx_word' id='word_1_645' title='bbox 1924 1586 2040 1633; x_wconf 47' lang='grc' dir='ltr'>ξῖῗωέἓηέἆι-</span> 
     </span>
     <span class='ocr_line' id='line_1_81' title="bbox 1052 1633 1957 1673; baseline 0.004 -10"><span class='ocrx_word' id='word_1_646' title='bbox 1052 1638 1106 1663; x_wconf 85' lang='grc'><strong>13111</strong></span> <span class='ocrx_word' id='word_1_647' title='bbox 1126 1641 1195 1664; x_wconf 90' lang='lat' dir='ltr'>esset</span> <span class='ocrx_word' id='word_1_648' title='bbox 1223 1638 1306 1664; x_wconf 90' lang='lat' dir='ltr'>Filius</span> <span class='ocrx_word' id='word_1_649' title='bbox 1324 1646 1382 1670; x_wconf 88' lang='lat' dir='ltr'>res,</span> <span class='ocrx_word' id='word_1_650' title='bbox 1402 1646 1417 1665; x_wconf 87' lang='lat' dir='ltr'>a</span> <span class='ocrx_word' id='word_1_651' title='bbox 1446 1646 1499 1673; x_wconf 87' lang='grc'><strong>(1113</strong></span> <span class='ocrx_word' id='word_1_652' title='bbox 1528 1643 1684 1673; x_wconf 87' lang='lat' dir='ltr'>generatnr;</span> <span class='ocrx_word' id='word_1_653' title='bbox 1705 1643 1731 1667; x_wconf 87' lang='lat' dir='ltr'>et</span> <span class='ocrx_word' id='word_1_654' title='bbox 1750 1640 1786 1667; x_wconf 91' lang='lat' dir='ltr'>ita</span> <span class='ocrx_word' id='word_1_655' title='bbox 1806 1641 1899 1667; x_wconf 89' lang='lat' dir='ltr'>eadem</span> <span class='ocrx_word' id='word_1_656' title='bbox 1925 1633 1957 1649; x_wconf 61' lang='lat'>‘&#39;¹&#39;‘</span> 
     </span>
     <span class='ocr_line' id='line_1_82' title="bbox 1052 1681 1899 1718; baseline 0.005 -12"><span class='ocrx_word' id='word_1_657' title='bbox 1052 1687 1095 1706; x_wconf 89' lang='lat' dir='ltr'>res</span> <span class='ocrx_word' id='word_1_658' title='bbox 1114 1687 1143 1706; x_wconf 89' lang='lat' dir='ltr'>se</span> <span class='ocrx_word' id='word_1_659' title='bbox 1172 1681 1258 1714; x_wconf 89' lang='lat' dir='ltr'>ipsam</span> <span class='ocrx_word' id='word_1_660' title='bbox 1286 1685 1432 1714; x_wconf 85' lang='lat' dir='ltr'>generaret.</span> <span class='ocrx_word' id='word_1_661' title='bbox 1461 1682 1499 1708; x_wconf 90' lang='lat' dir='ltr'>Ita</span> <span class='ocrx_word' id='word_1_662' title='bbox 1519 1683 1599 1708; x_wconf 90' lang='lat' dir='ltr'>etiam</span> <span class='ocrx_word' id='word_1_663' title='bbox 1619 1683 1748 1715; x_wconf 89' lang='lat' dir='ltr'>dicimus,</span> <span class='ocrx_word' id='word_1_664' title='bbox 1769 1684 1842 1718; x_wconf 86' lang='lat' dir='ltr'>quod</span> <span class='ocrx_word' id='word_1_665' title='bbox 1862 1691 1899 1710; x_wconf 89' lang='lat' dir='ltr'>es-</span> 
     </span>
     <span class='ocr_line' id='line_1_83' title="bbox 1052 1722 1898 1757; baseline 0.007 -10"><span class='ocrx_word' id='word_1_666' title='bbox 1052 1723 1137 1748; x_wconf 88' lang='lat' dir='ltr'>sentia</span> <span class='ocrx_word' id='word_1_667' title='bbox 1157 1722 1248 1749; x_wconf 89' lang='lat' dir='ltr'>divina</span> <span class='ocrx_word' id='word_1_668' title='bbox 1267 1731 1319 1750; x_wconf 90' lang='grc'><strong>11011</strong></span> <span class='ocrx_word' id='word_1_669' title='bbox 1339 1724 1430 1757; x_wconf 87' lang='lat' dir='ltr'>genuit</span> <span class='ocrx_word' id='word_1_670' title='bbox 1449 1725 1600 1751; x_wconf 89' lang='lat' dir='ltr'>essentiam.</span> <span class='ocrx_word' id='word_1_671' title='bbox 1624 1725 1690 1752; x_wconf 92' lang='lat' dir='ltr'>Cum</span> <span class='ocrx_word' id='word_1_672' title='bbox 1710 1726 1781 1752; x_wconf 88' lang='lat' dir='ltr'>enim</span> <span class='ocrx_word' id='word_1_673' title='bbox 1800 1734 1853 1753; x_wconf 90' lang='lat' dir='ltr'>una</span> <span class='ocrx_word' id='word_1_674' title='bbox 1873 1730 1898 1753; x_wconf 87' lang='lat' dir='ltr'>et</span> 
     </span>
     <span class='ocr_line' id='line_1_84' title="bbox 1052 1765 1898 1799; baseline 0.006 -9"><span class='ocrx_word' id='word_1_675' title='bbox 1052 1771 1156 1790; x_wconf 87' lang='lat' dir='ltr'>summa</span> <span class='ocrx_word' id='word_1_676' title='bbox 1176 1765 1309 1799; x_wconf 90' lang='lat' dir='ltr'>quaedam</span> <span class='ocrx_word' id='word_1_677' title='bbox 1329 1773 1372 1792; x_wconf 88' lang='lat' dir='ltr'>res</span> <span class='ocrx_word' id='word_1_678' title='bbox 1391 1767 1425 1792; x_wconf 91' lang='lat' dir='ltr'>sit</span> <span class='ocrx_word' id='word_1_679' title='bbox 1443 1767 1534 1793; x_wconf 86' lang='lat' dir='ltr'>divina</span> <span class='ocrx_word' id='word_1_680' title='bbox 1560 1768 1688 1799; x_wconf 88' lang='lat' dir='ltr'>essentia,</span> <span class='ocrx_word' id='word_1_681' title='bbox 1708 1768 1730 1794; x_wconf 91' lang='lat' dir='ltr'>si</span> <span class='ocrx_word' id='word_1_682' title='bbox 1750 1768 1841 1795; x_wconf 87' lang='lat' dir='ltr'>divina</span> <span class='ocrx_word' id='word_1_683' title='bbox 1860 1776 1898 1795; x_wconf 89' lang='lat' dir='ltr'>es-</span> 
     </span>
     <span class='ocr_line' id='line_1_85' title="bbox 1052 1807 1896 1844; baseline 0.006 -12"><span class='ocrx_word' id='word_1_684' title='bbox 1052 1807 1137 1833; x_wconf 89' lang='lat' dir='ltr'>sentia</span> <span class='ocrx_word' id='word_1_685' title='bbox 1157 1808 1299 1834; x_wconf 89' lang='lat' dir='ltr'>essentiam</span> <span class='ocrx_word' id='word_1_686' title='bbox 1319 1809 1424 1841; x_wconf 87' lang='lat' dir='ltr'>genuit,</span> <span class='ocrx_word' id='word_1_687' title='bbox 1444 1809 1537 1836; x_wconf 87' lang='lat' dir='ltr'>eadem</span> <span class='ocrx_word' id='word_1_688' title='bbox 1557 1817 1600 1836; x_wconf 92' lang='lat' dir='ltr'>res</span> <span class='ocrx_word' id='word_1_689' title='bbox 1619 1817 1648 1836; x_wconf 89' lang='lat' dir='ltr'>se</span> <span class='ocrx_word' id='word_1_690' title='bbox 1677 1810 1763 1844; x_wconf 87' lang='lat' dir='ltr'>ipsam</span> <span class='ocrx_word' id='word_1_691' title='bbox 1791 1812 1896 1844; x_wconf 85' lang='lat' dir='ltr'>genuit,</span> 
     </span>
     <span class='ocr_line' id='line_1_86' title="bbox 1052 1849 1897 1886; baseline 0.006 -12"><span class='ocrx_word' id='word_1_692' title='bbox 1052 1849 1125 1882; x_wconf 91' lang='lat' dir='ltr'>quod</span> <span class='ocrx_word' id='word_1_693' title='bbox 1145 1850 1252 1876; x_wconf 91' lang='lat' dir='ltr'>omnino</span> <span class='ocrx_word' id='word_1_694' title='bbox 1272 1857 1330 1877; x_wconf 87' lang='lat' dir='ltr'>esse</span> <span class='ocrx_word' id='word_1_695' title='bbox 1348 1858 1400 1877; x_wconf 90' lang='lat' dir='ltr'>non</span> <span class='ocrx_word' id='word_1_696' title='bbox 1420 1855 1521 1885; x_wconf 89' lang='lat' dir='ltr'>potest;</span> <span class='ocrx_word' id='word_1_697' title='bbox 1542 1852 1589 1878; x_wconf 90' lang='lat' dir='ltr'>sed</span> <span class='ocrx_word' id='word_1_698' title='bbox 1618 1853 1696 1879; x_wconf 87' lang='lat' dir='ltr'>Pater</span> <span class='ocrx_word' id='word_1_699' title='bbox 1714 1853 1787 1879; x_wconf 88' lang='lat' dir='ltr'>solus</span> <span class='ocrx_word' id='word_1_700' title='bbox 1806 1854 1897 1886; x_wconf 88' lang='lat' dir='ltr'>genuit</span> 
     </span>
     <span class='ocr_line' id='line_1_87' title="bbox 1052 1892 1898 1929; baseline 0.006 -12"><span class='ocrx_word' id='word_1_701' title='bbox 1052 1892 1163 1923; x_wconf 92' lang='lat' dir='ltr'>Filium,</span> <span class='ocrx_word' id='word_1_702' title='bbox 1184 1896 1209 1919; x_wconf 89' lang='lat' dir='ltr'>et</span> <span class='ocrx_word' id='word_1_703' title='bbox 1227 1900 1243 1919; x_wconf 89' lang='lat' dir='ltr'>a</span> <span class='ocrx_word' id='word_1_704' title='bbox 1262 1893 1339 1919; x_wconf 88' lang='lat' dir='ltr'>Patre</span> <span class='ocrx_word' id='word_1_705' title='bbox 1359 1897 1384 1919; x_wconf 87' lang='lat' dir='ltr'>et</span> <span class='ocrx_word' id='word_1_706' title='bbox 1404 1894 1470 1920; x_wconf 91' lang='lat' dir='ltr'>Filio</span> <span class='ocrx_word' id='word_1_707' title='bbox 1484 1895 1607 1928; x_wconf 88' lang='lat' dir='ltr'>procedit</span> <span class='ocrx_word' id='word_1_708' title='bbox 1621 1895 1736 1929; x_wconf 86' lang='lat' dir='ltr'>Spiritus</span> <span class='ocrx_word' id='word_1_709' title='bbox 1749 1896 1898 1922; x_wconf 60' lang='lat' dir='ltr'>sanctusffl.</span> 
     </span>
    </p>

    <p class='ocr_par' dir='ltr' id='par_1_18' title="bbox 1051 1935 2039 2269">
     <span class='ocr_line' id='line_1_88' title="bbox 1123 1935 2039 1973; baseline 0.002 -13"><span class='ocrx_word' id='word_1_710' title='bbox 1123 1935 1269 1961; x_wconf 89' lang='lat' dir='ltr'>Praedictis</span> <span class='ocrx_word' id='word_1_711' title='bbox 1298 1939 1387 1962; x_wconf 87' lang='lat' dir='ltr'>autem</span> <span class='ocrx_word' id='word_1_712' title='bbox 1416 1937 1523 1963; x_wconf 87' lang='lat' dir='ltr'>videtur</span> <span class='ocrx_word' id='word_1_713' title='bbox 1551 1938 1717 1964; x_wconf 89' lang='lat' dir='ltr'>contrarium</span> <span class='ocrx_word' id='word_1_714' title='bbox 1747 1946 1805 1965; x_wconf 88' lang='lat' dir='ltr'>esse</span> <span class='ocrx_word' id='word_1_715' title='bbox 1825 1939 1897 1973; x_wconf 89' lang='lat' dir='ltr'>quod</span> <span class='ocrx_word' id='word_1_716' title='bbox 1910 1945 2039 1971; x_wconf 62' lang='lat' dir='ltr'>Obiiciturex</span> 
     </span>
     <span class='ocr_line' id='line_1_89' title="bbox 1052 1969 2039 2013; baseline 0.005 -10"><span class='ocrx_word' id='word_1_717' title='bbox 1052 1977 1117 2003; x_wconf 87' lang='lat' dir='ltr'>dicit</span> <span class='ocrx_word' id='word_1_718' title='bbox 1127 1978 1292 2010; x_wconf 88' lang='lat' dir='ltr'>Augustinus</span> <span class='ocrx_word' id='word_1_719' title='bbox 1307 1979 1333 2004; x_wconf 88' lang='lat' dir='ltr'>in</span> <span class='ocrx_word' id='word_1_720' title='bbox 1347 1978 1416 2005; x_wconf 89' lang='lat' dir='ltr'>libro</span> <span class='ocrx_word' id='word_1_721' title='bbox 1436 1980 1550 2013; x_wconf 89' lang='lat' dir='ltr'>septimo</span> <span class='ocrx_word' id='word_1_722' title='bbox 1570 1980 1603 2006; x_wconf 92' lang='lat' dir='ltr'>de</span> <span class='ocrx_word' id='word_1_723' title='bbox 1616 1981 1788 2007; x_wconf 72' lang='lat' dir='ltr'>Trinitate¹⁴:</span> <span class='ocrx_word' id='word_1_724' title='bbox 1814 1992 1824 2004; x_wconf 90' lang='lat'>«</span> <span class='ocrx_word' id='word_1_725' title='bbox 1834 1982 1898 2013; x_wconf 89' lang='lat' dir='ltr'>Hoc,</span> <span class='ocrx_word' id='word_1_726' title='bbox 1923 1969 2039 1992; x_wconf 46' lang='lat' dir='ltr'>&#39;mmmm&#39;</span> 
     </span>
     <span class='ocr_line' id='line_1_90' title="bbox 1052 2019 1898 2056; baseline 0.006 -11"><span class='ocrx_word' id='word_1_727' title='bbox 1052 2019 1148 2054; x_wconf 88' lang='lat' dir='ltr'>inquit,</span> <span class='ocrx_word' id='word_1_728' title='bbox 1169 2023 1209 2046; x_wconf 90' lang='lat' dir='ltr'>est</span> <span class='ocrx_word' id='word_1_729' title='bbox 1227 2020 1282 2046; x_wconf 91' lang='lat' dir='ltr'>Deo</span> <span class='ocrx_word' id='word_1_730' title='bbox 1302 2027 1361 2047; x_wconf 88' lang='lat' dir='ltr'>esse</span> <span class='ocrx_word' id='word_1_731' title='bbox 1380 2021 1452 2055; x_wconf 90' lang='lat' dir='ltr'>quod</span> <span class='ocrx_word' id='word_1_732' title='bbox 1467 2028 1576 2056; x_wconf 86' lang='lat' dir='ltr'>sapere;</span> <span class='ocrx_word' id='word_1_733' title='bbox 1596 2022 1667 2049; x_wconf 90' lang='lat' dir='ltr'>unde</span> <span class='ocrx_word' id='word_1_734' title='bbox 1680 2023 1758 2049; x_wconf 86' lang='lat' dir='ltr'>Pater</span> <span class='ocrx_word' id='word_1_735' title='bbox 1772 2027 1798 2050; x_wconf 88' lang='lat' dir='ltr'>et</span> <span class='ocrx_word' id='word_1_736' title='bbox 1816 2024 1898 2050; x_wconf 90' lang='lat' dir='ltr'>Filius</span> 
     </span>
     <span class='ocr_line' id='line_1_91' title="bbox 1052 2062 1898 2098; baseline 0.005 -10"><span class='ocrx_word' id='word_1_737' title='bbox 1052 2062 1132 2088; x_wconf 89' lang='lat' dir='ltr'>simul</span> <span class='ocrx_word' id='word_1_738' title='bbox 1151 2065 1213 2088; x_wconf 92' lang='lat' dir='ltr'>sunt</span> <span class='ocrx_word' id='word_1_739' title='bbox 1233 2070 1286 2089; x_wconf 87' lang='lat' dir='ltr'>una</span> <span class='ocrx_word' id='word_1_740' title='bbox 1314 2064 1460 2097; x_wconf 88' lang='lat' dir='ltr'>sapientia,</span> <span class='ocrx_word' id='word_1_741' title='bbox 1489 2065 1552 2098; x_wconf 86' lang='lat' dir='ltr'>quia</span> <span class='ocrx_word' id='word_1_742' title='bbox 1581 2072 1634 2091; x_wconf 90' lang='lat' dir='ltr'>una</span> <span class='ocrx_word' id='word_1_743' title='bbox 1654 2066 1782 2092; x_wconf 87' lang='lat' dir='ltr'>essentia:</span> <span class='ocrx_word' id='word_1_744' title='bbox 1803 2069 1829 2092; x_wconf 88' lang='lat' dir='ltr'>et</span> <span class='ocrx_word' id='word_1_745' title='bbox 1848 2067 1898 2092; x_wconf 93' lang='lat' dir='ltr'>sin-</span> 
     </span>
     <span class='ocr_line' id='line_1_92' title="bbox 1052 2102 1899 2140; baseline 0.005 -9"><span class='ocrx_word' id='word_1_746' title='bbox 1052 2105 1163 2138; x_wconf 83' lang='lat' dir='ltr'>gillatim</span> <span class='ocrx_word' id='word_1_747' title='bbox 1192 2106 1323 2139; x_wconf 87' lang='lat' dir='ltr'>sapientia</span> <span class='ocrx_word' id='word_1_748' title='bbox 1347 2106 1380 2133; x_wconf 89' lang='lat' dir='ltr'>de</span> <span class='ocrx_word' id='word_1_749' title='bbox 1399 2107 1545 2140; x_wconf 88' lang='lat' dir='ltr'>sapientia,</span> <span class='ocrx_word' id='word_1_750' title='bbox 1565 2108 1635 2134; x_wconf 89' lang='lat' dir='ltr'>sicut</span> <span class='ocrx_word' id='word_1_751' title='bbox 1660 2108 1775 2135; x_wconf 83' lang='lat' dir='ltr'>essentia</span> <span class='ocrx_word' id='word_1_752' title='bbox 1800 2108 1833 2135; x_wconf 88' lang='lat' dir='ltr'>de</span> <span class='ocrx_word' id='word_1_753' title='bbox 1862 2102 1899 2135; x_wconf 86' lang='lat' dir='ltr'>es-</span> 
     </span>
     <span class='ocr_line' id='line_1_93' title="bbox 1051 2149 1899 2186; baseline 0.005 -12"><span class='ocrx_word' id='word_1_754' title='bbox 1051 2149 1136 2175; x_wconf 89' lang='lat' dir='ltr'>sentia</span> <span class='ocrx_word' id='word_1_755' title='bbox 1148 2160 1172 2175; x_wconf 85' lang='lat'>».</span> <span class='ocrx_word' id='word_1_756' title='bbox 1185 2149 1257 2175; x_wconf 88' lang='lat' dir='ltr'>Ecce</span> <span class='ocrx_word' id='word_1_757' title='bbox 1270 2149 1312 2175; x_wconf 89' lang='lat' dir='ltr'>his</span> <span class='ocrx_word' id='word_1_758' title='bbox 1326 2150 1415 2176; x_wconf 87' lang='lat' dir='ltr'>verbis</span> <span class='ocrx_word' id='word_1_759' title='bbox 1429 2154 1521 2184; x_wconf 86' lang='lat' dir='ltr'>aperte</span> <span class='ocrx_word' id='word_1_760' title='bbox 1535 2151 1601 2177; x_wconf 93' lang='lat' dir='ltr'>dicit</span> <span class='ocrx_word' id='word_1_761' title='bbox 1614 2152 1786 2184; x_wconf 60' lang='lat' dir='ltr'>Augustinus</span> <span class='ocrx_word' id='word_1_762' title='bbox 1797 2152 1899 2186; x_wconf 88' lang='lat' dir='ltr'>sapien-</span> 
     </span>
     <span class='ocr_line' id='line_1_94' title="bbox 1051 2191 1898 2226; baseline 0.005 -9"><span class='ocrx_word' id='word_1_763' title='bbox 1051 2191 1115 2217; x_wconf 88' lang='lat' dir='ltr'>tiam</span> <span class='ocrx_word' id='word_1_764' title='bbox 1135 2191 1168 2217; x_wconf 90' lang='lat' dir='ltr'>de</span> <span class='ocrx_word' id='word_1_765' title='bbox 1187 2191 1318 2225; x_wconf 87' lang='lat' dir='ltr'>sapientia</span> <span class='ocrx_word' id='word_1_766' title='bbox 1338 2195 1364 2218; x_wconf 89' lang='lat' dir='ltr'>et</span> <span class='ocrx_word' id='word_1_767' title='bbox 1376 2193 1518 2219; x_wconf 89' lang='lat' dir='ltr'>essentiam</span> <span class='ocrx_word' id='word_1_768' title='bbox 1532 2193 1565 2219; x_wconf 88' lang='lat' dir='ltr'>de</span> <span class='ocrx_word' id='word_1_769' title='bbox 1579 2194 1706 2226; x_wconf 90' lang='lat' dir='ltr'>essentia,</span> <span class='ocrx_word' id='word_1_770' title='bbox 1726 2194 1772 2220; x_wconf 94' lang='lat' dir='ltr'>ubi</span> <span class='ocrx_word' id='word_1_771' title='bbox 1792 2194 1898 2221; x_wconf 83' lang='lat' dir='ltr'>&#39;videtur</span> 
     </span>
     <span class='ocr_line' id='line_1_95' title="bbox 1051 2233 1899 2269; baseline 0.005 -10"><span class='ocrx_word' id='word_1_772' title='bbox 1051 2234 1216 2266; x_wconf 81' lang='lat' dir='ltr'>significare,</span> <span class='ocrx_word' id='word_1_773' title='bbox 1236 2233 1309 2267; x_wconf 87' lang='lat' dir='ltr'>quod</span> <span class='ocrx_word' id='word_1_774' title='bbox 1329 2234 1460 2268; x_wconf 87' lang='lat' dir='ltr'>sapientia</span> <span class='ocrx_word' id='word_1_775' title='bbox 1484 2236 1643 2269; x_wconf 86' lang='lat' dir='ltr'>sapientiam</span> <span class='ocrx_word' id='word_1_776' title='bbox 1663 2239 1689 2262; x_wconf 86' lang='lat' dir='ltr'>et</span> <span class='ocrx_word' id='word_1_777' title='bbox 1717 2238 1832 2263; x_wconf 90' lang='lat' dir='ltr'>essentia</span> <span class='ocrx_word' id='word_1_778' title='bbox 1861 2245 1899 2263; x_wconf 89' lang='lat' dir='ltr'>es-</span> 
     </span>
    </p>
   </div>
   <div class='ocr_carea' id='block_1_12' title="bbox 746 2315 1309 2320">
    <p class='ocr_par' dir='ltr' id='par_1_19' title="bbox 746 2315 1309 2320">
     <span class='ocr_line' id='line_1_96' title="bbox 746 2315 1309 2320; baseline 0 0"><span class='ocrx_word' id='word_1_779' title='bbox 746 2315 1309 2320; x_wconf 95' lang='lat' dir='ltr'> </span> 
     </span>
    </p>
   </div>
   <div class='ocr_carea' id='block_1_13' title="bbox 147 2365 995 2890">
    <p class='ocr_par' dir='ltr' id='par_1_20' title="bbox 210 2365 830 2396">
     <span class='ocr_line' id='line_1_97' title="bbox 210 2365 830 2396; baseline 0.005 -9"><span class='ocrx_word' id='word_1_780' title='bbox 210 2365 217 2379; x_wconf 87' lang='lat'><em>1</em></span> <span class='ocrx_word' id='word_1_781' title='bbox 236 2366 302 2387; x_wconf 80' lang='lat' dir='ltr'>Solus</span> <span class='ocrx_word' id='word_1_782' title='bbox 317 2366 368 2388; x_wconf 87' lang='lat' dir='ltr'>cod.</span> <span class='ocrx_word' id='word_1_783' title='bbox 386 2366 403 2388; x_wconf 80' lang='grc' dir='ltr'>Α</span> <span class='ocrx_word' id='word_1_784' title='bbox 422 2369 455 2388; x_wconf 85' lang='lat' dir='ltr'>ter</span> <span class='ocrx_word' id='word_1_785' title='bbox 473 2366 540 2389; x_wconf 85' lang='lat' dir='ltr'>habct</span> <span class='ocrx_word' id='word_1_786' title='bbox 557 2366 667 2395; x_wconf 66' lang='lat' dir='ltr'>affluerit</span> <span class='ocrx_word' id='word_1_787' title='bbox 681 2373 724 2394; x_wconf 87' lang='lat' dir='ltr'>pro</span> <span class='ocrx_word' id='word_1_788' title='bbox 741 2367 830 2396; x_wconf 74' lang='lat' dir='ltr'>yenm&#39;t.</span> 
     </span>
    </p>

    <p class='ocr_par' dir='ltr' id='par_1_21' title="bbox 209 2404 844 2432">
     <span class='ocr_line' id='line_1_98' title="bbox 209 2404 844 2432; baseline 0.005 -6"><span class='ocrx_word' id='word_1_789' title='bbox 209 2404 218 2418; x_wconf 79' lang='lat'>‘²</span> <span class='ocrx_word' id='word_1_790' title='bbox 235 2404 286 2426; x_wconf 83' lang='lat' dir='ltr'>Vat.</span> <span class='ocrx_word' id='word_1_791' title='bbox 303 2407 325 2426; x_wconf 84' lang='grc'>01</span> <span class='ocrx_word' id='word_1_792' title='bbox 341 2404 393 2426; x_wconf 83' lang='grc'><strong>0(1(1.</strong></span> <span class='ocrx_word' id='word_1_793' title='bbox 415 2404 426 2426; x_wconf 81' lang='lat'>4</span> <span class='ocrx_word' id='word_1_794' title='bbox 437 2423 442 2432; x_wconf 89' lang='lat'>‚</span> <span class='ocrx_word' id='word_1_795' title='bbox 461 2406 474 2427; x_wconf 77' lang='lat'>9</span> <span class='ocrx_word' id='word_1_796' title='bbox 492 2405 609 2432; x_wconf 79' lang='lat' dir='ltr'>superflue</span> <span class='ocrx_word' id='word_1_797' title='bbox 627 2405 715 2427; x_wconf 81' lang='lat' dir='ltr'>addunt</span> <span class='ocrx_word' id='word_1_798' title='bbox 732 2405 844 2429; x_wconf 62' lang='lat' dir='ltr'>(lit-inam.</span> 
     </span>
    </p>

    <p class='ocr_par' dir='ltr' id='par_1_22' title="bbox 147 2443 993 2510">
     <span class='ocr_line' id='line_1_99' title="bbox 209 2443 993 2474; baseline 0.004 -9"><span class='ocrx_word' id='word_1_799' title='bbox 209 2443 219 2458; x_wconf 79' lang='grc'>3</span> <span class='ocrx_word' id='word_1_800' title='bbox 235 2443 289 2471; x_wconf 83' lang='lat' dir='ltr'>Cap.</span> <span class='ocrx_word' id='word_1_801' title='bbox 308 2443 329 2465; x_wconf 91' lang='lat'>7.</span> <span class='ocrx_word' id='word_1_802' title='bbox 347 2449 369 2465; x_wconf 89' lang='lat' dir='ltr'>n.</span> <span class='ocrx_word' id='word_1_803' title='bbox 387 2444 415 2471; x_wconf 83' lang='lat'>8,</span> <span class='ocrx_word' id='word_1_804' title='bbox 434 2443 487 2466; x_wconf 83' lang='lat' dir='ltr'>ubi:</span> <span class='ocrx_word' id='word_1_805' title='bbox 507 2443 576 2471; x_wconf 78' lang='lat' dir='ltr'>Quod</span> <span class='ocrx_word' id='word_1_806' title='bbox 597 2445 677 2466; x_wconf 78' lang='lat' dir='ltr'>aulem</span> <span class='ocrx_word' id='word_1_807' title='bbox 700 2444 796 2467; x_wconf 73' lang='lat' dir='ltr'>relative</span> <span class='ocrx_word' id='word_1_808' title='bbox 820 2445 993 2474; x_wconf 68' lang='lat' dir='ltr'>prommtiamr</span> 
     </span>
     <span class='ocr_line' id='line_1_100' title="bbox 147 2482 950 2510; baseline 0.004 -6"><span class='ocrx_word' id='word_1_809' title='bbox 147 2484 188 2504; x_wconf 83' lang='lat' dir='ltr'>etc.</span> <span class='ocrx_word' id='word_1_810' title='bbox 207 2482 276 2504; x_wconf 81' lang='lat' dir='ltr'>Panlo</span> <span class='ocrx_word' id='word_1_811' title='bbox 294 2488 363 2510; x_wconf 88' lang='lat' dir='ltr'>snpra</span> <span class='ocrx_word' id='word_1_812' title='bbox 381 2482 434 2504; x_wconf 87' lang='lat' dir='ltr'>edd.</span> <span class='ocrx_word' id='word_1_813' title='bbox 456 2483 461 2504; x_wconf 87' lang='grc'>1</span> <span class='ocrx_word' id='word_1_814' title='bbox 477 2501 482 2510; x_wconf 83' lang='lat'>,</span> <span class='ocrx_word' id='word_1_815' title='bbox 502 2483 514 2504; x_wconf 81' lang='lat'>8</span> <span class='ocrx_word' id='word_1_816' title='bbox 533 2486 585 2510; x_wconf 85' lang='lat' dir='ltr'>post</span> <span class='ocrx_word' id='word_1_817' title='bbox 602 2482 718 2505; x_wconf 72' lang='lat' dir='ltr'>iudicaret</span> <span class='ocrx_word' id='word_1_818' title='bbox 734 2483 822 2505; x_wconf 86' lang='lat' dir='ltr'>addunt</span> <span class='ocrx_word' id='word_1_819' title='bbox 838 2483 950 2507; x_wconf 74' lang='lat' dir='ltr'>dicinam.</span> 
     </span>
    </p>

    <p class='ocr_par' dir='ltr' id='par_1_23' title="bbox 210 2520 423 2543">
     <span class='ocr_line' id='line_1_101' title="bbox 210 2520 423 2543; baseline 0 -1"><span class='ocrx_word' id='word_1_820' title='bbox 210 2520 218 2534; x_wconf 80' lang='lat'><strong>⁴</strong></span> <span class='ocrx_word' id='word_1_821' title='bbox 236 2521 291 2543; x_wconf 83' lang='lat' dir='ltr'>Dist.</span> <span class='ocrx_word' id='word_1_822' title='bbox 310 2521 346 2542; x_wconf 75' lang='grc' dir='ltr'><strong>Ν.</strong></span> <span class='ocrx_word' id='word_1_823' title='bbox 364 2527 383 2543; x_wconf 90' lang='lat' dir='ltr'>c.</span> <span class='ocrx_word' id='word_1_824' title='bbox 406 2521 423 2542; x_wconf 97' lang='grc'>1.</span> 
     </span>
    </p>

    <p class='ocr_par' dir='ltr' id='par_1_24' title="bbox 147 2559 995 2665">
     <span class='ocr_line' id='line_1_102' title="bbox 209 2559 992 2590; baseline 0.005 -10"><span class='ocrx_word' id='word_1_825' title='bbox 209 2559 219 2573; x_wconf 86' lang='lat'>⁵</span> <span class='ocrx_word' id='word_1_826' title='bbox 235 2559 285 2581; x_wconf 83' lang='lat' dir='ltr'>Vat.</span> <span class='ocrx_word' id='word_1_827' title='bbox 303 2561 325 2581; x_wconf 86' lang='lat' dir='ltr'>et</span> <span class='ocrx_word' id='word_1_828' title='bbox 341 2559 377 2581; x_wconf 89' lang='lat' dir='ltr'>ed.</span> <span class='ocrx_word' id='word_1_829' title='bbox 396 2559 408 2581; x_wconf 97' lang='lat'>4</span> <span class='ocrx_word' id='word_1_830' title='bbox 427 2566 470 2582; x_wconf 89' lang='lat' dir='ltr'>non</span> <span class='ocrx_word' id='word_1_831' title='bbox 488 2560 547 2582; x_wconf 78' lang='lat' dir='ltr'>benc</span> <span class='ocrx_word' id='word_1_832' title='bbox 564 2561 671 2583; x_wconf 87' lang='lat' dir='ltr'>omittunt</span> <span class='ocrx_word' id='word_1_833' title='bbox 688 2566 761 2590; x_wconf 70' lang='lat' dir='ltr'>erqo;</span> <span class='ocrx_word' id='word_1_834' title='bbox 778 2562 848 2589; x_wconf 84' lang='lat' dir='ltr'>paulo</span> <span class='ocrx_word' id='word_1_835' title='bbox 861 2564 912 2583; x_wconf 86' lang='lat' dir='ltr'>ante</span> <span class='ocrx_word' id='word_1_836' title='bbox 924 2562 992 2584; x_wconf 85' lang='lat' dir='ltr'>codd.</span> 
     </span>
     <span class='ocr_line' id='line_1_103' title="bbox 147 2596 995 2626; baseline 0.005 -7"><span class='ocrx_word' id='word_1_837' title='bbox 147 2596 241 2619; x_wconf 81' lang='lat' dir='ltr'>ABCE</span> <span class='ocrx_word' id='word_1_838' title='bbox 259 2600 281 2619; x_wconf 84' lang='grc'>01</span> <span class='ocrx_word' id='word_1_839' title='bbox 297 2597 333 2619; x_wconf 88' lang='lat' dir='ltr'>ed.</span> <span class='ocrx_word' id='word_1_840' title='bbox 355 2598 360 2619; x_wconf 92' lang='lat' dir='ltr'>l</span> <span class='ocrx_word' id='word_1_841' title='bbox 382 2598 489 2620; x_wconf 79' lang='lat' dir='ltr'>addendo</span> <span class='ocrx_word' id='word_1_842' title='bbox 507 2600 528 2621; x_wconf 84' lang='lat' dir='ltr'>et</span> <span class='ocrx_word' id='word_1_843' title='bbox 545 2599 638 2626; x_wconf 83' lang='lat' dir='ltr'>legunt:</span> <span class='ocrx_word' id='word_1_844' title='bbox 657 2599 757 2622; x_wconf 75' lang='lat' dir='ltr'>essentia</span> <span class='ocrx_word' id='word_1_845' title='bbox 775 2599 855 2623; x_wconf 77' lang='lat' dir='ltr'>divina</span> <span class='ocrx_word' id='word_1_846' title='bbox 872 2602 894 2623; x_wconf 81' lang='lat' dir='ltr'>et</span> <span class='ocrx_word' id='word_1_847' title='bbox 917 2600 949 2623; x_wconf 63' lang='lat' dir='ltr'>sit</span> <span class='ocrx_word' id='word_1_848' title='bbox 973 2602 995 2623; x_wconf 81' lang='lat' dir='ltr'>et</span> 
     </span>
     <span class='ocr_line' id='line_1_104' title="bbox 147 2636 645 2665; baseline 0.002 -6"><span class='ocrx_word' id='word_1_849' title='bbox 147 2636 211 2659; x_wconf 76' lang='lat' dir='ltr'>Deus</span> <span class='ocrx_word' id='word_1_850' title='bbox 227 2636 272 2663; x_wconf 50' lang='grc' dir='ltr'>εἰη</span> <span class='ocrx_word' id='word_1_851' title='bbox 291 2636 342 2658; x_wconf 89' lang='lat' dir='ltr'>cod.</span> <span class='ocrx_word' id='word_1_852' title='bbox 359 2643 415 2659; x_wconf 87' lang='lat' dir='ltr'>vero</span> <span class='ocrx_word' id='word_1_853' title='bbox 432 2637 450 2659; x_wconf 96' lang='lat' dir='ltr'>D</span> <span class='ocrx_word' id='word_1_854' title='bbox 468 2637 540 2660; x_wconf 75' lang='lat' dir='ltr'>etiam</span> <span class='ocrx_word' id='word_1_855' title='bbox 557 2644 599 2665; x_wconf 84' lang='lat' dir='ltr'>pro</span> <span class='ocrx_word' id='word_1_856' title='bbox 617 2639 645 2660; x_wconf 79' lang='lat' dir='ltr'>et.</span> 
     </span>
    </p>

    <p class='ocr_par' dir='ltr' id='par_1_25' title="bbox 149 2674 992 2744">
     <span class='ocr_line' id='line_1_105' title="bbox 210 2674 992 2707; baseline 0.005 -11"><span class='ocrx_word' id='word_1_857' title='bbox 210 2675 220 2689; x_wconf 76' lang='grc'><strong>6</strong></span> <span class='ocrx_word' id='word_1_858' title='bbox 238 2674 293 2697; x_wconf 87' lang='lat' dir='ltr'>Cod.</span> <span class='ocrx_word' id='word_1_859' title='bbox 312 2675 330 2696; x_wconf 92' lang='lat' dir='ltr'>D</span> <span class='ocrx_word' id='word_1_860' title='bbox 347 2677 369 2697; x_wconf 91' lang='lat' dir='ltr'>et</span> <span class='ocrx_word' id='word_1_861' title='bbox 386 2675 430 2698; x_wconf 86' lang='lat' dir='ltr'>edd</span> <span class='ocrx_word' id='word_1_862' title='bbox 451 2676 469 2704; x_wconf 80' lang='lat' dir='ltr'>l,</span> <span class='ocrx_word' id='word_1_863' title='bbox 489 2677 509 2704; x_wconf 79' lang='lat'>2,</span> <span class='ocrx_word' id='word_1_864' title='bbox 528 2677 549 2704; x_wconf 82' lang='lat'>3,</span> <span class='ocrx_word' id='word_1_865' title='bbox 568 2677 588 2704; x_wconf 76' lang='lat'>8,</span> <span class='ocrx_word' id='word_1_866' title='bbox 607 2677 619 2699; x_wconf 84' lang='grc'>9</span> <span class='ocrx_word' id='word_1_867' title='bbox 637 2678 713 2699; x_wconf 85' lang='lat' dir='ltr'>minus</span> <span class='ocrx_word' id='word_1_868' title='bbox 738 2677 797 2699; x_wconf 83' lang='lat' dir='ltr'>bene</span> <span class='ocrx_word' id='word_1_869' title='bbox 820 2677 944 2707; x_wconf 71' lang='lat' dir='ltr'>9enItu-m;</span> <span class='ocrx_word' id='word_1_870' title='bbox 971 2680 992 2700; x_wconf 89' lang='lat' dir='ltr'>in</span> 
     </span>
     <span class='ocr_line' id='line_1_106' title="bbox 149 2714 886 2744; baseline 0.005 -9"><span class='ocrx_word' id='word_1_871' title='bbox 149 2714 262 2741; x_wconf 83' lang='lat' dir='ltr'>principio</span> <span class='ocrx_word' id='word_1_872' title='bbox 280 2714 348 2736; x_wconf 86' lang='lat' dir='ltr'>huius</span> <span class='ocrx_word' id='word_1_873' title='bbox 365 2715 527 2742; x_wconf 82' lang='lat' dir='ltr'>propositionis</span> <span class='ocrx_word' id='word_1_874' title='bbox 544 2715 594 2737; x_wconf 86' lang='lat' dir='ltr'>cod.</span> <span class='ocrx_word' id='word_1_875' title='bbox 613 2715 629 2737; x_wconf 81' lang='lat' dir='ltr'>C</span> <span class='ocrx_word' id='word_1_876' title='bbox 648 2716 738 2743; x_wconf 75' lang='lat' dir='ltr'>Quodsi</span> <span class='ocrx_word' id='word_1_877' title='bbox 754 2723 796 2744; x_wconf 84' lang='lat' dir='ltr'>pro</span> <span class='ocrx_word' id='word_1_878' title='bbox 812 2717 844 2739; x_wconf 76' lang='lat' dir='ltr'>Et</span> <span class='ocrx_word' id='word_1_879' title='bbox 859 2716 886 2739; x_wconf 73' lang='lat' dir='ltr'>si.</span> 
     </span>
    </p>

    <p class='ocr_par' dir='ltr' id='par_1_26' title="bbox 148 2752 994 2890">
     <span class='ocr_line' id='line_1_107' title="bbox 211 2752 993 2784; baseline 0.006 -11"><span class='ocrx_word' id='word_1_880' title='bbox 211 2752 221 2766; x_wconf 88' lang='lat'>⁷</span> <span class='ocrx_word' id='word_1_881' title='bbox 239 2752 294 2780; x_wconf 85' lang='lat' dir='ltr'>Cap.</span> <span class='ocrx_word' id='word_1_882' title='bbox 316 2753 333 2774; x_wconf 88' lang='lat'>1.</span> <span class='ocrx_word' id='word_1_883' title='bbox 352 2759 373 2774; x_wconf 90' lang='lat' dir='ltr'>n.</span> <span class='ocrx_word' id='word_1_884' title='bbox 393 2753 421 2780; x_wconf 72' lang='lat'>2;</span> <span class='ocrx_word' id='word_1_885' title='bbox 440 2754 461 2774; x_wconf 90' lang='lat' dir='ltr'>in</span> <span class='ocrx_word' id='word_1_886' title='bbox 479 2760 525 2781; x_wconf 86' lang='grc'><strong>(1110</strong></span> <span class='ocrx_word' id='word_1_887' title='bbox 544 2756 603 2775; x_wconf 74' lang='lat' dir='ltr'>textu</span> <span class='ocrx_word' id='word_1_888' title='bbox 622 2754 671 2776; x_wconf 77' lang='lat' dir='ltr'>Vnt.</span> <span class='ocrx_word' id='word_1_889' title='bbox 690 2758 712 2777; x_wconf 87' lang='lat' dir='ltr'>ct</span> <span class='ocrx_word' id='word_1_890' title='bbox 728 2755 781 2777; x_wconf 77' lang='lat' dir='ltr'>edd.</span> <span class='ocrx_word' id='word_1_891' title='bbox 800 2756 827 2783; x_wconf 77' lang='lat'>2,</span> <span class='ocrx_word' id='word_1_892' title='bbox 847 2756 875 2784; x_wconf 84' lang='lat'>3,</span> <span class='ocrx_word' id='word_1_893' title='bbox 894 2755 922 2784; x_wconf 82' lang='lat'>4,</span> <span class='ocrx_word' id='word_1_894' title='bbox 941 2756 962 2783; x_wconf 87' lang='lat'>7,</span> <span class='ocrx_word' id='word_1_895' title='bbox 980 2757 993 2778; x_wconf 85' lang='grc'><strong>9</strong></span> 
     </span>
     <span class='ocr_line' id='line_1_108' title="bbox 148 2790 994 2822; baseline 0.006 -10"><span class='ocrx_word' id='word_1_896' title='bbox 148 2790 184 2813; x_wconf 88' lang='lat' dir='ltr'>bis</span> <span class='ocrx_word' id='word_1_897' title='bbox 202 2797 244 2818; x_wconf 83' lang='lat' dir='ltr'>pro</span> <span class='ocrx_word' id='word_1_898' title='bbox 261 2791 293 2814; x_wconf 70' lang='lat' dir='ltr'>ibi</span> <span class='ocrx_word' id='word_1_899' title='bbox 309 2792 363 2819; x_wconf 75' lang='lat' dir='ltr'>legit</span> <span class='ocrx_word' id='word_1_900' title='bbox 379 2791 440 2820; x_wconf 75' lang='lat' dir='ltr'>si&#39;ht&#39;;</span> <span class='ocrx_word' id='word_1_901' title='bbox 456 2792 492 2814; x_wconf 92' lang='lat' dir='ltr'>cd.</span> <span class='ocrx_word' id='word_1_902' title='bbox 511 2792 524 2813; x_wconf 80' lang='grc'>5</span> <span class='ocrx_word' id='word_1_903' title='bbox 543 2792 578 2814; x_wconf 89' lang='lat' dir='ltr'>bis</span> <span class='ocrx_word' id='word_1_904' title='bbox 604 2792 657 2821; x_wconf 56' lang='lat' dir='ltr'>21le-</span> <span class='ocrx_word' id='word_1_905' title='bbox 683 2794 749 2815; x_wconf 87' lang='lat' dir='ltr'>codd.</span> <span class='ocrx_word' id='word_1_906' title='bbox 777 2794 811 2816; x_wconf 89' lang='lat' dir='ltr'>bis</span> <span class='ocrx_word' id='word_1_907' title='bbox 829 2793 874 2822; x_wconf 72' lang='lat' dir='ltr'>ibi,</span> <span class='ocrx_word' id='word_1_908' title='bbox 894 2796 994 2822; x_wconf 82' lang='lat' dir='ltr'>exceptis</span> 
     </span>
     <span class='ocr_line' id='line_1_109' title="bbox 149 2830 994 2861; baseline 0.005 -10"><span class='ocrx_word' id='word_1_909' title='bbox 149 2830 207 2858; x_wconf 79' lang='lat' dir='ltr'>DE,</span> <span class='ocrx_word' id='word_1_910' title='bbox 225 2831 264 2858; x_wconf 88' lang='grc'><strong>(1111</strong></span> <span class='ocrx_word' id='word_1_911' title='bbox 282 2831 356 2858; x_wconf 85' lang='lat' dir='ltr'>primo</span> <span class='ocrx_word' id='word_1_912' title='bbox 375 2831 424 2852; x_wconf 85' lang='lat' dir='ltr'>loco</span> <span class='ocrx_word' id='word_1_913' title='bbox 442 2830 526 2852; x_wconf 80' lang='lat' dir='ltr'>habent</span> <span class='ocrx_word' id='word_1_914' title='bbox 543 2830 580 2859; x_wconf 82' lang='lat' dir='ltr'>e1&#39;,·</span> <span class='ocrx_word' id='word_1_915' title='bbox 596 2831 632 2853; x_wconf 82' lang='lat' dir='ltr'>ed.</span> <span class='ocrx_word' id='word_1_916' title='bbox 644 2832 765 2860; x_wconf 75' lang='lat' dir='ltr'>Augustini</span> <span class='ocrx_word' id='word_1_917' title='bbox 782 2832 852 2855; x_wconf 88' lang='lat' dir='ltr'>modo</span> <span class='ocrx_word' id='word_1_918' title='bbox 870 2832 911 2861; x_wconf 65' lang='lat' dir='ltr'>ibi,</span> <span class='ocrx_word' id='word_1_919' title='bbox 925 2834 994 2855; x_wconf 87' lang='lat' dir='ltr'>modo</span> 
     </span>
     <span class='ocr_line' id='line_1_110' title="bbox 150 2867 193 2890; baseline 0 0"><span class='ocrx_word' id='word_1_920' title='bbox 150 2867 193 2890; x_wconf 76' lang='lat' dir='ltr'>illi.</span> 
     </span>
    </p>
   </div>
   <div class='ocr_carea' id='block_1_14' title="bbox 1021 366 1033 2887">
    <p class='ocr_par' dir='ltr' id='par_1_27' title="bbox 1021 366 1033 2887">
     <span class='ocr_line' id='line_1_111' title="bbox 1021 366 1033 2887; baseline 0 0"><span class='ocrx_word' id='word_1_921' title='bbox 1021 366 1033 2887; x_wconf 95' lang='lat' dir='ltr'> </span> 
     </span>
    </p>
   </div>
   <div class='ocr_carea' id='block_1_15' title="bbox 1050 2369 1898 2903">
    <p class='ocr_par' dir='ltr' id='par_1_28' title="bbox 1112 2369 1485 2401">
     <span class='ocr_line' id='line_1_112' title="bbox 1112 2369 1485 2401; baseline 0.008 -10"><span class='ocrx_word' id='word_1_922' title='bbox 1112 2369 1121 2384; x_wconf 80' lang='lat'>⁸</span> <span class='ocrx_word' id='word_1_923' title='bbox 1139 2370 1189 2391; x_wconf 81' lang='lat' dir='ltr'>Sola</span> <span class='ocrx_word' id='word_1_924' title='bbox 1208 2370 1258 2392; x_wconf 86' lang='lat' dir='ltr'>Vat.</span> <span class='ocrx_word' id='word_1_925' title='bbox 1277 2377 1400 2399; x_wconf 83' lang='lat' dir='ltr'>perperam</span> <span class='ocrx_word' id='word_1_926' title='bbox 1418 2378 1485 2401; x_wconf 77' lang='lat' dir='ltr'>quae.</span> 
     </span>
    </p>

    <p class='ocr_par' dir='ltr' id='par_1_29' title="bbox 1050 2408 1898 2476">
     <span class='ocr_line' id='line_1_113' title="bbox 1112 2408 1898 2439; baseline 0.009 -10"><span class='ocrx_word' id='word_1_927' title='bbox 1112 2408 1122 2422; x_wconf 71' lang='lat'><strong>⁹</strong></span> <span class='ocrx_word' id='word_1_928' title='bbox 1138 2409 1190 2430; x_wconf 79' lang='lat' dir='ltr'>Loc.</span> <span class='ocrx_word' id='word_1_929' title='bbox 1209 2410 1245 2430; x_wconf 88' lang='lat' dir='ltr'>cit.</span> <span class='ocrx_word' id='word_1_930' title='bbox 1262 2421 1294 2425; x_wconf 97' lang='lat'><strong>—</strong></span> <span class='ocrx_word' id='word_1_931' title='bbox 1311 2409 1361 2431; x_wconf 84' lang='lat' dir='ltr'>Vat.</span> <span class='ocrx_word' id='word_1_932' title='bbox 1379 2413 1401 2432; x_wconf 90' lang='lat' dir='ltr'>et</span> <span class='ocrx_word' id='word_1_933' title='bbox 1418 2410 1470 2432; x_wconf 87' lang='lat' dir='ltr'>edd.</span> <span class='ocrx_word' id='word_1_934' title='bbox 1490 2410 1518 2439; x_wconf 75' lang='lat'>4,</span> <span class='ocrx_word' id='word_1_935' title='bbox 1537 2411 1566 2439; x_wconf 82' lang='lat'>5,</span> <span class='ocrx_word' id='word_1_936' title='bbox 1589 2412 1618 2439; x_wconf 72' lang='lat'>6,</span> <span class='ocrx_word' id='word_1_937' title='bbox 1645 2413 1658 2434; x_wconf 83' lang='lat'>9</span> <span class='ocrx_word' id='word_1_938' title='bbox 1684 2412 1772 2435; x_wconf 84' lang='lat' dir='ltr'>addunt</span> <span class='ocrx_word' id='word_1_939' title='bbox 1799 2414 1823 2436; x_wconf 78' lang='lat' dir='ltr'>nt</span> <span class='ocrx_word' id='word_1_940' title='bbox 1846 2416 1898 2436; x_wconf 83' lang='lat' dir='ltr'>ante</span> 
     </span>
     <span class='ocr_line' id='line_1_114' title="bbox 1050 2446 1133 2476; baseline 0 -7"><span class='ocrx_word' id='word_1_941' title='bbox 1050 2446 1133 2476; x_wconf 54' lang='lat' dir='ltr'>aequit.</span> 
     </span>
    </p>

    <p class='ocr_par' dir='ltr' id='par_1_30' title="bbox 1114 2485 1693 2519">
     <span class='ocr_line' id='line_1_115' title="bbox 1114 2485 1693 2519; baseline 0.007 -11"><span class='ocrx_word' id='word_1_942' title='bbox 1114 2485 1133 2500; x_wconf 84' lang='lat'>1⁰</span> <span class='ocrx_word' id='word_1_943' title='bbox 1150 2485 1205 2508; x_wconf 91' lang='lat' dir='ltr'>Cod.</span> <span class='ocrx_word' id='word_1_944' title='bbox 1223 2487 1242 2508; x_wconf 92' lang='lat' dir='ltr'>D</span> <span class='ocrx_word' id='word_1_945' title='bbox 1259 2493 1313 2509; x_wconf 88' lang='lat' dir='ltr'>cum</span> <span class='ocrx_word' id='word_1_946' title='bbox 1331 2487 1383 2510; x_wconf 91' lang='lat' dir='ltr'>edd.</span> <span class='ocrx_word' id='word_1_947' title='bbox 1406 2489 1411 2509; x_wconf 91' lang='grc'>1</span> <span class='ocrx_word' id='word_1_948' title='bbox 1427 2506 1431 2516; x_wconf 85' lang='grc'><em>,</em></span> <span class='ocrx_word' id='word_1_949' title='bbox 1451 2489 1463 2510; x_wconf 81' lang='grc'>8</span> <span class='ocrx_word' id='word_1_950' title='bbox 1481 2489 1607 2516; x_wconf 77' lang='lat' dir='ltr'>elegantius</span> <span class='ocrx_word' id='word_1_951' title='bbox 1624 2490 1693 2519; x_wconf 79' lang='lat' dir='ltr'>quod.</span> 
     </span>
    </p>

    <p class='ocr_par' dir='ltr' id='par_1_31' title="bbox 1051 2524 1896 2591">
     <span class='ocr_line' id='line_1_116' title="bbox 1114 2524 1896 2557; baseline 0.008 -11"><span class='ocrx_word' id='word_1_952' title='bbox 1114 2524 1131 2538; x_wconf 80' lang='lat'>¹¹</span> <span class='ocrx_word' id='word_1_953' title='bbox 1150 2525 1217 2547; x_wconf 88' lang='lat' dir='ltr'>Num.</span> <span class='ocrx_word' id='word_1_954' title='bbox 1236 2525 1256 2547; x_wconf 97' lang='lat'>4.</span> <span class='ocrx_word' id='word_1_955' title='bbox 1273 2538 1305 2542; x_wconf 97' lang='lat'><strong>—</strong></span> <span class='ocrx_word' id='word_1_956' title='bbox 1322 2526 1407 2549; x_wconf 84' lang='lat' dir='ltr'>Omnes</span> <span class='ocrx_word' id='word_1_957' title='bbox 1424 2527 1491 2549; x_wconf 86' lang='lat' dir='ltr'>codd.</span> <span class='ocrx_word' id='word_1_958' title='bbox 1509 2530 1531 2549; x_wconf 76' lang='lat' dir='ltr'>et</span> <span class='ocrx_word' id='word_1_959' title='bbox 1548 2528 1608 2556; x_wconf 87' lang='lat' dir='ltr'>edd.,</span> <span class='ocrx_word' id='word_1_960' title='bbox 1627 2530 1727 2557; x_wconf 77' lang='lat' dir='ltr'>exceptis</span> <span class='ocrx_word' id='word_1_961' title='bbox 1737 2530 1787 2551; x_wconf 78' lang='lat' dir='ltr'>Vat.</span> <span class='ocrx_word' id='word_1_962' title='bbox 1805 2532 1827 2551; x_wconf 90' lang='grc'>01</span> <span class='ocrx_word' id='word_1_963' title='bbox 1843 2530 1896 2552; x_wconf 82' lang='grc'><strong>0(1(1.</strong></span> 
     </span>
     <span class='ocr_line' id='line_1_117' title="bbox 1051 2563 1672 2591; baseline 0.006 -6"><span class='ocrx_word' id='word_1_964' title='bbox 1051 2563 1077 2591; x_wconf 82' lang='grc'>4,</span> <span class='ocrx_word' id='word_1_965' title='bbox 1096 2564 1108 2585; x_wconf 82' lang='grc'>9</span> <span class='ocrx_word' id='word_1_966' title='bbox 1119 2582 1124 2591; x_wconf 77' lang='lat'>,</span> <span class='ocrx_word' id='word_1_967' title='bbox 1146 2564 1201 2586; x_wconf 75' lang='lat' dir='ltr'>salso</span> <span class='ocrx_word' id='word_1_968' title='bbox 1219 2565 1266 2587; x_wconf 81' lang='lat' dir='ltr'>sic:</span> <span class='ocrx_word' id='word_1_969' title='bbox 1284 2564 1308 2586; x_wconf 84' lang='lat' dir='ltr'>in</span> <span class='ocrx_word' id='word_1_970' title='bbox 1326 2564 1385 2588; x_wconf 79' lang='lat' dir='ltr'>libro</span> <span class='ocrx_word' id='word_1_971' title='bbox 1403 2565 1430 2588; x_wconf 79' lang='lat' dir='ltr'>tle</span> <span class='ocrx_word' id='word_1_972' title='bbox 1447 2566 1503 2588; x_wconf 76' lang='lat' dir='ltr'>Fide</span> <span class='ocrx_word' id='word_1_973' title='bbox 1520 2566 1552 2589; x_wconf 81' lang='grc' dir='ltr'>(1ιί</span> <span class='ocrx_word' id='word_1_974' title='bbox 1567 2567 1672 2589; x_wconf 76' lang='lat' dir='ltr'>Petrum.</span> 
     </span>
    </p>

    <p class='ocr_par' dir='ltr' id='par_1_32' title="bbox 1050 2601 1898 2711">
     <span class='ocr_line' id='line_1_118' title="bbox 1113 2601 1896 2636; baseline 0.009 -14"><span class='ocrx_word' id='word_1_975' title='bbox 1113 2601 1132 2616; x_wconf 77' lang='lat'>¹2</span> <span class='ocrx_word' id='word_1_976' title='bbox 1148 2602 1201 2624; x_wconf 82' lang='lat' dir='ltr'>Loc.</span> <span class='ocrx_word' id='word_1_977' title='bbox 1220 2603 1273 2631; x_wconf 78' lang='lat' dir='ltr'>cit.,</span> <span class='ocrx_word' id='word_1_978' title='bbox 1292 2604 1314 2624; x_wconf 91' lang='lat' dir='ltr'>in</span> <span class='ocrx_word' id='word_1_979' title='bbox 1333 2610 1379 2632; x_wconf 87' lang='lat' dir='ltr'>quo</span> <span class='ocrx_word' id='word_1_980' title='bbox 1397 2606 1457 2627; x_wconf 79' lang='lat' dir='ltr'>textu</span> <span class='ocrx_word' id='word_1_981' title='bbox 1476 2605 1543 2627; x_wconf 83' lang='lat' dir='ltr'>codd.</span> <span class='ocrx_word' id='word_1_982' title='bbox 1566 2605 1636 2627; x_wconf 85' lang='lat' dir='ltr'>BDE</span> <span class='ocrx_word' id='word_1_983' title='bbox 1653 2612 1677 2628; x_wconf 77' lang='lat' dir='ltr'>se</span> <span class='ocrx_word' id='word_1_984' title='bbox 1694 2612 1737 2634; x_wconf 88' lang='lat' dir='ltr'>pro</span> <span class='ocrx_word' id='word_1_985' title='bbox 1759 2612 1783 2629; x_wconf 64' lang='lat' dir='ltr'>sn</span> <span class='ocrx_word' id='word_1_986' title='bbox 1800 2606 1896 2636; x_wconf 76' lang='lat' dir='ltr'>ipsum;</span> 
     </span>
     <span class='ocr_line' id='line_1_119' title="bbox 1050 2640 1898 2674; baseline 0.007 -12"><span class='ocrx_word' id='word_1_987' title='bbox 1050 2643 1103 2668; x_wconf 82' lang='lat' dir='ltr'>post</span> <span class='ocrx_word' id='word_1_988' title='bbox 1128 2640 1283 2664; x_wconf 67' lang='lat' dir='ltr'>indicandum</span> <span class='ocrx_word' id='word_1_989' title='bbox 1299 2642 1380 2671; x_wconf 69' lang='lat' dir='ltr'>=[lenuit</span> <span class='ocrx_word' id='word_1_990' title='bbox 1397 2643 1432 2665; x_wconf 89' lang='lat' dir='ltr'>cd.</span> <span class='ocrx_word' id='word_1_991' title='bbox 1452 2644 1464 2664; x_wconf 75' lang='lat'>8</span> <span class='ocrx_word' id='word_1_992' title='bbox 1482 2644 1559 2666; x_wconf 80' lang='lat' dir='ltr'>adiicit</span> <span class='ocrx_word' id='word_1_993' title='bbox 1574 2644 1599 2667; x_wconf 83' lang='lat' dir='ltr'>id</span> <span class='ocrx_word' id='word_1_994' title='bbox 1614 2645 1665 2673; x_wconf 72' lang='lat' dir='ltr'>est;</span> <span class='ocrx_word' id='word_1_995' title='bbox 1682 2645 1734 2667; x_wconf 85' lang='lat' dir='ltr'>edd.</span> <span class='ocrx_word' id='word_1_996' title='bbox 1754 2646 1761 2667; x_wconf 81' lang='grc'>1</span> <span class='ocrx_word' id='word_1_997' title='bbox 1777 2664 1781 2674; x_wconf 82' lang='grc'>,</span> <span class='ocrx_word' id='word_1_998' title='bbox 1800 2646 1812 2667; x_wconf 86' lang='grc'><strong>3</strong></span> <span class='ocrx_word' id='word_1_999' title='bbox 1830 2647 1898 2668; x_wconf 74' lang='grc'><strong>011111-</strong></span> 
     </span>
     <span class='ocr_line' id='line_1_120' title="bbox 1051 2679 1473 2711; baseline 0.007 -10"><span class='ocrx_word' id='word_1_1000' title='bbox 1051 2683 1100 2702; x_wconf 80' lang='lat' dir='ltr'>tunt</span> <span class='ocrx_word' id='word_1_1001' title='bbox 1117 2679 1180 2709; x_wconf 80' lang='lat' dir='ltr'>quod</span> <span class='ocrx_word' id='word_1_1002' title='bbox 1196 2681 1230 2702; x_wconf 78' lang='lat' dir='ltr'>est</span> <span class='ocrx_word' id='word_1_1003' title='bbox 1246 2680 1309 2709; x_wconf 80' lang='lat' dir='ltr'>ipse,</span> <span class='ocrx_word' id='word_1_1004' title='bbox 1329 2681 1371 2710; x_wconf 76' lang='lat' dir='ltr'>qui</span> <span class='ocrx_word' id='word_1_1005' title='bbox 1386 2682 1473 2711; x_wconf 70' lang='lat' dir='ltr'>gyenztit.</span> 
     </span>
    </p>

    <p class='ocr_par' dir='ltr' id='par_1_33' title="bbox 1050 2718 1895 2824">
     <span class='ocr_line' id='line_1_121' title="bbox 1113 2718 1895 2751; baseline 0.006 -12"><span class='ocrx_word' id='word_1_1006' title='bbox 1113 2718 1132 2733; x_wconf 80' lang='lat'>¹3</span> <span class='ocrx_word' id='word_1_1007' title='bbox 1148 2719 1209 2740; x_wconf 84' lang='lat' dir='ltr'>llaec</span> <span class='ocrx_word' id='word_1_1008' title='bbox 1226 2719 1328 2741; x_wconf 84' lang='lat' dir='ltr'>doctrina</span> <span class='ocrx_word' id='word_1_1009' title='bbox 1341 2720 1441 2748; x_wconf 78' lang='lat' dir='ltr'>Magistri</span> <span class='ocrx_word' id='word_1_1010' title='bbox 1453 2724 1586 2749; x_wconf 82' lang='lat' dir='ltr'>oppugnata</span> <span class='ocrx_word' id='word_1_1011' title='bbox 1599 2725 1633 2744; x_wconf 75' lang='lat' dir='ltr'>est</span> <span class='ocrx_word' id='word_1_1012' title='bbox 1645 2722 1673 2744; x_wconf 83' lang='lat' dir='ltr'>ah</span> <span class='ocrx_word' id='word_1_1013' title='bbox 1691 2722 1773 2745; x_wconf 79' lang='lat' dir='ltr'>abbate</span> <span class='ocrx_word' id='word_1_1014' title='bbox 1788 2723 1895 2751; x_wconf 72' lang='lat' dir='ltr'>[cac-him,</span> 
     </span>
     <span class='ocr_line' id='line_1_122' title="bbox 1050 2757 1894 2788; baseline 0.005 -9"><span class='ocrx_word' id='word_1_1015' title='bbox 1050 2757 1089 2779; x_wconf 84' lang='lat' dir='ltr'>scd</span> <span class='ocrx_word' id='word_1_1016' title='bbox 1108 2757 1234 2785; x_wconf 78' lang='lat' dir='ltr'>approbata</span> <span class='ocrx_word' id='word_1_1017' title='bbox 1253 2764 1264 2779; x_wconf 89' lang='lat' dir='ltr'>a</span> <span class='ocrx_word' id='word_1_1018' title='bbox 1283 2757 1383 2781; x_wconf 84' lang='lat' dir='ltr'>Concilio</span> <span class='ocrx_word' id='word_1_1019' title='bbox 1400 2759 1544 2782; x_wconf 78' lang='lat' dir='ltr'>Laterancnsi</span> <span class='ocrx_word' id='word_1_1020' title='bbox 1562 2760 1612 2788; x_wconf 85' lang='lat' dir='ltr'>1V.;</span> <span class='ocrx_word' id='word_1_1021' title='bbox 1631 2761 1670 2782; x_wconf 91' lang='lat' dir='ltr'>csr.</span> <span class='ocrx_word' id='word_1_1022' title='bbox 1688 2761 1745 2783; x_wconf 80' lang='lat' dir='ltr'>inira</span> <span class='ocrx_word' id='word_1_1023' title='bbox 1762 2762 1848 2783; x_wconf 83' lang='lat' dir='ltr'>Bonav.</span> <span class='ocrx_word' id='word_1_1024' title='bbox 1866 2762 1894 2783; x_wconf 88' lang='lat' dir='ltr'>ad</span> 
     </span>
     <span class='ocr_line' id='line_1_123' title="bbox 1051 2795 1485 2824; baseline 0.007 -7"><span class='ocrx_word' id='word_1_1025' title='bbox 1051 2796 1109 2817; x_wconf 85' lang='grc'><strong>113110</strong></span> <span class='ocrx_word' id='word_1_1026' title='bbox 1126 2795 1177 2817; x_wconf 85' lang='lat' dir='ltr'>dist.</span> <span class='ocrx_word' id='word_1_1027' title='bbox 1195 2802 1215 2817; x_wconf 86' lang='lat' dir='ltr'>a.</span> <span class='ocrx_word' id='word_1_1028' title='bbox 1237 2796 1254 2817; x_wconf 93' lang='grc'>1.</span> <span class='ocrx_word' id='word_1_1029' title='bbox 1272 2803 1294 2824; x_wconf 87' lang='grc'>(1.</span> <span class='ocrx_word' id='word_1_1030' title='bbox 1316 2797 1333 2819; x_wconf 90' lang='grc'>1.</span> <span class='ocrx_word' id='word_1_1031' title='bbox 1351 2800 1373 2819; x_wconf 89' lang='grc'>01</span> <span class='ocrx_word' id='word_1_1032' title='bbox 1389 2798 1445 2820; x_wconf 86' lang='lat' dir='ltr'>dub.</span> <span class='ocrx_word' id='word_1_1033' title='bbox 1465 2798 1485 2820; x_wconf 89' lang='lat'>4.</span> 
     </span>
    </p>

    <p class='ocr_par' dir='ltr' id='par_1_34' title="bbox 1051 2833 1894 2903">
     <span class='ocr_line' id='line_1_124' title="bbox 1114 2833 1894 2865; baseline 0.008 -11"><span class='ocrx_word' id='word_1_1034' title='bbox 1114 2833 1133 2847; x_wconf 85' lang='lat'>¹⁴</span> <span class='ocrx_word' id='word_1_1035' title='bbox 1150 2834 1181 2855; x_wconf 85' lang='lat' dir='ltr'>Ex</span> <span class='ocrx_word' id='word_1_1036' title='bbox 1198 2840 1248 2861; x_wconf 83' lang='lat' dir='ltr'>cap.</span> <span class='ocrx_word' id='word_1_1037' title='bbox 1270 2835 1287 2856; x_wconf 90' lang='grc'>1.</span> <span class='ocrx_word' id='word_1_1038' title='bbox 1306 2841 1327 2857; x_wconf 83' lang='grc'>11.</span> <span class='ocrx_word' id='word_1_1039' title='bbox 1341 2837 1362 2857; x_wconf 74' lang='grc'>-2,</span> <span class='ocrx_word' id='word_1_1040' title='bbox 1374 2839 1396 2858; x_wconf 82' lang='grc'>01</span> <span class='ocrx_word' id='word_1_1041' title='bbox 1412 2842 1431 2859; x_wconf 80' lang='lat' dir='ltr'>c.</span> <span class='ocrx_word' id='word_1_1042' title='bbox 1445 2838 1465 2858; x_wconf 69' lang='grc' dir='ltr'><strong>Ξ.</strong></span> <span class='ocrx_word' id='word_1_1043' title='bbox 1478 2843 1499 2858; x_wconf 91' lang='lat' dir='ltr'>n.</span> <span class='ocrx_word' id='word_1_1044' title='bbox 1514 2837 1534 2859; x_wconf 85' lang='lat'>3.</span> <span class='ocrx_word' id='word_1_1045' title='bbox 1547 2838 1632 2864; x_wconf 84' lang='lat' dir='ltr'>passim</span> <span class='ocrx_word' id='word_1_1046' title='bbox 1648 2842 1789 2865; x_wconf 75' lang='lat' dir='ltr'>excerptum.</span> <span class='ocrx_word' id='word_1_1047' title='bbox 1800 2850 1832 2854; x_wconf 97' lang='lat'><strong>—</strong></span> <span class='ocrx_word' id='word_1_1048' title='bbox 1844 2838 1894 2860; x_wconf 85' lang='lat' dir='ltr'>Vat.</span> 
     </span>
     <span class='ocr_line' id='line_1_125' title="bbox 1051 2872 1548 2903; baseline 0.008 -9"><span class='ocrx_word' id='word_1_1049' title='bbox 1051 2873 1133 2895; x_wconf 86' lang='lat' dir='ltr'>omittit</span> <span class='ocrx_word' id='word_1_1050' title='bbox 1150 2872 1174 2895; x_wconf 80' lang='grc' dir='ltr'>ιἰι</span> <span class='ocrx_word' id='word_1_1051' title='bbox 1192 2872 1251 2896; x_wconf 75' lang='lat' dir='ltr'>libro</span> <span class='ocrx_word' id='word_1_1052' title='bbox 1268 2874 1365 2903; x_wconf 73' lang='lat' dir='ltr'>septimo</span> <span class='ocrx_word' id='word_1_1053' title='bbox 1383 2874 1410 2897; x_wconf 72' lang='lat' dir='ltr'>de</span> <span class='ocrx_word' id='word_1_1054' title='bbox 1429 2875 1548 2898; x_wconf 73' lang='lat' dir='ltr'>Trinitate.</span> 
     </span>
    </p>
   </div>
  </div>
 </body>
</html>
