2253 3317
21 1165 155 1185 Fundamenta.

43 2331 73 2350 Ad
84 2330 158 2354 opposi-

75 2355 121 2372 tum.

708 131 791 160 DIST.
813 131 888 162 XXII.
910 131 982 160 ART.
1006 130 1120 161 UNICUS
1141 130 1276 168 QUAEST.
1298 130 1338 159 lv.

155 210 204 237 ipse
220 211 299 236 negat,
317 208 360 230 hac
376 208 463 230 ratione
480 211 532 236 apte
549 208 658 236 distingui
675 214 743 236 posse
760 210 852 231 nomina
867 208 967 239 propria
983 216 995 231 a

155 246 328 277 metapltoric'w.
347 247 401 269 Item
414 265 418 275 ,
436 253 481 269 non
499 250 567 275 negat
583 247 605 269 S.
622 247 723 276 Bonav.,
736 248 807 270 immo
819 254 926 276 expresse
937 248 997 270 affir-

156 288 214 314 mat,
233 285 345 314 quosdam
362 285 457 315 effectus
473 285 513 308 Dei
530 287 552 308 et
568 286 660 308 nomina
684 286 726 308 hos
751 286 844 309 effectus
868 286 998 315 significan-

155 325 185 347 tia
211 330 255 346 non
280 325 322 346 nisi
343 323 501 353 metaplzonce
517 323 547 346 de
562 324 610 346 Deo
627 324 671 347 dici
694 331 768 352 posse.
793 325 896 354 Denique
919 331 998 348 secun-

157 362 213 385 dum
231 365 330 385 mentem
346 362 451 385 eiusdem
476 363 592 390 seraphici
618 362 661 385 dici
686 366 775 392 potest,
800 365 868 386 etiam
891 365 997 392 nomina,

156 407 217 430 quae
233 400 329 431 proprie
345 401 392 423 Deo
409 402 549 424 conveniunt
565 395 642 430 quoad
660 408 710 424 rem
734 401 891 432 siqnificatam
916 403 950 431 (ut
965 409 998 425 sa-

157 440 265 469 pientia),
283 442 359 462 tamen
377 439 454 469 quoad
470 439 569 463 ‘modum
593 439 744 470 significandi
767 447 811 463 non
837 442 930 470 proprie
951 442 998 464 Deo

156 478 260 507 attribui,
277 482 390 508 quatenus
407 485 451 501 non
469 485 496 501 eo
513 479 598 508 modo,
616 486 663 508 quo
680 486 722 502 nos
739 486 765 502 ea
782 480 804 502 in
822 481 865 503 hac
885 481 931 503 vita
948 487 999 503 con·

157 518 269 546 cipimus,
287 517 328 540 sed
346 524 389 546 per
405 518 502 540 modum
519 519 541 541 in
559 518 671 541 inlinitum
688 519 861 542 eminentiorem
882 522 904 542 et
928 520 1000 548 perse-

157 557 251 578 ctiorem
267 556 315 578 Deo
332 557 478 579 conveniunt.
496 556 540 579 sed
558 557 602 579 hoc
618 563 663 579 non
687 557 770 584 efficit,
795 560 819 580 ut
841 558 882 580 ista
907 559 999 580 nomina

158 595 202 618 sint
219 595 350 618 translativa
369 595 543 624 (metaphorica)
561 596 602 618 nisi
620 596 642 618 in
661 602 731 618 sensu
742 597 876 624 improprio.
894 596 957 625 Nam,
975 599 1000 619 ut

156 633 215 656 bene
233 633 287 656 dicit
303 634 409 657 Richard.
423 634 475 662 (loc.
488 635 523 657 cit.
536 634 565 657 ad
578 634 616 663 4.)‚
632 643 642 655 (ε
655 640 737 657 nomen
756 634 900 658 translatum
911 641 956 657 non
969 635 1000 657 di-

157 673 229 700 citur,
250 673 290 699 nisi
308 673 347 696 ubi
365 677 399 696 est
416 674 531 696 translatio
548 674 634 696 ratione
651 673 688 696 rei
702 673 847 704 significatae
863 682 883 696 n.

1835 131 1891 162 397

1115 209 1138 232 Il,
1157 209 1223 231 Plura
1240 208 1276 231 de*
1286 210 1417 232 necessitate
1434 212 1456 232 ot
1472 210 1558 237 regulis
1583 209 1734 240 translationis
1757 209 1811 232 vide
1836 210 1891 232 insi-a

1053 247 1075 269 d.
1092 247 1128 270 34.
1147 254 1169 276 q.
1188 246 1208 270 4.
1225 259 1257 264 —
1272 247 1304 271 De
1322 248 1414 270 nomine
1425 248 1479 270 Dei:
1492 247 1539 276 Qui
1554 249 1595 276 est,
1614 248 1735 276 magnifice
1752 248 1854 277 loquitur
1871 248 1892 270 S.

1053 287 1136 309 Doctor
1153 287 1174 309 in
1193 287 1291 309 Itinerar.
1309 288 1392 309 mentis
1408 288 1430 309 in
1448 287 1520 309 Deum
1538 293 1556 309 c.
1575 287 1596 309 5.
1614 286 1658 310 Csr.
1675 287 1735 310 Alex.
1753 287 1813 315 Hah,
1831 288 1852 310 S.
1870 294 1892 315 p.

1053 325 1068 347 l.
1081 330 1108 354 ·q.
1127 325 1162 348 49.
1180 332 1211 348 m.
1229 325 1250 348 4.
1268 331 1288 348 a.
1308 326 1328 347 l.
1346 326 1367 348 2.
1384 338 1416 342 —
1432 326 1455 348 S.
1473 326 1666 354 Thom.,1.sent.
1684 326 1707 348 d.
1723 326 1744 348 8.
1762 332 1784 355 q.
1803 327 1822 348 i.
1835 332 1854 348 a.
1873 327 1893 348 sl.

1054 367 1076 387 et
1093 365 1121 393 33
1147 365 1169 387 S.
1187 365 1201 387 l.
1219 371 1240 393 q.
1261 365 1295 387 13.
1313 371 1333 387 a.
1352 365 1387 387 ll.
1404 377 1436 381 —
1452 365 1475 387 B.
1493 364 1590 392 Athen..
1608 365 1623 386 I.
1640 365 1700 387 Sent.
1726 364 1747 387 d.
1773 365 1793 387 3.
1819 359 1893 387 ‹2⁷¹3ss

1059 403 1092 425 l4.
1108 415 1140 420 —
1157 404 1263 426 Richard.
1280 410 1292 426 a
1311 404 1380 431 Med„
1398 405 1434 426 hic
1450 410 1472 433 q.
1490 405 1511 426 6.

1119 442 1151 464 ΙΙΙ.
1169 442 1250 470 Quoad
1267 443 1450 465 conclusionem:
1468 443 1528 465 Alex.
1546 443 1609 471 Hah,
1627 443 1649 465 S.
1667 449 1689 471 p.
1708 443 1722 465 l.
1740 449 1762 471 q.
1781 442 1817 464 48.
1830 448 1860 464 m.
1873 443 1894 464 ’2,

1056 487 1075 503 a.
1094 482 1114 504 2.
1131 493 1162 497 —
1179 482 1201 503 S.
1220 481 1315 510 Tltom.⁷
1333 482 1370 504 hic
1387 488 1408 510 q.
1428 482 1448 504 i.
1466 488 1485 503 a.
1504 482 1532 509 2;
1551 482 1572 503 S.
1591 481 1605 503 1.
1623 488 1644 511 q.
1664 481 1700 503 113.
1717 487 1737 503 a.
1755 481 1776 503 3.
1794 484 1816 504 et
1832 482 1896 503 6.-

1056 519 1079 541 Β.
1097 518 1197 547 ΑΙὺοΓῑ.,
1215 519 1244 542 de
1261 520 1304 542 hac
1320 522 1407 551 etseq.
1425 520 1461 542 hic
1477 526 1497 542 a.
1520 520 1525 542 l
1540 527 1544 547 ;
1563 520 1584 541 S.
1603 526 1625 548 p.
1644 519 1658 541 1.
1675 522 1701 542 tr.
1722 518 1759 541 44.
1780 526 1801 548 q.
1820 519 1856 541 56.
1875 522 1895 541 et

1054 554 1093 580 59.
1111 564 1143 580 m.
1162 558 1182 580 ’1.
1201 558 1221 580 2.
1239 569 1270 574 —
1287 558 1344 580 Petr.
1361 565 1374 580 a
1392 558 1457 586 Tan,
1476 558 1512 581 liic
1529 565 1550 588 q.
1570 559 1589 580 t.
1616 564 1635 580 a.
1654 558 1674 580 3.
1700 570 1731 574 —
1755 558 1861 580 Richard.
1884 564 1895 579 a

1056 596 1128 625 Med,
1147 597 1184 619 hic
1201 603 1222 626 q.
1242 597 1262 619 4.
1279 609 1311 614 —
1328 597 1401 625 AEgid.
1419 598 1460 626 R.‚
1479 598 1515 620 hic
1539 598 1558 619 rt.
1584 598 1656 625 princ.
1682 603 1704 625 q.
1729 597 1750 619 3.
1774 608 1806 613 —
1828 597 1895 619 Henr.

1056 635 1141 663 Gand.,
1158 635 1180 657 S.
1198 642 1218 657 a.
1237 635 1273 658 32.
1291 642 1316 664 q.
1333 636 1353 663 2,
1372 639 1393 658 et
1410 642 1430 658 a.
1447 635 1484 658 73.
1502 641 1523 664 q.
1543 636 1556 657 2
1573 641 1636 664 seqq.
1654 647 1685 652 —-
1701 635 1793 663 Dionys.
1808 634 1896 663 Carth„

1057 674 1093 695 liic
1111 679 1132 702 q.
1150 674 1171 695 2.

920 774 1082 811 QUAESTIO
1103 774 1144 803 iv.

448 860 553 888 Utrum
574 859 674 888 omnm
694 859 815 887 'nomina
836 859 916 888 dieta
936 859 970 887 (Ie
991 859 1048 887 Deo
1068 859 1229 887 secundum
1250 859 1445 887 substantiam
1468 858 1615 887 dieantur.

236 969 341 1005 Quarto
362 971 389 997 et
410 968 509 997 ultImo
530 968 691 1005 quaeritur,
712 971 807 997 utrum
834 968 927 997 omnia
958 976 1003 997 no-
1025 957 1027 964 Α

158 1016 234 1044 mina
255 1016 328 1044 dicta
349 1016 383 1044 de
404 1015 461 1044 Deo
481 1015 610 1043 dicantur
633 1015 788 1044 secundum
809 1015 1002 1043 substantiam.

159 1062 190 1091 Et
211 1062 286 1099 quod
307 1069 375 1095 non.
397 1061 482 1090 immo
503 1061 602 1096 aliter,
623 1061 798 1090 ostenditur:

242 1109 264 1136 1.
287 1107 470 1136 Auctoritate
491 1108 635 1144 Augustini
662 1107 759 1144 quinto
780 1108 815 1136 de
836 1107 969 1136 Trinitate
982 1106 1004 1135 ¹:

168 1167 178 1179 «
189 1155 261 1183 Illud
283 1155 432 1192 praecipue
453 1157 612 1188 teneamus⁷
632 1154 771 1191 quidquid
792 1154 833 1182 acl
849 1162 879 1182 se
902 1154 1004 1183 dieitur

159 1201 398 1239 praestantissima
419 1201 466 1229 illa
480 1203 507 1229 et
522 1200 616 1229 divina
636 1200 806 1235 sublimitas,
821 1196 1006 1229 substantiali-

160 1251 202 1277 ter
223 1248 292 1282 diei;
307 1248 382 1285 quod
396 1250 490 1276 autern
505 1247 546 1275 ad
565 1246 693 1285 aliquid,
708 1254 763 1275 non
777 1246 1005 1281 substantialiter,

161 1294 210 1324 sed
230 1294 346 1323 relative
358 1305 384 1328 »3
406 1293 453 1323 sed
478 1294 556 1322 Pater
577 1296 604 1322 et
618 1290 702 1322 Filius
717 1293 819 1322 dicitur
834 1293 869 1322 ad
884 1293 1004 1330 aliquid:

161 1349 227 1378 ergo
248 1344 299 1370 etc.

240 1389 266 1416 Ξ.
289 1387 369 1421 Item,
391 1386 523 1415 Boethius
537 1386 563 1414 in
580 1385 652 1414 libro
667 1385 701 1414 de
716 1386 849 1414 Trinitate
861 1385 883 1414 ²:
909 1385 1006 1414 «Deus

162 1437 204 1464 est
224 1434 283 1463 sine
314 1433 467 1471 quantitate
499 1440 634 1470 magnus,
666 1432 725 1461 sine
747 1433 879 1470 qualitate
900 1432 1005 1467 bonus,

162 1481 211 1510 sed
233 1489 287 1510 non
308 1483 350 1510 est
371 1481 430 1509 sine
445 1480 578 1509 relatione
593 1479 698 1508 relatus
707 1489 732 1506 »:
748 1487 815 1516 ergo
829 1479 926 1508 relatio
941 1486 1007 1508 vere

163 1531 191 1557 et
210 1528 323 1565 proprie
354 1530 447 1556 manet
478 1526 504 1555 in
526 1526 595 1561 Deo,
627 1534 693 1563 ergo
723 1529 750 1555 et
774 1526 876 1567 modus
896 1525 1006 1554 dicendi

163 1574 287 1603 relative.

243 1620 269 1649 3.
289 1620 371 1655 Item,
393 1620 445 1649 hoc
466 1620 559 1657 ipsum
590 1619 702 1648 videtur
733 1619 862 1653 ratione,
883 1619 949 1657 quia
978 1619 1006 1647 in

164 1667 307 1696 divinitate
329 1670 394 1695 sunt
415 1666 508 1704 aliqua
529 1666 641 1695 nomina
669 1666 955 1699 incommunicabilia,
976 1668 1008 1694 ut

164 1717 239 1751 patet
273 1714 301 1742 in
336 1713 467 1742 omnibus
484 1713 494 1728 ³
530 1712 742 1750 personalibus;
774 1713 823 1741 sed
855 1712 1009 1741 substantIa

165 1763 207 1789 est
227 1759 479 1794 communicabilis,
511 1768 573 1788 cum
607 1759 642 1788 sit
671 1767 728 1788 una
758 1759 786 1787 in
807 1758 908 1788 trihus:
941 1766 1008 1795 ergo

162 1807 231 1835 talia
252 1807 364 1835 nomina
386 1814 441 1835 non
462 1806 584 1835 indicant
614 1806 810 1836 substantiam:
834 1813 900 1842 ergo
921 1805 948 1833 in
970 1805 1009 1834 di-

165 1853 236 1882 vinis
257 1856 299 1883 est
319 1853 391 1881 alius
411 1853 513 1881 modus
533 1852 642 1882 dicendi
664 1860 748 1890 quam
770 1852 924 1881 secundum
947 1851 1009 1880 suh-

165 1900 303 1929 stantiam.

245 1948 271 1976 4.
294 1947 369 1981 Item,
391 1947 418 1975 in
441 1946 543 1975 divinis
563 1949 605 1975 est
626 1946 680 1975 alio
700 1949 727 1975 et
748 1946 802 1974 alio
816 1946 899 1974 modo
920 1954 949 1974 se
963 1945 1010 1974 ha-

166 1994 248 2028 bere,
270 1993 336 2030 quia
356 1993 437 2021 aliter
458 2000 487 2022 se
517 1992 602 2021 habet
631 1993 666 2021 ad
690 1992 798 2021 Patrem
820 1992 903 2021 Filius
925 2000 1009 2029 quam

167 2040 286 2077 Spiritus
307 2042 434 2074 sanetus:
457 2039 505 2068 sed
538 2048 591 2068 non
622 2042 664 2068 est
695 2039 772 2068 aliud
794 2042 821 2067 et
841 2039 919 2067 aliud
949 2046 1009 2067 esse

167 2087 225 2115 sive
247 2086 413 2115 subsistere:
435 2094 502 2123 ergo
523 2094 588 2115 cum
613 2086 665 2115 hoc
697 2085 836 2122 contingat
856 2085 1010 2121 intelligere

167 2136 194 2162 et
214 2132 387 2161 intellectum
408 2132 514 2167 dicere,
536 2140 648 2161 necesse
669 2134 719 2166 est,
734 2132 809 2169 quod
831 2131 866 2160 sit
886 2131 922 2160 ihi
938 2131 1010 2159 alius

167 2179 269 2208 modus
290 2179 398 2208 dicendi
420 2181 448 2207 et
469 2178 639 2216 intelligendi
661 2185 745 2216 quam
771 2178 926 2207 secundum
948 2177 1011 2206 sul}

167 2227 311 2255 stantiam:
334 2233 400 2262 ergo
420 2228 471 2254 etc.

246 2273 373 2302 CONTRA:
399 2273 423 2300 1.
444 2272 532 2301 Omne
552 2272 628 2309 quod
650 2272 765 2307 dicitur,
786 2275 835 2301 aut
855 2272 958 2301 dicitur
972 2279 1012 2301 se-

169 2319 293 2349 cundum
314 2318 527 2353 substantiam,
547 2322 597 2348 aut
611 2319 766 2348 secundum
780 2318 925 2352 accidens,
945 2318 1011 2356 quia

232 2459 239 2473 ¹
257 2459 312 2488 Cap.
331 2460 352 2482 8.
370 2466 391 2482 n.
410 2460 431 2482 9.
449 2459 494 2483 Csr.
512 2460 548 2482 liic
564 2460 595 2482 lit.
613 2460 727 2488 Magistri,
745 2466 764 2482 c.
783 2460 807 2488 3,
824 2461 847 2482 in
865 2459 950 2489 quibus
961 2466 1013 2482 ver-

169 2497 205 2520 bis
222 2498 272 2521 Vat.
290 2501 367 2521 contra
384 2499 495 2527 originale
511 2501 534 2521 et
550 2504 604 2521 mss.
622 2504 664 2526 nec
685 2504 731 2521 non
748 2498 785 2521 ed.
803 2499 824 2526 t,
836 2499 910 2527 posito
927 2497 1014 2521 dicitur

169 2542 212 2564 pro
229 2535 275 2559 dici
290 2539 313 2559 et
328 2536 360 2559 ad
376 2536 444 2560 aliud
460 2537 510 2559 loeo
526 2536 559 2560 ad
574 2536 672 2567 aliquid,
686 2539 735 2559 tum
747 2539 799 2565 post
809 2538 889 2560 aulem
900 2539 948 2559 tum
961 2539 1013 2565 post

169 2574 266 2598 relative
283 2575 455 2608 additydioitur.
475 2576 497 2598 In
515 2575 559 2598 fine
576 2576 705 2604 argumenti
722 2582 749 2598 ex
765 2575 933 2604 antiquioribus
957 2581 1011 2598 mss.

170 2617 191 2637 et
208 2614 244 2637 ed.
264 2615 272 2636 l
294 2605 454 2637 substituimus
471 2613 562 2644 aliquid
577 2620 619 2642 pro
636 2615 763 2642 incongruo
780 2614 853 2637 aliud.

232 2652 242 2667 ²
258 2652 313 2681 Cap.
332 2652 358 2681 4,
376 2652 416 2675 ubi
433 2653 511 2682 quoad
527 2658 624 2676 sensum
644 2654 772 2676 continetur
793 2654 850 2675 haec
871 2653 1012 2681 propositio,

170 2692 192 2717 in
210 2694 322 2721 quantum
339 2692 386 2714 scil.
407 2691 515 2714 Boethius
540 2691 570 2714 ibi
596 2692 709 2721 ostendit,
731 2692 795 2721 quod
815 2698 868 2714 cum
894 2693 946 2721 quis
970 2692 1012 2714 alia

171 2730 355 2758 praedicamenta
372 2733 462 2758 praeter
480 2730 611 2752 relationem
629 2731 652 2752 in
669 2730 771 2752 divinam
788 2731 882 2753 verterit
898 2729 1013 2758 praedica-

171 2770 271 2797 tionem,
289 2772 369 2791 cuncta
386 2771 503 2791 mutantur
519 2769 540 2791 in
562 2768 719 2792 substantiam.
737 2769 804 2797 Quod
828 2770 846 2792 si
871 2768 943 2793 verba
960 2774 1014 2796 pro—

171 2808 290 2836 positionis
307 2807 422 2835 attendas,
440 2807 548 2830 videntur
565 2810 640 2830 sumta
657 2814 684 2830 ex
700 2809 841 2836 Augustino,
860 2808 886 2829 V.
910 2807 938 2830 de
951 2807 1014 2830 Trin.

171 2853 190 2871 c.
209 2847 229 2869 ri.
247 2850 269 2870 et
285 2846 306 2869 5.
569 2846 578 2861 ³
595 2846 635 2868 Ed.
654 2847 662 2868 l
684 2845 818 2870 nominibus
836 2852 878 2874 pro
897 2844 1012 2869 omnibus.

234 2884 242 2900 ⁴
260 2885 304 2908 Csr.
322 2892 392 2914 supra
410 2891 463 2913 pag.
485 2885 526 2907 116
544 2887 595 2907 nota
614 2885 635 2907 6.

1062 968 1217 997 substantia
1238 970 1265 997 et
1285 968 1413 997 accidens
1434 967 1603 996 sufficienter
1618 967 1747 996 dividunt
1761 968 1835 1002 ens⁴3
1850 968 1898 996 sed

1060 1015 1088 1043 in
1110 1014 1211 1043 divinis
1242 1014 1312 1043 nihil
1343 1014 1445 1043 dissitur
1474 1014 1629 1043 secundum
1660 1014 1811 1043 accidens:
1833 1022 1899 1051 ergo

1027 1061 1029 1064 ’
1060 1061 1216 1090 secundum
1236 1060 1440 1089 substantiam.

1138 1108 1165 1135 ἣ.
1186 1107 1270 1142 Item⁵
1291 1115 1372 1136 omne
1387 1107 1463 1144 quod
1477 1107 1591 1141 dicitur,
1607 1109 1655 1135 aut
1669 1107 1771 1136 dicitur
1789 1115 1843 1144 per
1857 1116 1899 1140 se,

1061 1156 1110 1182 aut
1130 1162 1188 1182 ηοη
1208 1162 1259 1191 per
1279 1162 1317 1182 se.
1339 1154 1364 1181 Si
1384 1162 1438 1190 per
1458 1162 1504 1187 se,
1521 1157 1585 1182 tunc
1600 1153 1755 1182 secundum
1776 1153 1901 1182 substan-

1060 1200 1143 1235 tiam;
1165 1200 1186 1229 si
1208 1209 1267 1228 ozon
1284 1208 1338 1237 per
1358 1208 1403 1234 se,
1425 1203 1491 1229 tunc
1505 1208 1572 1237 ergo
1585 1207 1636 1237 per
1650 1200 1726 1229 aliud
1741 1203 1768 1229 et
1789 1200 1817 1228 in
1831 1200 1900 1234 alio:

1061 1246 1110 1275 sed
1131 1246 1224 1275 omnia
1244 1254 1315 1283 quae
1337 1246 1469 1275 dicuntur
1490 1247 1524 1275 de
1538 1247 1610 1281 Deo,
1631 1247 1763 1275 dicuntur
1780 1255 1834 1284 per
1851 1252 1900 1275 se:

1061 1301 1128 1330 ergo
1148 1293 1241 1321 omnia
1262 1293 1395 1322 dicuntur
1416 1293 1571 1322 secundum
1592 1293 1784 1322 substantiam.

1141 1339 1167 1368 3.
1188 1340 1268 1374 Item,
1289 1339 1342 1368 dici
1365 1340 1519 1369 seeundum
1534 1340 1716 1368 substantiam
1738 1340 1786 1369 et⁵
1808 1347 1903 1368 secun-

1062 1387 1130 1415 dum
1152 1386 1314 1415 relationem
1335 1390 1385 1415 aut
1406 1387 1472 1415 dicit
1493 1387 1681 1415 diversitatem
1703 1395 1719 1415 a
1743 1387 1901 1424 parte'ret‘,

1062 1436 1111 1462 aut
1131 1441 1148 1462 a
1168 1436 1247 1470 parte
1269 1433 1350 1461 modi
1371 1433 1550 1470 intelligendi
1569 1433 1626 1461 sive
1647 1433 1721 1461 modi
1743 1433 1860 1462 dicendi.
1876 1433 1901 1460 Si

1062 1476 1079 1508 a
1098 1482 1178 1517 parte
1199 1479 1259 1508 rei:
1282 1487 1348 1516 ergo
1370 1479 1396 1507 in
1417 1479 1474 1508 Deo
1502 1482 1543 1508 est
1573 1479 1720 1508 diversitas
1740 1481 1768 1507 et
1796 1487 1904 1516 compo-

1063 1526 1141 1561 sitiog
1162 1526 1184 1554 si
1206 1534 1222 1554 a
1243 1528 1322 1563 parte
1343 1526 1424 1554 modi
1443 1525 1569 1554 dicendi:
1591 1527 1658 1554 tunc
1679 1533 1743 1554 cum
1774 1525 1903 1554 diversus

1063 1573 1098 1601 sit
1120 1570 1221 1601 modus
1236 1572 1345 1601 dicendi
1366 1572 1394 1601 in
1415 1572 1467 1601 hoc
1488 1572 1563 1609 quod
1588 1574 1630 1601 est
1651 1571 1742 1600 bonus
1762 1574 1789 1601 et
1808 1572 1836 1600 in
1851 1572 1903 1600 hoc

1063 1620 1136 1657 quod
1160 1622 1202 1649 est
1222 1628 1350 1657 magmas
1371 1622 1398 1648 et
1418 1619 1445 1647 in
1471 1619 1523 1648 hoc
1545 1619 1619 1656 quod
1634 1621 1676 1647 est
1696 1619 1773 1647 Deus
1787 1636 1825 1639 —
1838 1619 1904 1656 quia

1064 1666 1086 1695 si
1108 1669 1274 1703 quaeratur:
1297 1668 1419 1703 quantus
1443 1668 1485 1694 est
1505 1665 1598 1694 Deus?
1619 1665 1824 1703 respondetur⁶
1844 1673 1904 1693 ma-

1061 1721 1156 1750 ymts,
1185 1720 1239 1741 non
1271 1712 1457 1749 respondetur
1493 1712 1600 1745 bouus‚·
1632 1712 1759 1741 similiter
1780 1712 1811 1740 si'
1823 1719 1905 1748 quae-

1064 1761 1156 1787 ratur:
1179 1758 1270 1795 qualis
1301 1762 1342 1788 est
1368 1759 1464 1787 Deus?
1494 1758 1679 1795 respondetur
1714 1758 1818 1792 bonus,
1850 1766 1904 1786 non

1065 1813 1192 1842 magnus
1213 1822 1251 1826 -—
1272 1813 1338 1842 ergo
1358 1813 1413 1833 non
1434 1807 1542 1833 tantum
1563 1808 1655 1834 essent
1675 1804 1731 1834 duo
1752 1804 1839 1838 modi,
1855 1804 1903 1833 sed

1064 1851 1148 1880 etiam
1170 1851 1260 1880 multo
1280 1851 1377 1888 plures
1397 1859 1483 1888 quam
1504 1851 1569 1880 duo.

1143 1899 1169 1927 [ι.
1195 1899 1275 1933 Item,
1307 1898 1402 1935 quod⁷
1434 1898 1618 1935 respondetur
1649 1898 1684 1926 ad
1714 1897 1904 1935 quaestionem

1064 1945 1165 1974 factam
1184 1953 1238 1982 per
1258 1945 1330 1983 quid
1353 1944 1455 1973 dicitur
1485 1944 1639 1973 secundum
1671 1944 1854 1973 substantiam
1878 1946 1905 1972 et

1065 1994 1202 2029 quantum
1223 1992 1258 2020 ad
1290 1999 1350 2020 rem
1371 1994 1398 2020 et
1428 1993 1564 2028 quantum
1584 1991 1619 2020 ad
1641 1991 1770 2025 modum;
1790 1991 1839 2019 sed
1861 1986 1906 2019 no-

1066 2038 1141 2066 mina
1166 2038 1282 2066 relativa
1303 2038 1508 2075 respondentur
1537 2038 1572 2066 ad
1594 2037 1783 2074 quaestionem
1805 2037 1904 2066 factam

1062 2094 1117 2122 per
1138 2085 1210 2123 quid
1230 2084 1264 2113 de
1285 2085 1356 2113 Deo:
1378 2092 1445 2121 ergo
1459 2084 1591 2113 dicuntur
1606 2084 1760 2121 secundum
1782 2084 1907 2113 substan-

1064 2132 1140 2160 tiam.
1162 2131 1293 2160 Probatio
1315 2131 1455 2160 minoris:
1476 2131 1646 2169 Augustinus
1667 2131 1694 2159 in
1715 2131 1787 2160 libro
1808 2131 1843 2159 de
1856 2130 1907 2170 Do

1066 2179 1156 2207 ctrina
1185 2177 1369 2207 christiana⁸:
1402 2178 1427 2206 Si
1459 2181 1626 2215 quaeratur,
1651 2177 1718 2215 quid
1743 2180 1785 2206 est
1799 2212 1800 2215 Ἰ
1814 2177 1907 2211 Deus,

1032 2247 1033 2250 ,
1066 2225 1262 2254 convenienter
1283 2224 1483 2261 respondetur:
1506 2225 1585 2254 Pater
1599 2227 1626 2253 et
1640 2224 1724 2252 Filius
1744 2226 1771 2253 et
1791 2224 1909 2260 Spiritus

1066 2274 1187 2300 sanctus.

1148 2319 1173 2347 5.
1195 2318 1279 2353 Item,
1304 2326 1367 2347 cum
1400 2318 1538 2355 quaedam
1570 2318 1624 2346 sint
1644 2317 1672 2345 in
1694 2317 1807 2351 divinis,
1835 2323 1910 2353 'quae

1131 2457 1141 2472 5
1158 2458 1207 2480 Vat.
1226 2463 1279 2479 cum
1297 2456 1347 2479 cod.
1365 2462 1391 2479 cc
1408 2457 1534 2484 incongrue
1556 2459 1577 2478 et
1594 2458 1671 2478 contra
1694 2455 1750 2478 alios
1773 2454 1840 2477 codd.
1858 2460 1909 2476 cum

1069 2495 1105 2519 ed.
1125 2497 1133 2518 l
1154 2497 1198 2518 aut
1213 2496 1262 2518 loco
1279 2496 1308 2518 et.
1837 2514 1838 2517 ,

1130 2534 1140 2549 ⁶
1157 2535 1179 2556 ln
1197 2534 1248 2557 cod.
1266 2534 1286 2557 V
1303 2535 1340 2556 hic
1361 2536 1383 2556 et
1406 2539 1459 2556 mox
1484 2536 1537 2562 post
1559 2539 1606 2556 non
1628 2532 1784 2563 respondetur
1807 2531 1912 2555 adiicitur

1069 2572 1133 2603 quod
1148 2574 1193 2601 est,
1213 2579 1239 2595 ac
1256 2573 1324 2601 paulo
1341 2572 1397 2594 infra
1414 2575 1467 2601 post
1482 2571 1546 2595 modi
1562 2572 1652 2594 additur
1667 2570 1764 2595 dicendi.

1131 2612 1141 2626 ⁷
1157 2611 1229 2634 Codd.
1247 2611 1289 2639 ΡΩ
1305 2610 1425 2641 quidquid.
1443 2611 1483 2633 Ed.
1502 2612 1511 2632 ,1
1532 2617 1585 2633 cum
1607 2610 1657 2633 cod.
1681 2616 1707 2632 cc
1731 2610 1912 2638 propositionem

1069 2652 1182 2674 minorem
1199 2649 1291 2673 exhibet
1307 2651 1354 2672 sic:
1371 2649 1412 2673 sed
1423 2655 1470 2679 per
1485 2649 1584 2673 nomina
1600 2648 1700 2672 relativa
1716 2647 1871 2678 respondetur
1882 2648 1914 2671 ad

1069 2689 1229 2720 quaestionem
1246 2692 1295 2717 etc.¹
1314 2695 1341 2711 ac
1359 2689 1410 2711 dein
1428 2688 1464 2711 ed.
1483 2688 1492 2710 t
1513 2688 1600 2710 nomini
1615 2687 1663 2711 Deo
1679 2687 1785 2716 praefigit
1800 2686 1858 2718 ipso.

1132 2728 1142 2743 8
1158 2728 1218 2751 Libr.
1238 2728 1252 2750 1.
1270 2734 1289 2750 c.
1311 2728 1333 2750 5.
1356 2734 1377 2750 n.
1400 2727 1429 2756 ὃς
1455 2727 1584 2750 secundum
1608 2732 1709 2750 sensum.
1734 2725 1812 2749 Verba
1836 2726 1913 2754 Augu-

1070 2769 1121 2791 stini
1144 2769 1214 2790 sunt:
1241 2767 1289 2789 Non
1315 2767 1376 2789 enim
1401 2767 1465 2790 facile
1491 2772 1593 2794 nomen,
1623 2765 1686 2795 quod
1710 2767 1786 2788 tantae
1807 2765 1914 2788 excellen-

1070 2807 1114 2829 tiae
1138 2807 1275 2834 conveniat‚
1301 2807 1376 2834 potest
1400 2805 1515 2834 inveniri,
1540 2805 1584 2827 nisi
1609 2803 1672 2833 quod
1697 2804 1780 2827 melius
1804 2804 1834 2826 ita
1858 2803 1913 2828 dici-

1070 2848 1119 2868 tur:
1137 2845 1235 2867 Trinitas
1252 2844 1322 2872 haec,
1340 2850 1400 2867 unus
1415 2843 1477 2866 Deus
1493 2849 1522 2866 ex
1539 2849 1586 2872 quo
1598 2843 1682 2871 omnia,
1694 2848 1737 2871 per
1747 2847 1818 2871 quem
1829 2842 1913 2871 omnia,

1037 2914 1039 2918 ι
1070 2884 1092 2905 in
1110 2889 1156 2912 quo
1174 2883 1266 2912 omnia,
1283 2883 1314 2906 ita
1330 2882 1395 2906 Pater
1411 2884 1433 2906 et
1449 2882 1518 2913 Filius
1533 2884 1556 2905 et
1571 2881 1669 2911 Spiritus
1685 2883 1777 2905 sanctus
1793 2883 1835 2905 etc.
