2253 3317
200 1197 333 1216 Fundamenta.

218 2126 247 2145 Ad
259 2126 334 2150 opposi-

340 130 393 159 189.

1031 123 1281 153 SENTENTIARUM
1302 123 1362 152 LIB.
1382 123 1401 151 1.

1074 250 1333 287 SCHOLION.

401 367 415 389 l.
434 366 577 389 Obiectiones
601 365 646 387 iam
671 365 693 386 in
716 370 780 392 corp.
797 364 884 387 solutae
901 366 960 387 sunt.
978 364 1059 392 Quoad
1080 364 1179 391 Angelos

338 408 407 434 patet,
417 405 481 434 quod
493 404 577 426 nullam
590 403 675 426 habere
692 405 788 431 possunt
800 403 986 430 generationem:
999 408 1043 424 non
1056 402 1181 430 generatio-

339 450 391 467 nem
403 442 574 472 imperfectam,
589 448 648 471 quae
658 444 692 464 est
703 448 730 463 ex
738 442 809 470 parte
818 459 824 469 ‚
839 443 934 469 propter
945 441 1113 468 simplicitatem
1125 439 1181 462 sub-

339 483 433 505 stantiae
445 481 561 509 angelicae
571 488 576 508 3
589 486 634 503 non
644 479 773 509 perfectam
782 498 788 507 ,
803 485 862 508 quae
874 481 908 501 est
918 485 945 501 ex
957 479 1004 501 loco
1012 497 1019 506 ‚
1033 479 1086 507 quia
1098 484 1180 500 eorum

338 524 417 543 natura
429 522 463 543 est
475 520 542 542 slnita.
553 531 584 536 -
593 519 674 547 Quoad
686 521 822 546 argumenta
834 518 997 545 congruentiae
1007 535 1011 545 ,
1025 523 1084 546 quae
1096 523 1181 544 suppo-

338 561 381 582 sito
398 559 451 581 fidei
468 559 576 586 dogmate
595 559 631 580 hie
648 557 830 585 atteruntu1·,cs1·.
848 563 918 584 supra
936 556 958 578 d.
968 557 989 578 2.
999 562 1021 585 q.
1032 556 1053 583 2;
1063 555 1085 577 d.
1096 555 1116 577 5.
1127 562 1148 584 q.
1159 556 1180 583 2;

338 598 393 621 dub.
412 598 432 619 3.
454 598 487 619 10.
505 598 574 619 liuius
590 596 628 624 d.;
645 596 759 624 Breviloq.
777 602 799 623 p.
817 596 831 617 I.
849 601 868 617 c.
882 594 1029 623 3;}1exaem.
1050 594 1123 616 Serm.
1144 594 1152 615 sl
1163 594 1180 615 l.

338 649 369 654 —
385 637 445 659 Alex.
464 637 527 663 Hah,
545 637 566 657 S.
585 642 607 664 p.
626 636 640 657 1.
657 642 680 664 q.
698 634 735 657 42.
753 641 784 656 m.
803 635 822 656 l.
841 635 862 657 2.
879 646 910 650 —
927 634 995 662 scot,
1012 634 1026 655 I.
1045 634 1105 655 Sent.
1119 633 1141 655 d.
1160 634 1180 655 2.

1099 755 1262 792 quasrio
1282 755 1312 783 11.

651 866 756 894 Utrwn.
778 865 808 893 iit
830 864 939 893 divinis
957 863 1107 901 yfflwmtz'o
1129 863 1295 900 distingyttat
1314 862 1389 890 inter
1408 862 1572 900 §tenentem
1593 866 1619 890 et
1636 862 1775 899 genitam.

417 998 544 1028 Secundo
564 997 725 1035 quaeritur,
747 1000 844 1025 utrum
865 995 1007 1032 generatio
1028 994 1054 1023 in
1081 994 1183 1023 divinis

339 1047 375 1076 sit
394 1053 578 1083 personarum
599 1044 765 1073 distinctiva.
789 1043 820 1071 Et
841 1042 916 1080 quod
942 1042 993 1076 sic,
1024 1041 1182 1070 ostenditur

340 1092 392 1121 hoc
412 1091 505 1120 modo.

421 1139 444 1166 1.
465 1138 636 1175 Augustinus
657 1137 730 1166 circa
761 1136 929 1174 principium
951 1136 985 1164 de
1007 1135 1140 1163 Trinitate
1157 1134 1180 1162 ¹:

347 1185 450 1214 «Nulla
471 1192 516 1214 res
536 1187 596 1219 est,
624 1192 696 1221 quae
717 1191 745 1212 se
767 1183 857 1220 ipsam
878 1183 990 1219 gignat,
1011 1185 1043 1210 ut
1064 1181 1099 1210 sit
1110 1191 1135 1209 »2
1159 1181 1181 1209 si

340 1240 406 1269 ergo
427 1231 527 1269 gignit,
549 1231 633 1259 aliam
654 1230 754 1267 gignit3
775 1229 824 1258 sed
840 1229 912 1257 inter
933 1228 1028 1257 rdiam
1042 1230 1070 1256 et
1088 1227 1182 1255 aliam

338 1282 380 1308 est
401 1278 554 1307 distinctio:
577 1285 645 1314 ergo
666 1280 716 1306 etc.

417 1327 443 1353 ⁹2.
465 1325 548 1359 item,
570 1324 712 1361 generatio
732 1326 774 1352 est
805 1321 962 1356 emanatio:
992 1321 1040 1350 sed
1062 1321 1111 1349 ubi
1141 1323 1184 1349 est

339 1372 494 1407 emanatio,
516 1372 553 1400 ibi
574 1374 616 1400 est
637 1369 831 1407 multiplicatio
853 1369 911 1397 sive
932 1368 1113 1405 plurificati0;
1133 1367 1183 1395 ubi

339 1421 433 1447 autem
454 1417 666 1455 multiplicatio,
688 1416 745 1445 ibi²
767 1415 921 1445 distinctio:
947 1422 1014 1452 ergo
1034 1414 1084 1443 ubi
1105 1421 1184 1451 gene-

341 1466 429 1500 ratio,
450 1466 488 1493 ibi
509 1464 667 1494 necessario
687 1466 729 1492 est
751 1462 899 1492 distinctio.

419 1512 444 1541 3.
466 1512 549 1546 item,
571 1511 712 1548 generatio
734 1510 760 1538 in
782 1510 884 1538 divinis
914 1512 956 1538 est
976 1507 1112 1542 relati0³;
1135 1507 1183 1536 sed

341 1559 438 1588 relatio
459 1559 590 1596 importat
611 1560 769 1594 respectum
789 1559 816 1585 et
837 1556 984 1590 ordinem3
1005 1555 1053 1584 sed
1074 1554 1122 1583 ubi
1144 1562 1185 1583 re-

340 1609 452 1643 spectus
473 1608 500 1634 et
520 1605 604 1639 ordo,
626 1604 663 1632 ibi
685 1603 896 1641 suppositorum
916 1605 943 1631 et
958 1601 1110 1630 relatorum
1126 1601 1184 1630 sive

340 1653 533 1682 ordinatorum
555 1651 709 1680 distinctio:
733 1653 760 1679 et
782 1650 820 1679 sic
842 1652 893 1678 etc.

419 1700 445 1727 [ι.
469 1699 551 1733 item,
574 1697 682 1726 maior⁴
702 1696 850 1726 diversitas
875 1695 1029 1724 sustinetur
1050 1703 1066 1722 a
1087 1702 1187 1731 suppo-

341 1747 393 1775 sito
414 1746 458 1774 vel
479 1746 506 1773 in
528 1744 671 1782 supposito
693 1743 845 1780 composito
871 1745 898 1771 et
925 1741 1073 1778 multiplici
1100 1749 1185 1778 quam

341 1793 369 1821 in
390 1792 514 1821 subiecto
536 1791 654 1828 simplici
676 1793 703 1819 et
723 1789 856 1818 uniformi
868 1800 876 1823 3
897 1788 945 1817 sed
967 1788 1083 1816 relative
1104 1796 1187 1825 oppo-

341 1840 393 1868 sita
409 1847 468 1867 non
490 1841 563 1867 stant
584 1837 698 1867 insimul
719 1836 747 1864 in
772 1836 868 1865 eodem
902 1834 1047 1863 individuo
1078 1837 1184 1863 creato:

341 1894 408 1923 ergo
429 1886 528 1915 necin
560 1884 678 1921 simplici
710 1882 861 1920 hypostasi.
893 1880 1035 1909 Probatz'o
1065 1880 1185 1909 mediae.

345 1934 415 1962 Bene
436 1932 576 1969 sequitur:
599 1932 726 1959 Socrates
746 1932 788 1959 est
802 1932 881 1966 pater
895 1928 1029 1957 Platonis:
1051 1935 1118 1965 ergo
1131 1935 1187 1955 non

344 1983 385 2009 est
406 1979 480 2008 filius
500 1979 575 2012 eius,
597 1978 641 2006 vel
663 1980 705 2006 est
725 1976 872 2005 distinctus
892 1975 928 2004 ab
949 1983 995 2004 eo:
1017 1982 1084 2011 ergo
1099 1974 1188 2002 multo

344 2026 443 2055 fortius
464 2025 493 2053 in
513 2024 624 2053 divinis.

424 2071 550 2099 Couraa:
575 2071 598 2097 1.
621 2069 699 2097 Pater
721 2067 880 2105 generando
902 2066 1001 2094 Filium
1022 2066 1070 2094 dat
1094 2066 1119 2094 ei
1150 2068 1188 2094 to-

346 2121 404 2146 tum
427 2117 501 2154 quod
522 2116 621 2150 habet3
643 2115 691 2144 sed
712 2114 796 2143 habet
810 2113 958 2142 essentiam
980 2115 1008 2141 et
1022 2120 1185 2149 personam:

346 2173 412 2201 ergo
433 2164 481 2192 dat
500 2163 526 2192 ei
546 2162 694 2191 essentiam
715 2168 742 2190 et
762 2168 926 2198 personam:
959 2166 1026 2196 ergo
1048 2159 1120 2187 sicut
1151 2159 1188 2187 Fi-

346 2212 401 2240 lius
421 2219 476 2239 non
504 2209 686 2246 distinguitur
716 2216 732 2236 a
757 2208 836 2236 Patre
857 2206 1056 2240 essentialiter,
1078 2205 1116 2233 ita
1136 2214 1188 2234 nec

348 2257 545 2296 personaliter,
566 2259 598 2285 ut
618 2256 739 2285 videtur.

1313 362 1335 384 7.
1352 374 1384 378 —
1400 362 1421 384 S.
1441 362 1539 390 Tuom,
1557 362 1570 384 l.
1589 362 1649 384 Sent.
1668 362 1689 384 d.
1708 361 1729 384 4.
1746 368 1768 391 q.
1787 362 1807 384 1l.
1825 369 1844 384 a.
1864 363 1871 384 l
1887 369 1891 390 ;
1912 362 1933 384 S.
1946 362 1960 384 l.
1973 368 1995 391 q.
2009 362 2045 384 27.
2058 368 2084 385 a..

1323 401 1345 423 S.
1363 406 1382 423 c.
1399 401 1463 422 Gent.
1481 401 1517 423 lV.
1535 406 1554 422 c.
1573 401 1609 422 1l0.
1629 401 1665 422 «ivl.
1682 412 1714 417 —
1730 400 1753 422 B.
1771 400 1871 429 Albert.‚
1897 401 1911 422 l.
1938 401 1998 423 Sent.
2016 400 2039 423 d.
2058 400 2080 422 4.

1321 440 1343 461 S.
1361 439 1375 461 1.
1393 441 1419 461 tr.
1437 438 1459 461 7.
1476 445 1498 468 q.
1517 439 1553 462 30.
1577 445 1607 461 m.
1627 439 1647 461 i.
1664 451 1696 455 —
1712 439 1769 461 Petr.
1788 446 1799 461 a
1818 439 1886 467 Tau,
1904 439 1918 461 l.
1936 440 1997 462 Sent.
2015 438 2037 461 d.
2057 438 2077 461 4.

1314 491 1346 495 —
1362 478 1469 501 Richard.
1486 484 1499 499 a
1516 478 1574 500 Med.
1585 496 1590 506 ,
1608 478 1644 500 liic
1661 484 1681 500 a.
1700 477 1720 499 rl.
1739 484 1760 506 q.
1775 477 1795 499 l.
1806 489 1838 494 —
1849 477 1923 505 AEgid.
1936 478 1977 506 R.,
1991 478 2004 500 l.
2017 478 2084 500 Sent..

1317 518 1336 540 l.
1355 518 1428 546 princ.
1446 524 1468 546 q.
1490 517 1507 539 Ι.
1525 529 1556 533 -
1572 517 1641 539 Ilenr.
1658 516 1745 544 Gand.,
1763 517 1785 539 S.
1803 523 1823 539 a.
1841 516 1878 538 58.
1895 523 1917 545 q.
1937 517 1957 539 ’1,
1976 523 1997 539 n.
2016 516 2083 539 8-24..

1312 556 1400 584 mand„
1418 556 1432 578 l.
1450 556 1512 578 Sent.
1535 555 1558 577 d.
1584 554 1604 577 4.
1630 562 1652 584 q.
1671 556 1691 577 i.
1708 567 1739 571 —
1755 555 1848 582 Dionys.
1867 554 1960 584 Carth„
1984 556 1998 577 I.
2017 556 2078 578 Sont.

1317 601 1332 623 q

1275 363 1296 384 6.

1276 401 1304 429 2;

1274 440 1303 467 33

1279 479 1297 501 l.

1278 517 1298 540 4.

1283 556 1311 578 Di

1278 594 1299 617 4.
1335 613 1340 616 .
1359 595 1379 617 l.
1396 607 1428 611 —
1444 594 1506 622 Bicl,
1524 595 1561 616 hic
1578 601 1600 623 q.
1619 595 1627 616 rl
1642 601 1646 621 ;
1664 594 1686 616 (1.
1705 594 1741 616 ·10.
1759 600 1780 622 q.
1800 595 1821 616 ¹l.
1838 600 1905 622 prop.
1926 595 1945 616 l.

1236 369 1258 391 q.

1237 401 1257 423 t.

1236 447 1255 463 a.

1236 486 1258 508 q.

1236 518 1259 540 d.

1237 595 1260 617 d.

1318 995 1344 1022 2.
1366 993 1448 1026 item,
1463 993 1543 1022 Pater
1558 993 1744 1022 communicat
1758 993 1824 1021 Filio
1838 993 1986 1022 essentiam
2001 1002 2086 1023 suam·

1238 1042 1353 1077 propter
1384 1039 1544 1068 summam⁵
1576 1039 1799 1076 simplicitatem3
1832 1040 1881 1068 sed
1905 1048 1994 1077 aeque
2019 1041 2089 1070 sim-⁷

1238 1086 1304 1123 plex
1326 1089 1367 1115 est
1389 1094 1507 1123 persona
1528 1089 1560 1115 ut
1578 1086 1709 1115 essentia:
1732 1094 1798 1123 ergo
1813 1095 1868 1124 qua
1890 1087 1996 1117 ratione
2010 1096 2085 1117 com-

1238 1133 1361 1162 municat
1381 1133 1545 1168 essentiam,
1567 1133 1754 1162 communicat
1774 1136 1801 1162 et
1821 1141 1978 1171 personam.

1318 1180 1344 1208 3.
1364 1180 1449 1213 Item,
1471 1180 1499 1208 in
1520 1180 1599 1208 Patre
1620 1180 1695 1208 idem
1715 1182 1757 1209 est
1777 1183 1878 1209 natura
1899 1183 1926 1209 et
1946 1188 2080 1218 persona:

1238 1234 1305 1263 ergo
1325 1226 1496 1263 impossibile
1517 1229 1571 1261 est,
1593 1226 1668 1263 quod
1689 1226 1876 1255 communicet
1893 1235 1991 1262 unum,
2006 1227 2082 1264 quod
2239 1223 2241 1262 ξ

1238 1272 1313 1301 non⁶
1333 1273 1519 1301 communicet
1540 1272 1633 1307 aliud,
1665 1280 1731 1309 ergo
1763 1273 1785 1302 si
1807 1273 1855 1302 dat
1875 1275 2025 1309 naturam,
2056 1277 2086 1303 et

1239 1326 1396 1357 personam.

1318 1366 1345 1395 lt.
1366 1366 1449 1400 Item,
1470 1366 1583 1394 videtur
1610 1367 1686 1403 quod
1716 1366 1814 1395 relatio
1845 1375 1900 1396 non
1931 1367 2084 1405 distinguat

1239 1413 1355 1450 aliqua⁷
1377 1413 1498 1447 rati0ne,
1530 1413 1595 1450 quia
1616 1421 1690 1442 unus
1721 1416 1748 1442 et
1780 1414 1854 1442 idem
1888 1417 2011 1451 punctus
2041 1418 2084 1444 est

1240 1458 1408 1496 principium
1430 1461 1457 1487 et
1478 1458 1540 1487 finis
1561 1462 1690 1496 respectu
1716 1460 1893 1489 diversarum
1925 1460 2082 1489 linearum:

1240 1513 1306 1542 ergo
1327 1505 1349 1533 si
1370 1505 1440 1534 istae
1460 1505 1609 1534 relationes
1629 1514 1684 1534 non
1705 1509 1770 1535 sunt
1790 1507 1979 1542 distinctivae,
2011 1508 2086 1537 vide-

1241 1555 1287 1580 tur
1308 1551 1450 1586 similiter,
1472 1552 1545 1588 quod
1568 1559 1619 1580 nec
1639 1553 1791 1589 paternitas
1816 1556 1843 1581 et
1865 1553 1969 1582 filiatio.
1992 1553 2025 1582 Si
2045 1554 2086 1582 dz'-

1240 1606 1291 1627 cas
1302 1621 1311 1632 ‚
1332 1598 1408 1635 quod
1422 1606 1477 1626 non
1491 1606 1588 1627 omnes
1603 1599 1752 1628 relationes
1773 1599 1962 1636 distinguunt,
1981 1600 2030 1629 sed
2045 1608 2091 1638 so->

1240 1645 1300 1673 lum
1320 1648 1448 1679 mutuae,
1477 1647 1508 1673 ut
1538 1645 1708 1682 principium
1729 1648 1757 1674 et
1777 1646 1991 1683 principiatum,
2022 1646 2086 1676 finis

1242 1695 1270 1721 et
1290 1692 1416 1726 finitum;
1438 1692 1574 1720 contra&
1598 1692 1676 1721 Pater
1697 1695 1724 1721 et
1739 1692 1822 1721 Filius
1837 1701 1866 1722 se
1880 1693 1999 1729 habent,
2014 1694 2086 1723 sicut

1243 1739 1399 1776 intelligens
1427 1742 1453 1768 et
1474 1739 1659 1774 intellectum,
1679 1742 1711 1768 ut
1738 1739 1804 1768 dicit
1834 1740 2013 1776 Anselmus⁹3
2036 1741 2086 1770 sed

1242 1787 1317 1816 idem
1338 1789 1428 1824 potest
1442 1794 1502 1815 esse
1516 1786 1673 1823 intelligens
1687 1789 1714 1815 et
1732 1787 1920 1816 intellectum:
1946 1795 2013 1825 ergo
2034 1790 2085 1817 etc.

1323 1835 1347 1863 5.
1369 1834 1452 1868 Item,
1473 1833 1562 1861 maior
1593 1836 1635 1862 est
1665 1834 1849 1871 repugnantia
1880 1834 1908 1862 in
1939 1834 2086 1863 contrariis

1243 1889 1328 1918 quam
1350 1881 1377 1909 in
1402 1880 1526 1909 relativis
1539 1880 1569 1914 ¹⁰;
1601 1880 1650 1909 sed
1682 1880 1782 1909 albedo
1803 1883 1831 1909 et
1851 1881 1983 1918 nigredo,
2014 1888 2086 1918 quae

1243 1929 1309 1956 sunt
1323 1926 1470 1961 contraria,
1482 1934 1536 1955 non
1548 1926 1652 1955 faciunt
1663 1926 1867 1955 distinctionem
1879 1927 1952 1956 circa
1963 1927 2086 1962 Petrum,

1244 1974 1310 2011 quia
1335 1974 1409 2003 idem
1440 1975 1530 2010 potest
1560 1973 1644 2002 modo
1673 1981 1734 2002 esse
1765 1973 1863 2008 albus,
1884 1974 1967 2003 niodo
1988 1974 2084 2011 niger:

1243 2028 1310 2057 ergo
1331 2019 1420 2048 multo
1441 2019 1541 2047 fortius
1562 2027 1636 2048 unus
1658 2019 1685 2047 in
1707 2019 1808 2048 divinis
1830 2019 1913 2048 modo
1933 2020 1986 2048 erit
2006 2019 2086 2048 Pater

1244 2067 1327 2096 modo
1348 2066 1441 2095 Filius.

1323 2114 1348 2141 6.
1370 2112 1453 2146 Item,
1474 2111 1646 2150 quaeritur,
1668 2120 1756 2149 quare
1776 2112 1869 2149 potius
1890 2112 2038 2142 relationes
2051 2112 2222 2159 fa-mfflgssgffi

1244 2160 1321 2188 ciunt
1348 2158 1552 2187 distinctionem
1583 2166 1719 2195 personae
1744 2166 1829 2195 quam
1850 2158 2000 2194 essentiae,
2021 2167 2086 2188 cum
2187 2154 2191 2158 ”

1243 2213 1332 2243 aeque
1352 2205 1421 2234 bene
1442 2205 1548 2242 possint
1568 2212 1629 2233 esse
1650 2205 1746 2241 plures
1760 2205 1896 2234 essentiae
1911 2205 1955 2234 vel
1969 2208 2086 2235 naturae

1243 2251 1272 2280 in
1293 2259 1349 2279 una
1369 2258 1504 2288 persona,
1527 2250 1598 2279 sicut
1618 2258 1633 2279 e
1648 2259 1791 2280 converso.

410 2413 417 2428 ¹
435 2413 496 2435 Libr.
512 2412 527 2434 I.
544 2418 563 2434 c.
584 2412 602 2433 t.
620 2417 642 2433 n.
661 2410 681 2432 vt.
697 2421 729 2426 —
745 2408 809 2432 Circa
826 2408 896 2430 tinem
917 2408 1047 2436 argumenti
1071 2406 1116 2429 ssde
1133 2407 1189 2429 mul-

346 2457 423 2477 torum
439 2458 494 2475 mss.
510 2453 533 2473 et
548 2450 584 2473 cd.
603 2450 611 2472 l
633 2451 685 2477 post
700 2448 761 2471 inter
777 2446 853 2470 aliam
868 2447 1021 2475 expunximus
1036 2451 1095 2468 rem.

409 2491 419 2506 ²
436 2491 486 2513 Vat.
503 2489 608 2517 adiungit
623 2489 651 2511 et.

409 2530 419 2545 ³
436 2529 491 2553 Cod.
509 2529 528 2551 Y
544 2528 608 2550 addit
623 2527 649 2549 in
665 2525 782 2549 creaturis
799 2531 854 2548 vero
871 2524 932 2548 actio
948 2523 985 2547 vel
1000 2522 1108 2546 mutatio.

409 2568 418 2584 ⁴
435 2569 496 2591 Multi
512 2567 579 2590 codd.
593 2570 617 2588 ut
633 2564 865 2588 ACGKORSUVY
876 2566 918 2586 etc.
930 2569 984 2586 cum
996 2568 1034 2585 sex
1044 2562 1125 2590 primis
1135 2560 1188 2584 edd.

348 2607 439 2635 minor,
458 2606 498 2629 sed
516 2605 633 2628 mendose.
651 2604 719 2626 Paulo
736 2604 792 2625 infra
810 2609 836 2625 ex
854 2601 1021 2631 antiquioribus
1043 2607 1097 2623 mss.
1115 2603 1137 2623 et
1153 2600 1189 2622 ed.

350 2648 358 2669 t
374 2646 534 2669 substituimus
542 2643 643 2667 subiecto
655 2649 697 2671 pro
707 2641 840 2665 substantia
851 2644 873 2664 et
883 2640 980 2664 relative
989 2646 1031 2668 pro
1042 2639 1150 2662 relativa.
1158 2651 1190 2655 —

349 2686 434 2707 Sensus
450 2683 579 2711 argumenti
595 2684 644 2704 est:
661 2681 812 2709 Suppositum
829 2683 931 2702 creatum
948 2682 970 2701 et
986 2679 1140 2706 compositum
1156 2681 1191 2700 est

349 2729 420 2751 capax
432 2722 461 2744 ad
472 2720 587 2743 maiorem
603 2720 758 2742 diversitatem
770 2718 939 2746 sustinendam,
952 2723 1022 2746 quam
1031 2718 1156 2739 increatum
1168 2719 1190 2739 et

349 2761 457 2789 simplex3
469 2760 509 2783 sed
521 2761 542 2781 in
555 2762 630 2782 creato
641 2758 761 2786 supposito
773 2764 818 2779 non
831 2760 864 2779 est
874 2757 988 2785 capacitas
999 2756 1028 2778 ad
1039 2755 1112 2779 simul
1124 2756 1190 2778 susti-

350 2799 423 2822 nenda
430 2799 523 2821 relative
530 2798 635 2826 opposita
642 2805 646 2823 ;
653 2803 709 2825 ergo
716 2796 788 2818 multo
799 2796 903 2818 minusin
910 2796 1008 2823 simplici
1019 2795 1138 2822 supposito
1147 2797 1189 2817 etc.

412 2837 421 2852 ⁵
438 2838 460 2859 ln
478 2843 532 2859 mss.
550 2840 572 2859 et
588 2836 624 2858 ed.
644 2836 652 2857 i
674 2835 738 2858 deest
753 2840 836 2862 suam,
856 2834 919 2863 quod
937 2834 986 2856 Vat.
1004 2834 1040 2856 hic
1056 2833 1127 2855 addit.
1141 2833 1190 2855 Mox

350 2877 401 2898 Vat.
417 2882 470 2898 cum
487 2875 538 2898 cod.
556 2881 581 2897 cc
598 2877 675 2897 contra
693 2874 748 2896 alios
766 2873 833 2896 codd.
851 2876 873 2896 et
889 2873 925 2895 ed.
946 2873 953 2895 t
974 2873 997 2895 et
1012 2878 1055 2901 pro
1071 2873 1103 2895 ut.

1251 2432 1255 2435 .
1307 2406 1316 2420 ὃ
1333 2407 1457 2435 Sequimur
1472 2407 1609 2429 vetustiores
1625 2406 1692 2428 codd.
1715 2412 1768 2428 cum
1792 2406 1828 2428 ed.
1858 2406 1863 2428 1
1893 2406 2001 2434 ponendo
2025 2405 2089 2436 quod

1245 2450 1292 2468 non
1309 2445 1358 2467 loco
1375 2444 1439 2474 quin.
1457 2445 1512 2468 Cod.
1530 2446 1545 2467 Z
1563 2445 1657 2467 brevius
1673 2451 1750 2468 unum
1766 2444 1815 2467 sine
1831 2444 1914 2468 altero.

1307 2483 1317 2498 ⁷
1334 2484 1394 2506 Multi
1411 2483 1478 2506 codd.
1495 2486 1520 2506 ut
1536 2483 1853 2512 ACLOPQRSTUVY
1873 2486 1915 2506 etc.
1940 2489 1994 2506 cum
2018 2483 2054 2506 ed.
2073 2484 2082 2506 t

1245 2521 1294 2545 alia
1311 2523 1361 2544 loco
1377 2522 1474 2552 aliqua,
1494 2522 1534 2545 sed
1545 2540 1550 2550 ,
1567 2525 1593 2545 ut
1608 2522 1715 2551 videtur,
1737 2524 1814 2545 minus
1838 2522 1912 2551 bene,
1937 2523 2025 2545 etiamsi
2042 2522 2086 2545 sub

1244 2560 1294 2583 alia
1310 2560 1402 2583 ratione
1418 2561 1530 2589 intelligas
1546 2561 1642 2583 modum
1659 2561 1814 2589 distinguendi
1835 2561 1936 2584 relativis
1951 2561 2085 2590 proprium,

1245 2600 1312 2628 quia,
1331 2600 1362 2621 uti
1379 2606 1405 2621 ex
1423 2599 1531 2621 subnexis
1548 2602 1624 2627 patet,
1642 2600 1717 2627 agitur
1733 2600 1762 2622 de
1779 2606 1818 2628 eo,
1844 2600 1907 2629 quod
1932 2601 2010 2623 relatio
2033 2601 2088 2622 slm-

1245 2639 1333 2666 pliciter
1350 2644 1394 2660 non
1411 2638 1542 2666 distinguat.
1559 2638 1607 2661 Cod
1632 2639 1648 2660 Z
1665 2638 1712 2661 nisi
1728 2645 1770 2667 pro
1786 2639 1875 2669 aliqua.

1309 2676 1319 2691 Β
1334 2676 1389 2699 Cod.
1408 2677 1426 2698 Y
1442 2677 1506 2699 addit
1522 2676 1614 2700 videtur
1630 2677 1693 2707 quod
1708 2684 1750 2701 nec
1766 2679 1864 2701 mutuae
1884 2677 1947 2708 quia.
1969 2678 2018 2700 Mox
2034 2678 2088 2700 Vat.

1245 2722 1298 2738 cum
1316 2715 1365 2738 cod.
1383 2722 1420 2743 cc,
1439 2716 1487 2738 aliis
1504 2719 1579 2738 tamen
1596 2716 1662 2739 codd.
1681 2717 1836 2744 renitentibus,
1853 2718 1881 2739 ut
1896 2723 1939 2744 pro
1955 2715 2023 2740 sicut.

1307 2754 1317 2769 ⁹
1334 2754 1446 2782 Monolog.
1464 2761 1483 2777 c.
1501 2755 1542 2782 32,
1560 2754 1599 2777 ubi
1617 2756 1660 2777 boc
1676 2755 1753 2784 quoad
1770 2761 1863 2778 sensum
1880 2756 2001 2778 invenitur.

1308 2792 1326 2807 ¹⁰
1344 2792 1389 2816 Csr.
1406 2793 1495 2815 Aristot.
1506 2811 1511 2821 ,
1529 2793 1558 2816 (le
1575 2794 1713 2816 praedicam.
1731 2800 1751 2816 c..
1768 2794 1797 2816 de
1814 2794 1936 2822 Oppositis.
