2253 3317
3 1447 5 1449 .
35 1433 67 1452 Au
79 1434 152 1457 opposi-

796 115 878 144 DIST.
900 116 965 145 XIV.
981 116 1059 145 ἈΒΤ-
1080 116 1097 145 Ι.
1120 116 1254 153 QUAEST.
1274 117 1292 145 1.

1855 120 1911 149 245

903 239 1136 274 ARTICULUS
1162 242 1184 274 Ι.

695 331 737 359 De
755 332 938 368 processione
960 333 1113 370 temporali
1132 333 1262 370 Spiritus
1281 334 1385 362 sancti.

941 441 1103 478 QUAesno
1124 436 1141 469 1.
1181 422 1186 432 ‘

568 523 672 551 Utrum
693 525 839 560 processio
861 525 1028 562 temporalis
1049 526 1180 563 Spiritus
1199 527 1297 555 sancti
1312 527 1447 563 ponenda
1467 527 1513 555 sit.

248 630 327 667 Quod
349 630 384 659 sit
405 631 532 667 ponenda
546 631 686 668 processio
701 632 869 669 temporalis,
884 632 1009 661 videtur:

251 678 274 705 l.
297 677 349 705 Per
370 677 487 712 Bedam,
509 678 557 714 qui
571 678 637 707 dicit
651 678 679 706 in
694 678 822 713 homilia,
843 681 870 707 et
892 679 1010 708 hahetur

7 742 9 746 .
31 724 200 752 fundamenta-in
222 724 313 752 littera
326 724 354 751 ¹:
382 723 525 760 «Spiritus
546 724 631 753 sancti
653 724 747 753 missio
768 728 809 753 est
829 725 890 753 eius
904 733 1012 762 proces-

169 771 210 800 sio
224 781 251 805 ”3
273 771 321 799 sed
354 771 449 799 missio
477 774 519 800 est
549 771 723 808 temporalis:
746 779 812 808 ergo
834 775 875 800 est
905 779 1009 808 ponere

168 817 373 854 processionem
394 817 513 854 Spiritus
535 818 620 847 sancti
642 818 833 855 temporalem.

246 865 272 892 2.
293 864 377 898 Item,
398 864 451 893 hoc
472 864 563 901 ipsum
579 864 733 893 ostenditur
748 864 862 892 ratione
883 864 932 893 sic:
948 873 1010 901 pro—

168 910 268 939 cedere
289 914 330 940 est
351 911 386 940 ab
407 919 463 940 uno
484 912 511 939 in
532 911 635 945 alium3
657 919 720 940 cum
736 919 802 948 ergo
817 911 936 948 Spiritus
950 919 1010 940 san-

167 960 228 986 ctus
250 956 322 986 sita
342 957 399 986 Deo
420 961 446 986 et
468 958 503 986 sit
524 957 551 985 in
573 959 702 986 creatura
723 960 750 986 et
771 958 799 986 in
825 960 953 986 creatura
974 958 1009 986 sit

166 1012 182 1032 a
202 1003 297 1038 Deo2,
318 1012 334 1032 a
355 1004 411 1032 Deo
432 1003 558 1040 procedit
579 1003 606 1031 in
628 1006 801 1038 creaturam,
832 1004 884 1032 hoc
914 1007 1008 1033 autem

165 1059 220 1079 non
240 1053 294 1085 est,
315 1054 464 1087 antequam
485 1053 611 1078 creatura
635 1050 684 1085 sit,
706 1050 755 1079 sed
770 1050 820 1079 hoc
836 1053 877 1079 est
891 1058 927 1079 ex
942 1053 1009 1079 tem-

165 1105 247 1134 pore:
269 1104 335 1133 ergo
356 1099 406 1125 etc.

244 1143 270 1172 3.
291 1143 375 1178 Item,
397 1143 502 1172 donum
524 1143 581 1171 slve
604 1143 701 1171 datum
722 1151 738 1171 a
769 1143 852 1171 dante
881 1143 1008 1180 procedit

166 1191 193 1219 in
214 1190 405 1227 accipientem,
420 1197 484 1218 cum
507 1189 606 1223 datur3
628 1189 676 1217 sed
698 1189 817 1226 Spiritus
838 1192 950 1218 sanctus
970 1198 1007 1218 ex

165 1239 290 1274 tempore
311 1236 409 1265 datur:
432 1243 498 1273 ergo
519 1243 555 1264 ex
577 1238 701 1272 tempore
732 1235 857 1272 procedit
877 1244 893 1264 a
924 1236 1007 1264 dante

165 1283 193 1312 in
214 1282 426 1320 recipientem³z
449 1290 515 1319 ergo
536 1284 578 1311 est
598 1289 701 1319 ponere
715 1282 920 1319 processionem
941 1285 1007 1311 tem-

164 1329 297 1367 poralem.

243 1375 369 1404 CONTRA:
395 1376 419 1403 1.
441 1374 560 1412 Spiritus
581 1375 666 1404 sancti
688 1374 829 1412 processio
860 1374 933 1402 idem
965 1378 1007 1403 est

165 1422 240 1460 quod
261 1422 322 1451 eius
342 1421 472 1459 spirati03
493 1422 542 1450 sed
563 1430 618 1450 non
639 1421 741 1450 diCItur
756 1421 817 1450 eius
831 1421 945 1458 spiratio
960 1421 1007 1449 ali-

165 1477 220 1507 qua
241 1468 416 1505 temporalis:
438 1476 504 1505 ergo
525 1476 575 1497 nec
596 1468 744 1505 processio.

243 1516 269 1543 2.
290 1515 373 1549 Item,
396 1515 467 1543 sicut
487 1515 626 1552 processio
652 1522 680 1543 se
705 1514 789 1542 habet
809 1514 845 1542 ad
870 1514 1004 1550 Spiritum

164 1564 305 1596 sanctum,
327 1561 365 1590 sic
386 1561 526 1598 generatio
540 1561 576 1589 ad
591 1561 704 1595 Filium,
726 1563 753 1589 et
766 1561 1004 1597 quemadmodum

164 1607 282 1645 Spiritus
303 1611 416 1636 sanctus
436 1607 556 1635 mittitur
576 1607 603 1635 in
625 1610 758 1641 mentem,
779 1607 837 1635 ita⁴
860 1606 955 1641 Filius,
977 1609 1004 1635 et

162 1658 315 1691 utrumque
336 1661 372 1682 ex
395 1657 534 1690 tempore;
565 1653 614 1682 sed
646 1653 787 1690 generatio
817 1653 875 1681 Filii
898 1653 1003 1682 ratione

163 1701 225 1729 talis
247 1700 386 1729 missionis
407 1700 484 1728 nullo
504 1700 587 1728 modo
609 1700 711 1729 dicitur
732 1700 907 1737 temporalis:
936 1708 1003 1737 ergo

162 1754 212 1775 nec
233 1747 374 1783 processio
395 1747 514 1783 Spiritus
535 1746 628 1775 sancti.

241 1792 266 1821 3.
288 1792 371 1827 Item,
393 1793 533 1830 processio
554 1793 673 1830 Spiritus
698 1793 784 1822 sancti
816 1801 869 1821 non
900 1793 1002 1822 dicitur

162 1839 336 1876 temporalis,
368 1839 420 1867 nisi
452 1839 606 1868 secundum
636 1840 710 1876 quod
736 1842 777 1868 est
806 1839 946 1876 processio
967 1839 1002 1867 ab

161 1885 254 1922 aliquo
275 1885 302 1913 in
323 1885 444 1922 aliquid,
465 1888 561 1922 utpote
582 1886 609 1914 in
630 1889 803 1920 creaturam3
825 1886 874 1915 sed
895 1893 1002 1922 proces-

162 1932 202 1960 sio
223 1931 258 1960 ab
279 1931 373 1968 aliquo
395 1931 422 1960 in
444 1932 551 1969 aliquid
570 1940 624 1960 non
646 1935 687 1961 est
702 1932 754 1960 nisi
776 1932 938 1969 dupliciter:
954 1934 1003 1960 aut

161 1978 314 2006 secundum
337 1985 498 2015 processum
520 1978 555 2006 ab
575 1981 673 2015 agente
704 1978 732 2006 in
764 1978 932 2015 suscipiens,
953 1981 1002 2006 aut

160 2024 315 2053 secundum
338 2032 499 2061 processum
527 2033 543 2053 a
575 2025 634 2053 loco
664 2025 691 2053 in
714 2025 814 2054 locum.
837 2025 889 2053 Sed
911 2024 1002 2061 primo

160 2071 243 2099 modo
264 2079 322 2099 non
351 2073 392 2099 est
423 2071 583 2108 temporalis
614 2071 766 2108 processio,
787 2072 853 2108 quia
883 2071 1002 2108 Spiritus

160 2120 272 2145 sanctus
293 2120 334 2145 est
365 2125 484 2154 persona
515 2118 543 2146 in
573 2125 602 2146 se
623 2118 681 2146 fixa
702 2120 728 2146 et
749 2120 836 2146 stans:
859 2125 925 2154 ergo
947 2125 1001 2145 non

159 2163 324 2200 producitur
338 2164 365 2191 in
381 2164 546 2201 suscipiente
557 2164 574 2192 ⁵.
596 2164 722 2193 Secundo
746 2165 828 2193 modo
849 2172 920 2198 non,
936 2164 1001 2201 quia

159 2209 234 2246 quod
257 2210 302 2238 tali
324 2210 407 2238 modo
429 2210 569 2247 procedit,
590 2219 606 2239 a
626 2211 763 2248 principio
783 2210 888 2239 recedit
908 2213 935 2239 et
965 2210 1000 2238 ad

159 2256 310 2284 terminum
331 2256 438 2285 accedit
446 2268 453 2291 ς
475 2257 526 2285 hoc
548 2260 642 2286 autem
663 2265 717 2285 non
739 2257 867 2286 convenit
886 2256 999 2294 Spiritui

159 2306 260 2331 sancto.

236 2349 263 2377 [ι.
285 2349 366 2383 Item,
388 2357 470 2378 omne
491 2350 566 2386 quod
588 2350 778 2386 temporaliter
808 2349 933 2386 procedit
964 2349 999 2377 ab

159 2394 227 2427 alio,
248 2395 333 2424 habet
354 2395 465 2424 initium
486 2396 595 2425 essendi
610 2404 645 2425 ex
660 2399 798 2433 tempore;
819 2397 842 2425 si
856 2404 923 2433 ergo
944 2396 1000 2432 Spi-

1066 633 1138 661 ritus
1159 636 1271 662 sanctus
1292 634 1481 671 temporaliter
1501 635 1641 671 procedit,
1662 642 1728 672 ergo
1749 635 1829 664 eiUs‘²¹
1849 643 1908 664 esse

1066 678 1169 715 incipit.

1146 726 1170 753 5.
1193 726 1275 760 Item,
1296 726 1437 763 processio
1457 726 1619 764 temporalis
1638 729 1687 755 aut
1712 726 1813 756 dicitur
1841 730 1907 756 tem-

1065 771 1170 809 poralis
1201 773 1307 801 ratione
1338 773 1469 809 Spiritus
1493 773 1590 801 sancti
1608 776 1657 802 aut
1670 774 1678 787 ⁷
1698 774 1829 811 qratiae:
1851 782 1905 803 non

1066 819 1172 847 ratione
1193 819 1324 856 Spiritus
1344 819 1456 853 suncti,
1478 820 1543 857 quia
1563 828 1682 857 persona
1713 823 1825 849 aeterna
1845 823 1887 850 est
1898 832 1905 855 ;

1066 865 1192 894 similiter
1223 865 1346 900 videtur,
1377 866 1451 902 quod
1481 874 1533 895 nec
1561 867 1666 895 ratione
1684 867 1818 904 yrcttiac,
1840 867 1905 904 quia

1065 912 1234 948 Augustinus
1255 912 1321 941 dicit
1341 915 1441 949 quarto
1466 912 1501 941 de
1529 912 1660 941 Trinitate
1674 913 1695 941 ⁸:
1724 913 1904 942 «Secundum

1064 959 1139 995 quod
1160 959 1265 995 aliquid
1287 961 1433 988 aeternum
1454 962 1546 988 mente
1567 960 1708 996 capimus,
1730 968 1784 988 non
1806 968 1903 989 sumus

1065 1004 1092 1032 in
1113 1005 1165 1033 hoc
1186 1005 1291 1033 mundo
1303 1015 1328 1032 »ε
1351 1013 1417 1042 ergo
1438 1006 1460 1034 si
1482 1006 1569 1042 gratia
1584 1006 1674 1034 elevat
1687 1006 1723 1035 ad
1738 1006 1903 1043 capiendum

1063 1054 1208 1079 aeternum
1224 1060 1282 1079 esse
1300 1051 1374 1086 eius,
1395 1054 1423 1080 et
1443 1052 1583 1089 processio
1603 1060 1658 1081 non
1679 1056 1721 1081 est
1734 1053 1903 1089 temporalis,

1063 1105 1130 1134 ergo
1149 1105 1199 1126 nec
1220 1097 1360 1134 processio
1382 1098 1500 1135 Spiritus
1521 1098 1607 1127 sancti
1629 1098 1734 1127 ratione
1753 1099 1878 1136 qratiae.

1142 1145 1166 1172 6.
1189 1144 1271 1179 Item,
1293 1144 1321 1172 in
1343 1145 1519 1181 processi0ne
1539 1145 1658 1181 Spiritus
1679 1145 1765 1174 sancti
1780 1146 1808 1174 in
1829 1153 1902 1174 crea-

1065 1192 1157 1218 turam
1178 1193 1220 1219 est
1241 1191 1382 1227 processio
1396 1190 1465 1219 Doni
1487 1191 1612 1225 increati,
1634 1191 1708 1228 quod
1723 1194 1765 1220 est
1785 1192 1903 1228 Spiritus

1063 1239 1175 1265 sanctus
1196 1239 1223 1265 et
1243 1236 1308 1265 doni
1330 1237 1429 1271 creati,
1451 1237 1525 1274 quod
1547 1240 1589 1265 est
1603 1237 1706 1274 gratia3
1728 1237 1776 1266 sed
1794 1238 1903 1266 Donum

1063 1282 1215 1311 increatum
1238 1286 1279 1311 est
1300 1283 1432 1317 nobilius;
1453 1291 1520 1320 ergo
1541 1291 1606 1312 cum
1621 1292 1640 1312 ot
1654 1283 1791 1312 nobiliori
1804 1284 1902 1313 debeat

1063 1328 1123 1356 fieri
1145 1328 1340 1356 denominatio
1350 1329 1373 1362 ⁹,
1394 1329 1535 1366 processio
1550 1329 1668 1366 Spiritus
1682 1330 1768 1358 sancti
1787 1330 1815 1358 in
1829 1338 1902 1359 crea-

1061 1377 1154 1403 turam
1176 1375 1259 1403 debet
1280 1375 1333 1404 dici
1354 1376 1494 1412 processio
1515 1376 1648 1410 increata;
1669 1376 1718 1405 sed
1732 1376 1822 1405 omnis
1841 1377 1901 1405 talis

1061 1423 1103 1449 est
1124 1424 1252 1456 aeterna,
1273 1430 1328 1450 non
1351 1421 1523 1459 temporalis:
1546 1430 1612 1459 ergo
1632 1424 1681 1451 etc.

1374 1522 1583 1543 CONCLUSIO.

1061 1607 1201 1635 Ponenda
1222 1611 1262 1635 cst
1278 1608 1427 1644 processio
1450 1607 1579 1644 Spiritus
1610 1609 1707 1636 sancti
1734 1609 1900 1645 temporalis

1137 1662 1195 1682 non
1217 1654 1331 1682 ratione
1351 1654 1423 1687 eius,
1446 1662 1465 1682 ct
1479 1662 1534 1692 quo
1546 1654 1694 1691 procedit,
1717 1655 1767 1683 sed
1786 1655 1899 1684 ratione

1137 1700 1213 1733 eius,
1236 1701 1265 1728 in
1287 1700 1364 1738 quod
1384 1700 1516 1737 procedit
1535 1701 1612 1728 sicut
1632 1700 1661 1728 in
1686 1701 1896 1737 susceptivum,

1138 1746 1168 1774 in
1189 1755 1244 1784 quo
1265 1747 1414 1783 recipitur.

1137 1839 1310 1868 Responnno:
1332 1840 1499 1874 Dicendum,
1521 1840 1597 1876 quod
1617 1840 1771 1876 processiO,
1802 1847 1897 1868 secun-
1909 1849 2015 1867 nisenam.

1058 1886 1126 1914 dum
1148 1886 1223 1922 quod
1245 1886 1435 1914 communiter
1456 1886 1590 1923 accipitur
1611 1886 1646 1914 de
1661 1885 1726 1913 Filio
1740 1889 1767 1914 et
1786 1886 1820 1914 de
1841 1885 1897 1922 Spi-

1059 1933 1114 1961 ritu
1134 1936 1244 1967 sancto,
1259 1933 1361 1961 dicitur
1375 1932 1512 1961 emanatio
1526 1932 1561 1960 ah
1576 1933 1642 1966 hoc,
1658 1932 1761 1961 scilicet
1775 1940 1791 1960 a
1805 1932 1896 1966 Patre;

1058 1979 1214 2008 secundum
1235 1979 1309 2015 quod
1331 1979 1433 2007 dicitur
1454 1979 1487 2007 de
1519 1979 1634 2016 Spiritu
1655 1982 1772 2012 saneto,
1794 1978 1896 2007 dicitnr

1057 2026 1197 2063 processio
1217 2025 1252 2053 al]
1274 2033 1330 2053 uno
1351 2025 1379 2053 in
1399 2026 1494 2054 alium.
1528 2025 1581 2054 Sed
1612 2025 1763 2062 procedere
1784 2025 1820 2053 ab
1841 2034 1897 2053 uno
1909 2034 2013 2052 subdistin-

1057 2072 1085 2100 in
1106 2072 1192 2100 alium
1214 2076 1256 2100 est
1280 2072 1443 2108 dupliciter:
1465 2074 1514 2100 aut
1536 2072 1607 2100 sicut
1627 2071 1655 2099 in
1686 2071 1823 2099 obiectum
1836 2094 1844 2104 ,
1864 2071 1896 2112 vin

1057 2118 1132 2155 quod
1151 2118 1353 2154 protenditur,
1375 2120 1423 2146 aut
1444 2118 1516 2146 sicut
1536 2118 1563 2146 in
1583 2118 1787 2154 susceptivum,
1799 2117 1826 2145 in
1841 2125 1896 2153 quo

1059 2164 1211 2201 recipitur.
1234 2165 1265 2193 Et
1284 2164 1401 2201 primus
1421 2164 1534 2201 quidem
1554 2164 1655 2192 modus
1676 2167 1717 2192 est
1737 2164 1764 2191 in
1790 2171 1897 2200 proces—

1058 2211 1137 2240 sione
1158 2213 1284 2245 aeterna,
1305 2211 1371 2247 quia
1391 2211 1465 2239 enim
1486 2211 1605 2247 Spiritus
1630 2213 1742 2239 sanctus
1771 2210 1896 2246 procedit

1056 2259 1088 2285 ut
1108 2264 1187 2284 amor
1208 2259 1333 2291 mutuus,
1354 2257 1416 2285 ideo
1436 2257 1562 2293 procedit
1581 2264 1595 2284 a
1618 2256 1742 2290 duobus,
1763 2256 1801 2283 ita
1821 2253 1895 2291 quod

1056 2303 1091 2331 ab
1112 2311 1168 2331 uno
1188 2303 1216 2330 in
1237 2302 1333 2331 alium.
1362 2303 1502 2339 «Spiritus
1527 2303 1601 2331 enim
1625 2304 1751 2336 sanctus,
1772 2304 1803 2330 ut
1830 2301 1895 2329 dicit

1055 2349 1238 2385 HIeronymus
1251 2349 1272 2362 ¹⁰
1294 2352 1321 2377 et
1341 2349 1523 2385 Augustinus,
1553 2356 1632 2377 amor
1658 2350 1714 2381 est,
1736 2356 1790 2384 quo
1817 2347 1896 2375 Pater

1055 2398 1129 2423 amat
1151 2395 1249 2423 Filium
1270 2397 1296 2423 et
1317 2395 1400 2423 Filius
1420 2398 1495 2423 amat
1516 2395 1661 2423 Patrem».
1677 2394 1826 2422 Secundus
1841 2400 1895 2421 mo-

221 2511 228 2524 ¹
247 2511 298 2538 Hic,
316 2518 335 2533 c.
358 2513 362 2533 l
377 2530 384 2539 ,
398 2513 419 2533 in
434 2518 480 2540 quo
492 2514 552 2534 textu
563 2512 608 2534 side
618 2519 672 2535 mss.
682 2513 748 2535 eted.
763 2514 770 2535 il
785 2513 931 2535 adiunximus
942 2512 998 2535 eius.

220 2548 230 2564 ²
246 2549 276 2571 lta
294 2550 361 2572 codd.
379 2556 432 2572 cuin
449 2551 485 2573 ed.
504 2552 512 2572 sl
527 2569 532 2579 ‚
551 2551 606 2573 dum
623 2551 674 2573 Vat.
691 2558 812 2579 perperam
836 2552 917 2574 omittit
935 2553 957 2574 ct
974 2551 999 2574 in

153 2588 270 2610 creatura
280 2587 310 2610 stt
321 2594 336 2610 α
348 2588 402 2611 Deo.
415 2589 484 2611 Paulo
496 2592 547 2612 ante
559 2590 609 2612 cod.
626 2590 644 2611 K
666 2593 718 2618 post
735 2590 811 2613 alium
828 2590 891 2613 addit
906 2590 999 2613 tendere

158 2625 195 2649 vel
209 2625 239 2649 ab
255 2632 303 2649 uno
320 2626 345 2649 in
362 2627 408 2650 alio
426 2633 481 2650 esse.

220 2663 230 2678 ³
247 2666 325 2687 Plures
341 2665 408 2687 codd.
426 2669 451 2688 ut
466 2666 533 2688 FGH
551 2672 603 2688 cum
620 2667 656 2689 ed.
676 2667 684 2688 l
705 2667 862 2696 accipientem.

219 2702 228 2717 ⁴
247 2703 269 2725 ln
288 2703 402 2725 nonnullis
418 2710 472 2725 mss.
490 2707 515 2726 ut
531 2704 550 2726 K
568 2704 600 2726 bh
617 2705 635 2726 ff
649 2707 671 2727 et
687 2705 722 2727 ed.
742 2706 749 2726 1
772 2705 904 2733 adiungitur
920 2707 948 2728 et.

220 2742 230 2756 ⁵
246 2742 384 2764 Auctoritate
401 2748 454 2764 mss.
467 2745 488 2764 et
497 2742 549 2764 edd.
562 2743 582 2770 ¹1,
596 2743 616 2770 2,
629 2743 642 2765 3
654 2744 806 2771 expunximus
817 2745 854 2766 hic
865 2744 886 2765 in
899 2744 948 2766 Vat.
961 2744 998 2766 ad-

158 2780 230 2803 ditum
247 2780 288 2803 sed
304 2780 327 2803 iu
340 2787 371 2803 se.
389 2781 458 2803 Paulo
470 2784 521 2803 ante
532 2781 583 2803 cod.
596 2781 625 2803 W
637 2784 689 2809 post
696 2782 815 2811 processio
827 2783 881 2810 legit
892 2783 998 2811 respectu

158 2817 262 2848 Spiritus
273 2818 350 2842 sancti
358 2828 367 2847 ,·
384 2820 419 2841 est
434 2818 496 2841 enim
510 2824 614 2848 persona
622 2828 632 2847 ;
648 2820 698 2842 cod.
716 2820 735 2842 Y
752 2823 829 2842 autem
846 2821 932 2842 nomini
947 2826 997 2850 per-

157 2862 216 2880 somt
233 2859 357 2885 praemittit
374 2857 418 2880 tali
432 2858 516 2886 modo,
536 2858 598 2887 quod
616 2859 713 2880 refertur
730 2859 759 2881 ad
774 2858 852 2888 primo
869 2859 945 2882 modo.

1116 2512 1126 2527 θ
1142 2512 1165 2534 In
1183 2512 1234 2534 Vnt.
1251 2514 1273 2534 et
1289 2511 1339 2534 cod.
1358 2517 1382 2533 ec
1399 2511 1542 2533 desideratur
1561 2510 1622 2538 eius,
1641 2510 1703 2539 quod
1721 2514 1795 2532 tamen
1812 2510 1834 2530 in
1846 2509 1895 2531 aliis

1055 2556 1109 2573 mss.
1127 2553 1149 2572 et
1164 2550 1200 2572 ed.
1220 2550 1228 2571 sl
1250 2550 1354 2572 liabetur.

1116 2588 1125 2603 7
1142 2588 1197 2610 Cod.
1215 2588 1234 2609 Μ
1252 2589 1288 2610 liic
1305 2589 1385 2615 repetit
1405 2587 1503 2610 ratione.

1117 2626 1125 2637 ⁸
1141 2626 1196 2654 Cap.
1215 2627 1251 2648 20.
1269 2632 1290 2648 n.
1308 2627 1344 2648 28.

1116 2666 1126 2680 ⁹
1142 2665 1185 2688 Csr.
1204 2671 1272 2692 supra
1291 2665 1394 2687 Prooem.
1413 2671 1434 2693 q.
1452 2664 1473 2686 4.
1491 2671 1539 2692 arg.
1559 2665 1579 2686 2.
1596 2664 1626 2686 ad
1643 2670 1696 2691 opp.

1116 2703 1135 2717 ¹⁰
1152 2702 1279 2725 Comment.
1292 2704 1314 2725 in
1327 2702 1406 2725 Psalm.
1422 2702 1457 2724 17.
1469 2714 1501 2718 -
1511 2701 1658 2729 August.,Vl.
1670 2701 1699 2723 de
1709 2701 1771 2723 Trin.
1781 2707 1800 2723 c.
1810 2700 1830 2723 5.
1840 2707 1862 2722 n.
1871 2700 1893 2722 7.

1054 2742 1113 2764 Vide
1130 2748 1199 2770 supra
1216 2742 1238 2764 d.
1256 2742 1285 2764 X.
1303 2742 1333 2763 lit.
1351 2742 1466 2769 Magistri,
1487 2747 1506 2763 c.
1525 2742 1545 2762 2.
1562 2752 1594 2757 —-
1618 2740 1694 2763 Verba
1719 2739 1893 2768 praecedentia:

1054 2781 1083 2803 ab
1101 2787 1146 2803 uno
1163 2782 1185 2803 in
1202 2781 1271 2803 alium
1284 2779 1558 2809 procedit‚intelligenda
1575 2782 1627 2802 sunt
1643 2779 1771 2802 secundum
1787 2785 1813 2801 ea
1834 2785 1892 2807 quae

1055 2820 1113 2842 dicta
1129 2822 1182 2842 sunt
1198 2819 1220 2841 d.
1239 2819 1274 2841 113.
1292 2825 1312 2841 a.
1330 2820 1350 2841 fl.
1368 2825 1390 2847 q.
1409 2820 1428 2840 ν1.
1446 2818 1475 2841 ad
1493 2818 1513 2840 4.
