2253 3317
905 114 988 142 DIST.
1009 113 1052 141 ix.
1073 113 1179 142 DUBIA.
1863 112 1913 140 191

518 193 585 221 DUB.
609 193 671 221 VIII.

252 288 318 316 Item
333 287 478 324 quaeritur
500 286 535 314 de
549 286 601 315 hoc
623 286 698 322 quod
713 285 780 314 dicit
797 285 927 319 Hilarius,
942 284 1017 321 quod

170 342 239 363 cant
253 336 438 362 sacramento
449 332 587 360 scientiae
600 341 673 361 snae
683 341 717 360 eac
732 341 762 360 eo
773 332 917 360 nascitur.
940 331 1018 359 Vide-

171 383 218 408 tur
233 380 307 408 enim
326 379 480 408 secundum
496 379 556 412 hoc,
571 379 646 415 quod
661 379 740 406 Pater
760 378 914 406 secundum
930 385 1018 405 sacra-

171 428 297 454 mentum
318 425 447 454 scientiae
469 427 582 461 generat
603 424 713 452 Filium:
738 432 805 460 ergo
836 423 949 452 scientia
976 425 1018 451 est

171 472 242 501 ratio
263 471 422 508 generandi.

251 518 422 545 Responnizo:
444 516 611 550 Dicendum,
626 516 702 553 quod
724 515 844 544 Hilarius
859 519 939 544 vocat
953 516 997 544 hic
1009 515 1016 529 ¹

173 566 394 591 sacramentnm
415 570 526 591 sacrum
548 564 687 590 secretum
697 572 703 595 ς
720 561 904 595 (licitantem,
919 561 1017 589 Filium

172 610 248 638 nasci
269 617 333 638 cuin
356 611 529 637 sacramento
547 608 689 641 scientiae,
711 608 773 644 quia
797 607 855 635 Filii
877 607 1018 643 generatio

172 664 226 684 non
249 659 356 684 tantuin
384 663 478 689 sacra,
501 654 549 683 sed
571 654 654 682 etiam
684 657 790 682 secreta
811 656 867 687 est,
889 662 958 683 non.
981 654 1019 681 in-

172 710 269 739 quam,
291 702 347 731 Deo
375 705 493 735 secreta,
515 701 564 729 sed
593 701 687 735 nobis,
709 700 775 737 quia
802 708 853 728 nos
880 708 942 728 eam
963 708 1018 727 non

171 749 452 786 comprehendimus3
482 748 539 784 ipse
560 747 676 775 autem2
700 747 821 784 perfecte
850 747 926 775 novit
947 754 1017 775 eam.

172 794 237 823 Ideo
258 795 324 823 dicit
345 803 412 822 cain
433 790 618 822 sacramento
640 796 690 822 etc.

533 887 600 915 Due.
622 886 664 914 IX.

251 980 318 1008 Item
340 980 485 1016 quaeritur
507 980 541 1008 de
556 980 608 1008 hoc
623 979 699 1016 quod
714 979 791 1007 dicit:
810 979 892 1014 Quod
906 987 940 1006 eit·
954 978 1019 1006 vino

174 1025 274 1053 viuum
295 1029 399 1053 natant
420 1029 460 1053 est
488 1024 572 1053 habet
590 1024 756 1053 nativitatis
778 1023 941 1061 perfectam
958 1024 1020 1052 sine

173 1072 300 1100 novitate
313 1075 448 1099 naturae.
465 1072 581 1100 Videtur
596 1072 668 1100 enim
684 1071 795 1105 falsum,
810 1071 873 1107 quia
890 1078 961 1107 puer
976 1079 1022 1099 na-

174 1118 262 1147 scitur
277 1118 311 1146 de
326 1121 405 1155 patre
426 1121 453 1146 et
467 1120 556 1146 matre
571 1118 741 1151 viventibus,
763 1120 790 1146 et
805 1120 897 1146 tamen
912 1120 1020 1145 utrum-

174 1172 229 1201 que
250 1164 348 1199 habet,
370 1165 474 1193 scilicet
494 1164 732 1201 imperfectionem
754 1167 781 1192 et
801 1164 961 1192 novitatem.

252 1211 425 1239 Reseonnno:
442 1211 518 1239 Ratio
533 1211 640 1244 Hilarii,
656 1210 727 1239 sicut
741 1213 816 1247 patet
831 1218 881 1247 per
899 1210 1021 1239 litteram

173 1260 337 1294 sequentem
350 1257 368 1291 ³,
390 1257 569 1293 intelligenda
583 1260 625 1285 est
646 1257 680 1285 de
695 1257 758 1285 vivo
779 1264 830 1293 per
851 1257 1005 1284 essentiam
1011 1267 1022 1289 ;

174 1303 222 1332 ubi
239 1303 313 1332 enim
328 1306 369 1332 est
383 1303 480 1332 vivens
495 1310 545 1340 per
559 1303 716 1337 essentiam,
732 1311 786 1331 non
798 1303 829 1331 fit
839 1311 875 1331 ex
887 1311 942 1331 non
957 1303 1021 1331 vivo

178 1349 286 1384 vivens,
309 1349 380 1378 sicut
394 1349 425 1377 fit
446 1349 473 1377 in
492 1349 602 1377 vivente
623 1357 673 1386 per
684 1349 954 1385 participationem,
972 1348 1021 1376 ubi

174 1404 229 1424 non
251 1399 401 1432 generatur
423 1396 518 1424 vivum
539 1403 575 1424 ex
597 1396 661 1424 vivo
686 1396 737 1424 nisi
759 1404 810 1432 per
833 1404 888 1423 non
910 1395 1021 1429 vivum,

175 1444 206 1471 ut
226 1445 310 1479 patet,
332 1442 397 1479 quia
418 1442 502 1471 homo
523 1450 577 1471 non
599 1445 750 1479 generatur
771 1450 807 1471 ex
830 1442 940 1470 homine
969 1442 1022 1470 nisi

175 1489 315 1518 mediante
337 1490 449 1518 semine.

537 1582 605 1610 Due.
626 1582 656 1610 X.

254 1675 320 1704 110111
335 1676 480 1712 quaeritur
493 1676 527 1704 de
541 1675 594 1704 1100
609 1675 685 1712 quod
700 1676 778 1704 dicit:
794 1675 890 1713 Neque
902 1684 936 1703 eac
951 1675 1024 1703 cleri-

175 1721 303 1755 vatione,
325 1722 376 1749 seit
389 1730 423 1749 ea·
437 1722 544 1750 ¹uirtute
566 1721 708 1749 nativitas
722 1725 770 1750 est.
786 1722 903 1750 Videtur
918 1723 1025 1750 contra-

176 1767 250 1795 rium
259 1790 266 1802 ‚
281 1768 347 1804 quia
362 1768 518 1796 secundum
540 1768 703 1804 Dionysium
713 1768 722 1781 ⁴
734 1771 761 1796 et
773 1768 933 1796 Anselmum
945 1768 1024 1796 Pater

135 1849 137 1851 Ι
177 1821 206 1842 50
222 1813 305 1842 habet
326 1814 362 1842 ad
384 1814 483 1841 Filium
511 1817 538 1842 et
559 1814 694 1851 Spiritum
716 1817 852 1848 sanctum,
868 1817 899 1842 ut
914 1814 983 1847 fons,
998 1816 1025 1841 et

178 1860 219 1889 illi
234 1863 265 1888 ut
286 1860 355 1894 rivi;
377 1860 425 1888 sed
447 1860 527 1889 rivus
547 1863 594 1889 est
609 1868 625 1888 a
640 1860 713 1888 fonte
735 1868 785 1897 per
807 1860 1024 1888 derivationem.

256 1907 428 1935 Responnno:
451 1906 620 1941 Dicendum,
641 1907 716 1943 quod
731 1907 875 1941 nativitas,
898 1914 969 1943 quae
984 1909 1026 1935 est

176 1961 227 1990 per
248 1953 465 1985 derivationem,
490 1953 643 1982 attenditur
664 1956 801 1990 quantum
829 1953 865 1981 ad
888 1956 1027 1981 transmu-

176 1999 310 2027 tationem
331 1999 454 2036 aliquam
476 1999 549 2028 circa
570 1999 641 2027 illud
663 1999 739 2035 quod
765 2001 977 2033 transmutatur,
999 2001 1026 2026 et

178 2046 215 2083 ita
237 2046 303 2074 dicit
324 2046 480 2082 passionem
507 2046 664 2082 quandam,
685 2054 717 2074 ac
738 2053 788 2082 per
809 2046 862 2074 1100
883 2045 1026 2073 infirmita-

178 2093 270 2126 tem⁵3
292 2092 341 2120 sed
363 2093 474 2127 vivens,
495 2092 571 2129 quod
599 2095 641 2120 051
662 2093 733 2126 vita,
754 2095 795 2121 est
822 2095 901 2120 actus
922 2100 1025 2128 purus,

180 2142 207 2167 et
228 2139 266 2167 ita
287 2139 343 2167 vita
358 2147 441 2175 pura.
463 2139 490 2166 in
513 2147 568 2175 qua
582 2147 637 2167 non
659 2142 701 2167 est
716 2138 875 2173 infirmitas,
890 2139 939 2167 sed
954 2146 1027 2175 pura

179 2186 340 2214 actualitas:
362 2188 389 2214 et
410 2186 472 2214 ideo
493 2186 554 2213 vult
575 2185 695 2214 Hilarius
723 2185 828 2219 dicere,
850 2185 925 2222 quod
947 2185 1027 2213 Pater

179 2239 315 2268 generans
329 2234 371 2259 est
386 2235 460 2260 totus
471 2232 481 2246 ⁶
501 2232 570 2266 vita,
591 2234 618 2260 et
632 2232 708 2268 quod
723 2234 837 2268 generat
851 2239 904 2259 non
920 2234 962 2259 est
976 2239 1026 2268 per

179 2278 338 2315 passionem
359 2278 404 2306 vel
425 2278 657 2312 demutationem,
679 2285 751 2314 quae
772 2277 925 2306 attenditur
940 2277 967 2305 in
982 2277 1027 2305 de-

1073 190 1219 223 rivatione,
1241 189 1288 218 sed
1305 197 1356 226 per
1377 189 1565 218 omnimodam
1587 189 1733 217 virtutem:
1753 196 1820 225 ergo
1835 188 1918 217 Filius

1073 237 1183 274 genitus
1203 239 1245 265 est
1266 236 1372 270 virtus,
1395 244 1449 264 non
1470 243 1520 272 per
1542 235 1723 264 mutationem
1744 238 1834 264 natus.

1430 330 1496 358 Due.
1520 330 1560 357 XI.

1152 422 1218 450 Item
1240 422 1386 459 quaeritur
1412 422 1445 451 de
1467 423 1519 451 hoc
1547 422 1621 459 quod
1644 422 1722 451 dicit:
1754 422 1808 450 Ubi
1827 422 1918 450 Pater

1073 472 1178 496 auctor
1200 473 1256 502 est,
1278 469 1320 497 ibi
1339 472 1364 497 et
1383 469 1525 497 nativitas
1553 472 1601 496 est.
1633 469 1750 497 Videtur
1774 468 1850 505 quod
1871 468 1919 496 1111-

1073 515 1185 552 proprie
1203 515 1270 544 dicit
1280 516 1297 550 7,
1312 516 1377 552 quia
1393 515 1556 543 auctoritas
1571 516 1637 544 dicit
1651 515 1853 549 causalitatem3
1869 515 1917 543 sed

1073 562 1141 590 haec
1162 570 1217 590 11011
1239 562 1373 599 recipitur
1394 562 1421 590 in
1443 562 1558 590 divinis:
1580 570 1646 598 ergo
1667 564 1718 590 etc.

1152 608 1326 636 RESPONDEo:
1356 608 1526 642 Dicendum,
1554 608 1628 644 quod
1657 608 1821 636 auctoritas
1853 608 1919 636 dicit

1073 654 1214 690 quandam
1236 654 1469 691 principalitatem
1504 654 1562 682 sive
1594 654 1787 682 auctoritatem
1809 654 1836 681 in
1860 661 1922 690 per-

1074 708 1155 735 sona,
1177 708 1249 737 quae
1270 700 1339 728 nihil
1359 701 1442 729 habet
1463 700 1498 729 ab
1519 700 1588 734 alio,
1611 700 1659 728 sed
1675 700 1710 728 ab
1732 700 1792 736 ipso
1806 707 1919 733 omnes;

1074 749 1101 774 et
1116 746 1167 774 ista
1182 747 1332 775 auctoritas
1354 747 1381 774 in
1396 747 1476 775 Patre
1491 749 1532 775 est
1547 746 1760 780 innascibilitas;
1775 746 1850 774 unde
1865 754 1919 774 non

1075 791 1141 820 dicit
1162 792 1367 826 causalitatem,
1389 793 1437 821 sed
1459 792 1643 829 privationem
1658 792 1801 829 principii.
1823 795 1850 820 et
1870 800 1920 829 per

1075 837 1127 866 1100
1149 845 1290 866 summam
1307 838 1541 875 principalitatem
1549 838 1566 865 ⁸.

1429 931 1495 959 Duss.
1516 931 1568 959 XII.

1154 1024 1219 1053 Item
1235 1024 1381 1061 quaeritur
1397 1024 1431 1052 de
1446 1024 1498 1052 hoc
1519 1024 1594 1061 quod
1610 1024 1687 1052 dicit:
1706 1024 1789 1059 Quod
1803 1032 1869 1051 vero
1885 1023 1922 1052 ab

1076 1073 1193 1098 aeterno
1220 1073 1325 1100 natant
1350 1074 1406 1104 est,
1429 1070 1475 1104 ta,
1503 1071 1531 1098 si
1555 1079 1613 1098 non
1641 1074 1793 1098 aeternnm
1818 1074 1923 1098 natum

1076 1120 1117 1144 est
1137 1119 1205 1150 etc.;
1226 1119 1253 1144 et
1274 1116 1364 1145 innuit
1385 1117 1505 1145 Hilarius
1526 1117 1571 1145 hic
1592 1117 1646 1145 tale
1664 1120 1877 1153 argumentum:
1900 1116 1923 1144 si

1076 1163 1160 1191 Filius
1181 1171 1236 1191 11011
1257 1167 1298 1192 est
1313 1167 1462 1200 generatus
1491 1164 1549 1192 sive
1570 1166 1652 1192 natus
1672 1164 1708 1191 ab
1728 1167 1850 1197 aeterno,
1882 1171 1924 1200 ge-

1077 1210 1184 1238 neratio
1205 1210 1267 1238 01οε
1287 1219 1342 1239 non
1363 1214 1405 1239 est
1426 1214 1553 1244 aeterna;
1575 1213 1602 1238 et
1623 1210 1645 1238 si
1666 1210 1750 1244 11009,
1772 1211 1850 1238 Pater
1869 1218 1924 1238 non

1077 1260 1191 1293 generat
1218 1257 1254 1285 ab
1281 1261 1408 1286 aeterno:
1438 1266 1505 1294 ergo
1533 1258 1613 1285 Pater
1633 1265 1687 1285 non
1715 1260 1757 1286 est
1777 1260 1923 1286 aeternus:

1077 1311 1144 1340 ergo
1164 1303 1212 1340 qui
1228 1303 1344 1340 derogat
1364 1303 1520 1333 aeternitati
1539 1303 1612 1337 Filii,
1634 1303 1749 1339 derogat
1769 1304 1925 1332 aeternitati

1077 1349 1174 1378 Patris.
1195 1349 1252 1378 Sed
1272 1350 1324 1378 ista
1345 1350 1416 1378 ratio
1430 1358 1485 1378 non
1506 1349 1618 1378 videtur
1640 1349 1749 1383 valere,
1765 1349 1831 1386 quia
1853 1349 1926 1378 simi-

1078 1396 1141 1424 liter
1162 1403 1213 1432 ego
1241 1403 1358 1432 arguam
1387 1404 1423 1424 ex
1455 1398 1534 1432 parte
1555 1395 1694 1424 Creatoris
1715 1398 1741 1423 et
1763 1398 1927 1424 creaturae:

1078 1443 1099 1471 si
1113 1442 1131 1457 ¹⁰
1152 1445 1281 1471 creatura
1296 1450 1351 1470 non
1366 1445 1407 1471 est
1427 1445 1553 1476 aeterna.
1576 1451 1629 1470 non
1645 1442 1680 1470 ab
1694 1446 1808 1470 aeterno
1822 1442 1928 1471 creavit

1077 1489 1165 1523 Deus,
1187 1492 1215 1517 et
1235 1489 1273 1517 ita
1293 1497 1348 1517 non
1370 1492 1412 1517 est
1432 1489 1546 1517 Creator
1567 1491 1707 1517 aeternus.

1157 1536 1330 1564 Responnno:
1352 1535 1521 1569 Dicendum,
1542 1535 1615 1572 quod
1632 1543 1686 1563 non
1707 1538 1749 1563 est
1770 1534 1872 1569 simile,
1895 1535 1928 1563 si-

1078 1584 1126 1610 cut
1139 1584 1215 1618 patet
1235 1589 1271 1610 ex
1287 1582 1413 1618 sequenti
1426 1581 1443 1596 ¹¹
1464 1581 1524 1609 eius
1548 1581 1624 1618 quod
1643 1581 1762 1609 Hilarius
1784 1581 1927 1618 supponit,

1078 1627 1154 1664 quod
1175 1635 1236 1656 esse
1258 1627 1367 1656 Patrem
1389 1627 1424 1656 sit
1444 1627 1557 1664 proprie
1572 1627 1719 1664 proprium
1740 1627 1815 1655 illius
1836 1635 1928 1663 perso-

1079 1681 1145 1702 nae:
1168 1681 1234 1710 ergo
1249 1681 1314 1702 cum
1335 1674 1389 1702 tale
1404 1681 1515 1710 semper
1537 1674 1696 1707 conveniat,
1718 1676 1767 1701 aut
1780 1673 1861 1701 aliter
1882 1680 1927 1701 res

1079 1728 1133 1748 non
1155 1720 1239 1748 habet
1260 1728 1321 1749 esse
1342 1721 1510 1757 perfectum,
1539 1720 1667 1757 sequitur
1692 1720 1727 1748 de
1748 1720 1924 1748 necessitate:

1080 1769 1129 1794 aut
1150 1766 1233 1795 Filius
1248 1769 1290 1795 051
1311 1769 1455 1798 aeternus,
1470 1769 1518 1794 aut
1538 1767 1618 1794 Pater
1633 1766 1668 1794 ab
1685 1768 1798 1794 aeterno
1813 1774 1867 1794 11011
1882 1766 1928 1793 ha-

1080 1812 1127 1841 bet
1148 1820 1209 1841 esse
1230 1813 1393 1849 perfectum.
1409 1812 1510 1841 Creare
1532 1820 1611 1846 vero,
1633 1812 1683 1840 etsi
1706 1812 1792 1840 solius
1806 1812 1855 1840 Dei
1877 1812 1927 1846 sit,

1080 1862 1173 1888 tamen
1202 1860 1308 1888 ratione
1336 1859 1475 1888 connotati
1497 1859 1580 1887 habet
1609 1858 1846 1895 imperfectionem
1867 1866 1928 1886 con-

1081 1905 1213 1939 iunctam,
1229 1905 1384 1933 secundum
1399 1912 1484 1941 quam
1496 1913 1550 1933 non
1562 1907 1670 1932 tantum
1686 1904 1864 1941 impossibile,
1879 1904 1927 1932 sed

1083 1952 1167 1980 etiam
1182 1960 1236 1980 non
1252 1952 1425 1989 intelligibile
1439 1954 1493 1986 est,
1508 1951 1614 1988 aliquid
1626 1951 1661 1979 ab
1672 1954 1786 1980 aeterno
1797 1951 1885 1980 creari
1900 1951 1927 1978 ¹².

1424 2044 1492 2072 Due.
1521 2044 1583 2072 XIII.

1160 2138 1228 2166 Item
1249 2137 1395 2174 quaeritur
1409 2138 1443 2166 de
1464 2138 1517 2166 1100
1531 2138 1606 2174 quod
1628 2137 1706 2166 dicit:
1719 2137 1775 2166 Sed
1787 2146 1817 2166 se
1831 2138 1929 2174 ipsum

1083 2185 1235 2213 demutare
1248 2185 1393 2213 nascendo
1398 2195 1408 2218 ;
1429 2185 1494 2222 quia
1510 2184 1665 2213 secundum
1681 2185 1744 2219 hoc,
1759 2192 1823 2213 00111
1846 2184 1929 2213 Filius

1083 2231 1131 2259 Dei
1147 2231 1227 2268 prius
1241 2234 1314 2260 esset
1328 2235 1356 2260 et
1376 2234 1472 2268 postea
1486 2239 1521 2259 ex
1544 2231 1656 2267 Virgine
1671 2234 1754 2259 natus
1769 2231 1803 2259 sit
1816 2231 1846 2258 ¹³:
1863 2238 1929 2267 ergo
1962 2226 1966 2229 ’

1083 2280 1157 2306 esset
1177 2280 1310 2306 mutatus.

244 2433 250 2447 ¹
269 2433 319 2455 Vat.
338 2434 414 2455 contra
433 2433 546 2461 plurimos
563 2433 630 2455 codd.
648 2435 670 2455 et
685 2433 721 2455 ed.
741 2433 749 2455 il
771 2434 848 2456 minus
864 2433 924 2455 bene
941 2433 991 2456 hoc.

242 2472 251 2486 2
268 2472 343 2500 Aliqui
361 2471 428 2494 codd.
447 2474 471 2494 01
487 2472 517 2493 ΑΙ
528 2472 569 2494 ΤΖ
586 2472 618 2494 bb
636 2478 662 2494 cc
678 2472 759 2501 cotim,-
774 2473 810 2495 ed.
830 2474 838 2494 l
859 2479 923 2496 vero.

242 2509 252 2524 ³
270 2510 333 2538 Quae
350 2510 428 2532 Hilarii
445 2510 516 2532 verba
533 2510 587 2533 vide
604 2511 626 2532 in
643 2510 674 2532 lit.
691 2511 791 2539 Magistri
813 2517 831 2533 c.
858 2511 879 2533 4.
905 2514 957 2539 post
981 2517 1027 2533 me-

180 2548 254 2571 dium.
271 2560 303 2564 —
319 2549 368 2571 Mox
386 2550 464 2577 plures
481 2549 549 2571 codd.
567 2552 591 2571 ut
607 2549 767 2571 FHITXYZ
784 2552 827 2572 etc.
844 2556 897 2572 cuin
915 2549 951 2571 ed.
970 2550 977 2570 11
995 2549 1028 2572 in-

182 2587 296 2617 tettz‘yttm·
313 2588 363 2609 loco
379 2587 531 2617 entetltqancla
548 2590 588 2610 est.

244 2626 253 2640 ⁴
265 2627 297 2648 De
309 2627 360 2648 Div.
369 2627 434 2648 Nom.
447 2633 466 2649 c.
477 2627 497 2649 2.
509 2626 522 2655 ξς
535 2627 560 2649 5;
572 2627 637 2649 Pater
649 2628 699 2649 sons
711 2628 733 2649 in
750 2627 963 2655 supersubstantiali
980 2627 1027 2649 Dei-

182 2667 233 2687 tate.
245 2665 358 2692 Anselnn,
376 2664 405 2686 dc
422 2665 475 2687 Fide
493 2665 556 2687 Trin.
574 2672 593 2688 c.
612 2666 632 2687 8.
650 2669 672 2687 et
688 2665 717 2688 de
734 2666 835 2688 Process.
853 2666 951 2693 Spiritus
968 2666 990 2687 S.
1008 2671 1027 2687 0.

183 2703 226 2732 117,
244 2703 283 2725 ubi
302 2704 357 2726 haec
374 2704 499 2726 similitudo
515 2704 566 2726 fuse
582 2705 709 2732 exponitur.

245 2741 254 2756 ⁵
272 2742 332 2764 Multi
350 2742 418 2764 codd.
437 2745 461 2764 ut
472 2742 490 2763 A
500 2741 755 2765 CFGHIKLRSTU
766 2743 785 2765 V
800 2746 842 2765 etc.
855 2750 908 2766 cum
920 2743 1028 2766 subnexis

183 2787 227 2803 non
245 2782 393 2803 cohaerenter
410 2780 586 2809 informitatem.

244 2819 254 2833 ⁶
271 2819 322 2841 Vat.
340 2822 418 2841 contra
436 2825 491 2841 mss.
509 2822 531 2841 et
542 2819 578 2842 ed.
595 2820 600 2841 l
618 2820 695 2842 minus
707 2823 759 2847 apte
770 2822 825 2844 tota.
838 2822 888 2845 Mox
900 2821 951 2844 cod.
964 2822 983 2843 Μ
996 2821 1029 2844 ita

183 2857 247 2886 quod
258 2864 300 2885 pro
313 2859 335 2880 et
345 2857 414 2887 quod.
427 2858 496 2880 Paulo
514 2858 571 2880 infra
584 2862 636 2886 post
647 2858 829 2883 demutationem
840 2861 862 2882 in
874 2860 924 2882 Vat.
937 2860 1030 2883 additur

1084 2439 1126 2456 sea
1144 2432 1336 2460 diminutionem,
1354 2432 1417 2460 quod
1435 2432 1499 2454 abest
1517 2431 1545 2453 ab
1562 2432 1662 2460 antiquis
1673 2437 1727 2452 mss.
1740 2432 1762 2452 01
1773 2430 1826 2452 edd.
1839 2431 1860 2458 ¹1,
1873 2431 1894 2458 2,
1907 2431 1928 2453 3,

1145 2473 1154 2487 7
1171 2473 1222 2495 Vat.
1240 2468 1309 2495 tlicat.
1327 2471 1377 2493 Mox
1394 2471 1444 2493 cod.
1463 2471 1481 2492 Y
1498 2470 1617 2499 reperitur
1634 2470 1683 2492 loco
1700 2469 1820 2499 recipitur.

1145 2510 1155 2525 ²³
1172 2510 1227 2533 Cod.
1245 2511 1260 2532 Z
1278 2510 1342 2532 addit
1358 2509 1406 2532 siue
1422 2508 1596 2532 auctoritatem.

1145 2549 1155 2563 ⁹
1171 2550 1194 2571 ln
1212 2549 1263 2571 cod.
1281 2549 1300 2570 Μ
1319 2548 1410 2570 additur
1427 2554 1490 2577 erqo.

1146 2588 1165 2603 ¹⁰
1182 2588 1236 2610 Fide
1253 2587 1320 2610 codd.
1338 2587 1379 2609 FT
1390 2587 1409 2609 Y
1426 2587 1586 2609 substituimus
1602 2587 1623 2609 st
1648 2593 1690 2614 pro
1714 2586 1760 2609 sert.
1779 2586 1827 2608 Mox
1852 2586 1930 2609 verbis

1083 2627 1112 2650 ub
1129 2629 1224 2650 aeterno
1242 2626 1309 2648 codd.
1333 2626 1416 2648 WXY
1438 2632 1490 2647 cuni
1509 2625 1545 2647 ed.
1572 2626 1580 2646 ·Ι
1611 2626 1759 2653 praemittunt
1783 2630 1851 2654 0190,
1879 2625 1929 2647 Vat.

1083 2672 1135 2688 cum
1153 2665 1269 2693 aliquibus
1286 2670 1341 2686 mss.
1359 2663 1439 2691 eniin.‚·
1456 2664 1507 2686 cod.
1524 2664 1542 2685 H
1560 2664 1624 2691 ponit
1640 2662 1696 2692 quia
1713 2669 1761 2685 non
1778 2662 1807 2685 ab
1818 2664 1930 2691 aeterno,-

1083 2705 1148 2727 multi
1166 2704 1233 2726 codd.
1251 2707 1274 2726 01
1291 2703 1384 2725 AFGT
1395 2704 1414 2725 V
1431 2706 1473 2725 etc.
1491 2702 1617 2731 quamlibet
1634 2702 1769 2731 particulam
1784 2703 1898 2725 omittunt.

1146 2743 1163 2757 ¹¹
1181 2742 1237 2765 Cod.
1256 2742 1285 2763 W
1302 2741 1458 2771 consequenti.

1146 2781 1165 2795 ¹²
1182 2781 1214 2803 Dc
1231 2787 1278 2809 quo
1295 2780 1349 2802 vide
1366 2780 1388 2802 11.
1408 2780 1469 2802 Sent.
1486 2779 1508 2801 d.
1528 2780 1548 2801 il.
1566 2785 1588 2806 p.
1606 2779 1620 2801 1.
1639 2785 1658 2800 a.
1678 2779 1698 2801 i.
1716 2785 1738 2807 q.
1757 2779 1777 2801 2.

1147 2819 1166 2834 ¹³
1184 2820 1234 2841 Vat.
1252 2825 1306 2841 cum
1322 2818 1358 2841 ed.
1378 2819 1385 2840 11
1401 2837 1405 2846 ‚
1423 2821 1509 2840 mutata
1530 2818 1728 2845 interpunctione,
1754 2817 1803 2846 sic,
1823 2819 1845 2840 at
1861 2817 1928 2840 codd.

1084 2859 1219 2881 AFGHIK
1230 2858 1248 2880 T
1266 2860 1308 2880 etc.
1326 2857 1433 2880 exhibent
1449 2860 1535 2880 textum
1552 2859 1664 2879 nostrum.
