2253 3317
621 303 700 352 ss.
740 304 876 380 D·.N·
919 304 1113 354 SIXTI
1162 308 1380 356 PAPAE
1427 310 1476 357 V.

784 404 1068 443 DECRETALES
1089 407 1310 445 LITTERAE

246 502 421 545 QUIBUS
441 503 475 546 S.
496 504 874 554 BONAVENTURA,
895 505 1193 564 SERAPHIGUS
1214 509 1404 560 DOOTOR,
1424 511 1494 559 ΕΡ.
1515 510 1651 553 ΟΑΒΙ).
1672 511 1847 554 ALBAN.

482 610 582 633 INTER
614 611 751 634 EXIMIOS
777 611 1005 640 EGREGIOSQUE
1032 615 1178 638 sANC'rAE
1205 616 1411 640 CATHOLIGAE
1437 619 1612 642 ECOLESIAE

824 671 992 695 DOCTORES
1018 674 1277 698 ADNUMERATUR.

762 942 895 979 SIXT
911 943 972 980 Us
1011 943 1328 981 EPISCOPUS

873 1026 985 1050 snRvus
1004 1027 1160 1051 SERVORUM
1177 1028 1224 1051 Dm

176 1096 316 1125 Universis
338 1094 544 1124 venerabilibus
566 1094 700 1122 fratribus
721 1094 822 1122 nostris
844 1094 1028 1126 Patriarchis,
1051 1095 1236 1128 Friniatibus,
1259 1090 1496 1133 Archiepiseopis,
1520 1096 1658 1134 Episcopis
1679 1100 1705 1126 et
1726 1097 1834 1126 dilectis
1850 1098 1913 1126 filiis

273 1145 393 1174 aliarum
424 1144 604 1174 ecelesiarum
637 1144 769 1173 Praelatis
798 1152 850 1181 pel·
878 1144 1042 1173 universnm
1065 1148 1204 1174 terrarum
1227 1146 1322 1174 orbem
1345 1147 1519 1179 constitutis,
1541 1147 1658 1176 salutem
1681 1150 1708 1176 et
1732 1148 1913 1185 Apostolicam

273 1196 501 1225 benedictionem.

269 1279 554 1325 Triumphantis
579 1277 816 1313 Hierusalem
841 1278 1002 1324 gloriam
1028 1280 1295 1325 sempiternam
1326 1285 1364 1314 et
1401 1280 1622 1316 Sanctorum
1652 1294 1738 1316 cum
1765 1281 1912 1318 Christo

171 1338 393 1374 felicissime
418 1337 659 1383 regnantium
685 1349 883 1384 nunquam
919 1343 1193 1373 marcescentes
1231 1351 1386 1373 coronas
1424 1352 1511 1374 eum
1548 1340 1687 1386 gaudio
1723 1340 1912 1375 admirans

174 1401 304 1433 sancta
327 1396 446 1431 Mater
470 1396 661 1442 Ecclesia,
688 1395 811 1430 adhuc
838 1396 877 1430 in.
903 1397 1010 1431 terris
1035 1397 1219 1443 militans,
1247 1397 1294 1431 ad
1319 1397 1477 1432 eandem
1502 1411 1589 1433 vero
1614 1399 1780 1434 iustitiae
1811 1412 1912 1434 coro-

174 1468 262 1491 nam
287 1455 486 1501 festinans,
513 1454 636 1489 Deum
661 1454 701 1488 in
727 1453 874 1490 Sanctis
899 1455 977 1489 suis
1002 1454 1214 1490 mirabilem
1240 1456 1454 1501 praedicare
1480 1469 1556 1491 non
1579 1462 1708 1492 cessat.
1727 1457 1806 1492 Nec
1825 1471 1912 1493 vero

173 1515 343 1561 insignes
368 1518 515 1548 tantum
541 1513 717 1548 victorias
749 1518 786 1548 et
810 1513 1002 1559 praeclara
1027 1513 1247 1549 Sanctorum
1274 1515 1407 1549 merita
1431 1516 1580 1551 eximiis
1605 1516 1782 1551 laudibus
1817 1516 1912 1551 eele-

174 1573 273 1619 brat,
301 1572 365 1608 sed
391 1572 541 1607 eosdem
567 1571 739 1618 Sanctos,
767 1584 862 1619 quos
887 1571 989 1607 Deus
1015 1572 1171 1607 mirifice
1196 1573 1435 1620 honorificat,
1462 1574 1546 1620 ipsa
1575 1587 1725 1621 quoque
1762 1576 1824 1622 pie
1853 1589 1912 1610 ve-

173 1636 324 1666 neratur
353 1644 396 1665 ac
423 1631 535 1677 colit,
563 1643 723 1678 quorum
748 1631 927 1665 nimirum
952 1631 1230 1677 praedicatione
1256 1631 1485 1679 salutarique
1517 1632 1688 1668 doctrina
1720 1634 1910 1679 instituta,

175 1691 359 1737 sanguine
384 1689 557 1735 fundata,
595 1689 810 1724 illustribus
847 1689 1013 1724 caritatis
1050 1689 1227 1736 operibus
1264 1695 1377 1737 atque
1409 1691 1593 1738 exemplis
1631 1692 1804 1739 educata,
1840 1692 1911 1728 fer-

174 1748 351 1784 ventibus
377 1748 529 1783 illorum
554 1748 656 1795 apud
681 1747 805 1782 Deum
830 1747 1006 1794 precibus
1033 1748 1201 1795 quotidie
1233 1749 1442 1784 adiuvatur.
1483 1749 1734 1794 Quamobrem
1772 1751 1911 1786 debitis

171 1808 286 1843 etiam
325 1807 578 1853 congruisque
603 1805 820 1852 honoribus,
851 1807 1057 1853 unicuique
1096 1806 1317 1842 Sanctorum
1355 1808 1578 1854 singulatim
1616 1809 1836 1856 tribuendis,
1863 1810 1910 1844 ad

170 1866 345 1902 caelestis
370 1865 474 1900 illius
499 1864 755 1911 Hierarchiae,
782 1864 849 1899 ubi
875 1865 1001 1900 onmia
1025 1865 1064 1899 111
1102 1865 1255 1900 caritate
1292 1865 1461 1912 perfecta
1492 1867 1663 1901 ordinata
1691 1872 1793 1914 sunt,
1828 1881 1910 1903 nor-

173 1938 273 1960 mam
297 1929 411 1971 atque
436 1923 642 1969 imaginem
667 1936 746 1958 sese
771 1923 1020 1970 conformare,
1047 1928 1232 1970 quantum
1258 1924 1411 1971 quidem
1436 1925 1477 1959 in
1501 1925 1614 1960 huius
1639 1928 1910 1972 praetereuntis

172 1983 306 2018 mundi
332 1982 445 2017 exilio
470 1982 576 2028 licet,
602 1982 765 2016 maxime
791 1982 927 2017 studet.
954 1981 1051 2017 Nam
1077 1983 1396 2029 quemadmodum
1427 1984 1467 2018 in
1492 1996 1631 2030 magna
1667 1984 1734 2019 illa
1771 1987 1909 2020 summi

172 2041 460 2077 Patrisfamilias
491 2040 676 2087 bonisque
701 2040 878 2076 omnibus
915 2041 1108 2075 cumulata
1145 2041 1256 2076 domo
1299 2042 1512 2077 mansiones
1548 2043 1689 2077 multae
1727 2049 1836 2089 sunt,
1873 2050 1910 2079 et

172 2100 303 2136 beatae
328 2100 415 2134 illae
440 2100 586 2134 animae
611 2099 706 2133 mira
731 2099 894 2146 quadam
912 2099 1090 2134 varietate
1108 2100 1220 2134 unius
1237 2100 1378 2146 gloriae
1395 2100 1630 2135 beatitudine
1647 2101 1907 2148 perfruuntur,

171 2159 226 2194 sic
252 2158 440 2193 catholica
464 2157 649 2203 Ecclesia,
677 2170 772 2206 quae
799 2158 969 2193 caelestis
995 2158 1099 2192 illius
1124 2158 1266 2204 effigies
1291 2163 1362 2205 est,
1390 2164 1433 2194 ut
1457 2164 1663 2195 castrorum
1688 2161 1787 2195 acies
1813 2161 1909 2196 ordi-

172 2222 275 2263 nata,
302 2217 342 2252 in
367 2217 605 2251 veneratione
631 2216 778 2252 Sanctis
804 2216 873 2251 Dei
898 2216 1114 2251 adhibenda
1147 2229 1269 2252 sacros
1294 2217 1382 2252 illos
1399 2218 1557 2265 ordines,
1577 2218 1704 2254 divino
1722 2219 1909 2254 illustrata

172 2276 325 2322 lumine,
351 2276 526 2321 agnoscit
558 2280 671 2322 atque
697 2275 910 2321 distinguit.
936 2275 1070 2322 Itaque
1096 2275 1187 2310 dum
1212 2276 1419 2322 gloriosum
1444 2277 1715 2323 Apostolorum
1740 2278 1906 2323 chorum,

172 2335 263 2369 dum
287 2333 562 2380 Prophetarum
586 2334 818 2368 laudabilem
843 2347 1060 2381 numerum,
1088 2334 1179 2369 dum
1205 2334 1496 2370 fortissimorum
1532 2335 1741 2382 Martyrum
1779 2336 1908 2371 laudat

171 2393 378 2428 exercitum
415 2393 622 2439 ceterisque
660 2391 807 2428 Sanctis
845 2405 911 2428 suo
948 2393 1031 2428 loco
1065 2397 1102 2427 et
1139 2393 1267 2428 ordine
1292 2394 1363 2428 rite
1395 2394 1554 2429 honores
1591 2394 1729 2441 defert,
1768 2396 1807 2429 in
1833 2408 1908 2430 uno

167 2452 337 2486 caritatis
362 2451 497 2497 spiritu
529 2455 567 2485 et
591 2451 780 2486 consimili
804 2452 889 2498 piae
915 2451 1126 2486 devotionis
1151 2451 1291 2486 affectu
1320 2452 1585 2502 multipliciter
1617 2453 1771 2488 exultat.
1805 2453 1909 2488 Inter

170 2509 257 2544 illos
282 2522 370 2544 vero
395 2509 632 2545 beatissimos
657 2509 879 2546 Sanctorum
905 2510 1054 2556 choros,
1082 2522 1242 2556 quorum
1273 2511 1453 2546 memoria
1489 2524 1511 2546 a
1547 2512 1694 2547 cunctis
1729 2512 1907 2547 fidelibus

171 2568 347 2614 religioso
372 2568 476 2602 culto
501 2569 634 2604 merito
660 2569 886 2615 celebratur,
913 2569 1056 2615 insigni
1081 2568 1280 2615 splendore
1306 2568 1430 2604 elucet
1455 2574 1670 2604 sanctorum
1701 2570 1906 2605 Doctorum

167 2627 261 2662 ordo
286 2639 308 2661 a
332 2625 450 2661 Paulo
477 2627 660 2673 Apostolo
686 2627 823 2662 diserte
849 2631 1108 2673 enumeratus,
1136 2640 1222 2662 cum
1247 2627 1322 2661 ait:
1348 2627 1398 2662 Et
1423 2628 1495 2675 ipse
1520 2628 1615 2663 dedit
1640 2628 1805 2676 quosdam
1830 2630 1906 2676 qm*-

166 2685 245 2720 dem
269 2685 472 2732 Apostolos,
498 2685 664 2732 quosdam
689 2688 799 2721 autem
827 2685 1042 2733 Prophetas,
1068 2685 1158 2720 alios
1181 2697 1258 2720 vero
1284 2685 1543 2734 Evanyelistas,
1570 2687 1659 2722 alios
1687 2690 1800 2722 autem
1833 2687 1905 2722 Pa-

166 2747 277 2779 stores
301 2747 332 2779 et
357 2743 540 2789 Doctores,
567 2757 661 2790 quos
686 2745 816 2779 vineae
843 2757 931 2779 suae
956 2749 1126 2779 strenuos
1151 2743 1356 2791 fidelesque
1393 2745 1556 2780 cultores
1580 2750 1693 2792 atque
1719 2746 1905 2792 operarios

168 2803 377 2848 constituit,
403 2802 451 2837 ad
476 2803 795 2838 consummationem
820 2802 1028 2838 Sanctorum
1053 2803 1091 2838 in
1116 2814 1200 2849 opus
1224 2803 1427 2848 ministerii,
1454 2804 1493 2839 in
1521 2803 1797 2849 aedificationem
1834 2816 1905 2839 eor-

164 2861 266 2908 poris
293 2860 436 2896 Christi.
464 2861 502 2907 (l.
529 2860 609 2896 Cor.
638 2861 691 2908 12,
718 2862 782 2908 283
809 2861 905 2908 Eph.
932 2862 968 2907 4,
998 2862 1078 2907 12).
1105 2860 1156 2895 Hi
1182 2866 1287 2907 sunt,
1315 2861 1360 2895 de
1386 2862 1526 2909 quibus
1555 2863 1684 2908 divina
1713 2862 1904 2908 Sapientia

170 2919 330 2955 clamat:
371 2919 440 2964 Qui
475 2919 651 2955 elucidant
686 2932 736 2955 me
771 2921 877 2955 vita-m
914 2923 1089 2955 aeternam
1115 2918 1283 2954 habebunt
1308 2920 1438 2967 (Eccli.
1466 2921 1520 2967 24,
1548 2921 1629 2967 31.).
1661 2920 1717 2955 De
1743 2921 1801 2955 his
1829 2921 1903 2955 An-
