2253 3317
760 140 1015 169 COMMENTARIUS
1035 139 1068 167 IN
1090 138 1278 167 PROLOGUM.
1867 139 1903 166 05

243 222 420 250 Ruspounao:
442 218 610 253 Dicendum,
632 218 707 256 quod
720 218 728 231 ¹
744 221 786 247 est
800 218 876 254 loqui
891 218 925 246 de
939 217 1009 246 veri-

165 270 220 295 tate
239 266 426 303 simpliciter,
448 265 493 294 vel
513 265 548 294 de
566 265 683 294 veritate
703 264 735 292 in
756 263 807 293 hoe
829 264 886 293 sive
908 264 936 292 in
951 271 1010 300 spe-

166 313 237 342 ciali.
269 312 373 341 Primo
404 312 488 340 modo
518 312 622 340 veritas
653 314 695 340 est
719 310 960 348 inexpugnabilis,
982 312 1009 338 et

166 359 229 388 ideo
249 359 412 396 praevalet3
441 361 468 386 et
489 358 527 387 sic
549 357 712 395 intelligitur
732 357 803 385 illud
825 357 935 385 Esdrae.
964 356 1010 384 Est

166 407 268 435 iterum
290 405 365 442 loqui
388 405 422 434 de
443 405 559 434 veritate
581 404 706 433 seeundo
720 404 804 432 modo
811 414 821 437 ,·
835 403 881 432 et²
896 403 935 431 sic
950 410 1011 431 con-

166 451 247 487 tingit
261 458 322 479 earn
336 458 387 488 per
401 451 522 479 rationes
536 451 724 487 phantasticas
742 449 906 478 obumbrari
920 451 947 477 et
960 455 1010 485 per

166 497 370 525 contentionem
391 497 558 533 impugnari.
580 496 656 525 Unde
677 495 839 524 Ambrosius
853 502 938 531 super
958 494 1013 531 pri-

167 550 246 570 mum
266 543 301 571 ad
324 542 496 571 Romanos³z
526 554 537 566 α
551 541 694 570 Contentio
715 544 757 569 est
779 540 950 578 impugnatio
969 546 1013 568 ve-

167 589 258 618 ritatis
279 597 343 618 cum
365 588 533 618 confidentia
553 588 683 617 clamoris
698 600 725 616 n.

513 681 580 709 Duss.
603 680 666 710 VIII.

249 775 293 802 Ex
316 774 486 803 testimoniis
506 774 639 803 veritatis
654 774 686 802 in
700 777 851 802 aeternnm
869 771 1014 810 fwndatis.

169 820 287 849 Contra:
309 820 417 857 primae
428 821 463 849 ad
475 820 631 850 Corinthios
652 820 760 849 decimo
781 819 899 849 tertio⁴:
923 819 1016 848 Scien-

171 867 214 896 tz'a
235 867 416 896 destruetur:
438 875 504 904 ergo
526 870 553 896 et
575 867 738 896 testimonia.

250 915 429 944 RESPONnEo:
451 915 531 952 Quod
559 914 716 944 testimonia
744 914 868 943 veritatis
896 916 961 942 sunt
988 913 1016 941 in

170 964 316 990 aeternum
337 961 465 996 fundata,
487 962 558 991 sicut
579 961 681 990 dicitur
702 961 729 989 in
751 961 859 989 Psalmo
873 960 899 988 ⁵:
929 959 1017 987 Initio

171 1007 293 1044 cognovi
312 1007 346 1035 de
361 1007 530 1035 testimoniis
546 1007 604 1035 tuis*
618 1010 669 1036 etc.
685 1007 765 1043 Quod
780 1007 926 1041 obiicitur,
941 1006 1016 1043 quod

171 1052 286 1081 scientia
300 1053 477 1087 destructum
493 1054 657 1087 dicendum,
672 1053 747 1090 quod
762 1060 862 1081 verum
876 1056 918 1081 est
932 1060 1018 1089 quan—

172 1102 234 1128 tum
254 1100 290 1128 ad
310 1100 426 1128 modum
447 1100 564 1129 docendi
592 1103 620 1129 et
647 1099 857 1134 considerandi,
885 1099 934 1128 sed
962 1106 1017 1126 non

173 1148 310 1182 quantum
330 1146 366 1174 ad
386 1146 528 1183 cognitum
548 1148 576 1174 et
589 1146 726 1174 rationem
741 1145 932 1182 cognoscendi,
947 1143 1018 1172 Psal—

173 1199 237 1220 mus
255 1191 282 1220 ⁶:
318 1192 353 1220 In
386 1195 537 1220 aeternnm
567 1191 689 1220 Domine
716 1194 870 1228 permanet
898 1189 1018 1218 verbum

152 1249 155 1250 ⁷
175 1242 258 1267 tuum
279 1241 330 1268 etc.

310 1330 432 1360 DIVISIO
454 1330 582 1359 TEXTUS
603 1330 745 1359 ULTIMAE
765 1329 888 1358 PARTIS.

253 1423 287 1451 In
309 1430 365 1460 quo
385 1422 536 1450 maiorum
557 1421 694 1459 exempla.
723 1422 794 1451 Haec
821 1424 863 1450 est
887 1428 953 1458 pars
980 1421 1022 1449 ul-

175 1468 258 1503 tima,
279 1470 308 1498 in
328 1477 384 1505 qua
403 1468 481 1505 ponit
502 1468 630 1505 Magister
649 1468 770 1497 rationes
784 1469 928 1496 moventes
942 1467 1022 1496 disci-

174 1515 257 1553 pulos
267 1515 303 1544 ad
316 1515 497 1544 audiendum.
513 1515 544 1543 Et
558 1515 693 1543 dividitur
705 1514 773 1543 haec
784 1521 850 1551 pars
861 1514 889 1542 in
900 1516 1021 1550 quatuor

175 1564 270 1598 partes
298 1561 454 1590 secundum
485 1564 621 1598 quatuor,
642 1568 715 1598 quae
735 1564 849 1590 movent
870 1561 1022 1599 discipulos

178 1607 214 1636 ad
235 1608 415 1642 audiendum,
438 1607 494 1636 duo
515 1608 656 1644 quorum⁷
677 1610 742 1636 sunt
763 1615 799 1637 ex
819 1611 899 1645 parte
914 1608 1022 1645 operis,

178 1654 307 1684 videlicet
326 1655 477 1683 auctoritas
498 1658 525 1683 et
549 1654 674 1690 utilitas3
702 1655 759 1684 duo
786 1663 853 1685 vero
881 1663 917 1684 ex
944 1657 1024 1694 parte

1867 159 1882 166 ,ι

1065 215 1206 250 docentis,
1241 216 1345 244 scilicet
1371 216 1515 244 humilitas
1542 218 1569 244 et
1599 214 1723 243 facilitas.
1755 214 1784 242 ln
1815 214 1906 251 primo

1064 265 1214 300 praeparat
1235 262 1421 297 docilitatem,
1443 262 1546 291 scilicet
1568 262 1595 290 in
1617 262 1798 290 auctoritate.
1821 261 1849 289 lu
1869 269 1907 289 se-

1066 309 1173 344 cundo,
1195 309 1318 338 scilicet⁸
1338 309 1367 337 in
1387 309 1521 343 utilitate,
1543 309 1658 338 suscitat
1676 308 1863 337 attentionem.
1879 308 1907 336 In

1066 356 1178 384 duobus
1192 358 1286 384 autem
1301 356 1500 393 sequentibus,
1522 356 1626 385 scilicet
1640 354 1802 384 hnmilitate
1820 359 1846 383 et
1864 354 1909 392 fa-

1065 401 1192 435 cilitate,
1214 404 1306 438 captat
1327 402 1556 431 benevolentiam.

1144 447 1174 476 In
1194 448 1287 485 prima
1301 448 1387 485 igitur
1401 452 1481 486 parte
1503 448 1631 483 ostendit,
1652 455 1723 485 opus
1744 454 1828 475 suum
1849 454 1909 475 esse

1066 494 1279 529 authenticum,
1301 494 1329 523 in
1350 495 1473 523 secunda
1494 494 1742 532 compendiosum,
1764 493 1800 522 ibi
1817 504 1822 521 :
1845 493 1911 522 Non

1068 541 1161 578 igitur
1182 541 1261 569 debet
1280 540 1326 570 liic
1348 541 1451 574 labor;
1473 542 1499 570 in
1522 542 1603 570 tertia
1623 541 1765 576 ostendit,
1794 541 1910 569 modum

1068 587 1186 615 docendi
1206 595 1268 616 esse
1289 588 1445 622 humilem,
1468 588 1495 616 in
1516 588 1568 616 hoc
1596 587 1671 624 quod
1698 587 1759 615 vult
1790 586 1911 623 corrigi,

1068 631 1125 660 ibi:
1147 632 1183 660 In
1204 631 1256 661 lzoe
1277 637 1375 662 antem
1396 637 1527 662 tractatu
1541 637 1592 662 etc.
1607 633 1636 661 In
1657 636 1758 670 quarta
1778 632 1911 667 ostendit,

1068 686 1129 708 esse
1149 679 1259 708 facilem
1280 680 1315 709 ad
1336 680 1535 709 inveniendum
1559 683 1586 709 et
1610 680 1843 714 memorandum,
1858 679 1910 707 ibi:

1074 725 1109 754 Ut
1129 730 1227 754 ct'tttem
1248 727 1326 764 quod
1346 727 1501 765 quaeritur
1522 726 1645 764 facilius
1665 730 1814 755 occurrat.

1304 818 1412 847 DUBIUM
1434 827 1554 847 ULTlMAE
1575 827 1679 847 PARTIS.

1423 904 1491 933 DUB.
1513 904 1555 932 IX.

1149 997 1299 1033 Quaeritur
1320 998 1355 1026 de
1376 998 1428 1027 hoc
1448 998 1524 1035 quod
1555 998 1638 1026 dicit:
1661 996 1798 1025 Liberum
1823 1004 1917 1024 corre-

1071 1046 1193 1077 etorem;
1206 1043 1275 1080 quid
1289 1044 1350 1073 vult
1371 1044 1463 1073 dicere
1484 1052 1535 1081 per
1561 1044 1613 1073 hoc
1640 1051 1741 1072 nomeu
1770 1041 1916 1071 liberum?

1149 1091 1324 1120 Responnuo:
1346 1092 1501 1120 Dicendum
1513 1114 1520 1127 ,
1540 1091 1616 1128 quod
1630 1091 1701 1120 lIher
1716 1093 1858 1120 corrector
1880 1089 1918 1118 di-

1072 1137 1163 1172 citur,
1180 1138 1251 1167 sicut
1265 1138 1349 1166 homo
1363 1138 1449 1173 liber,
1464 1138 1512 1176 11111
1532 1138 1597 1167 «sui
1612 1141 1721 1166 tantum
1735 1146 1820 1166 causa
1837 1140 1880 1166 est
1890 1147 1918 1171 »‚

1072 1187 1105 1213 ut
1125 1185 1193 1213 dicit
1213 1185 1430 1222 Philosophus⁹;
1451 1185 1490 1214 sic
1511 1187 1652 1213 corrector
1666 1184 1737 1212 liber
1752 1183 1855 1212 dicitur
1870 1183 1918 1220 qui

1073 1235 1183 1260 tantum
1203 1231 1292 1269 gratia
1312 1231 1507 1266 correctionis,
1528 1239 1583 1259 non
1598 1230 1718 1259 invidiae
1738 1230 1783 1259 vel
1805 1230 1920 1259 subsan-

1073 1279 1193 1308 nationis
1213 1279 1334 1316 corrigit.
1358 1279 1434 1308 Hunc
1465 1279 1606 1307 desiderat
1630 1278 1758 1314 MagiSter
1789 1276 1920 1314 exemplo

1073 1326 1220 1363 Augustini
1241 1325 1364 1354 secundo
1385 1325 1419 1354 de
1440 1325 1573 1353 Trinitate
1584 1325 1616 1359 ¹⁰,
1636 1325 1685 1353 uhi
1700 1324 1784 1352 dicit:
1811 1323 1920 1360 «Magis

1074 1373 1174 1401 amabo
1195 1372 1294 1409 inspici
1314 1380 1331 1400 a
1351 1372 1435 1400 rectis
1446 1394 1453 1406 ,
1473 1379 1558 1409 quam
1572 1371 1675 1400 timebo
1691 1370 1815 1399 morderi
1830 1378 1847 1398 a
1861 1378 1922 1407 per-

1075 1420 1173 1448 versis.
1194 1419 1340 1447 Gratanter
1355 1419 1429 1447 enim
1444 1418 1560 1455 suscipit
1581 1418 1709 1447 osculum
1728 1417 1921 1446 columbinum

1075 1467 1267 1505 pulcherrima
1287 1470 1315 1495 et
1335 1466 1540 1495 modestissima
1570 1466 1690 1500 caritas3
1711 1465 1823 1493 dentem
1854 1472 1922 1492 vero

1076 1515 1207 1543 caninum
1227 1513 1272 1542 vel
1292 1513 1378 1542 evitat
1398 1512 1559 1541 cautissima
1578 1512 1742 1546 humilitas,
1764 1511 1808 1540 vel
1829 1516 1923 1541 retun-

1077 1561 1118 1590 dit
1138 1560 1305 1589 solidissima
1325 1558 1447 1589 veritas:
1469 1559 1614 1596 magisque
1639 1558 1740 1595 optabo
1761 1566 1777 1586 a
1798 1559 1923 1596 quolibet

1076 1607 1265 1645 reprehendi,
1286 1614 1371 1644 quam
1393 1606 1451 1635 sive
1471 1606 1507 1635 311
1528 1609 1639 1635 errante
1661 1606 1719 1635 sive
1740 1605 1775 1634 ab
1789 1605 1923 1634 adulante

1078 1654 1227 1682 laudari».

247 2293 254 2308 ¹
272 2294 296 2316 ln
313 2294 363 2316 Vat.
381 2294 445 2316 deest
461 2292 536 2323 quod,
554 2293 595 2315 sed
617 2297 695 2316 contra
717 2300 772 2317 mss.
798 2297 820 2317 et
841 2294 877 2317 ed.
898 2295 916 2316 1.
934 2294 984 2317 Mox
1001 2301 1028 2317 ex

183 2339 238 2356 mss.
256 2336 278 2356 et
293 2332 330 2355 ed.
344 2333 351 2354 1
373 2332 533 2355 substituimus
549 2332 573 2354 in
590 2332 633 2355 hoc
651 2332 701 2355 loco
718 2333 836 2362 quantum
852 2332 885 2355 ad
901 2332 956 2361 hoc,
974 2334 1028 2362 quia

183 2373 209 2396 in
226 2371 269 2395 hoc
286 2374 309 2394 et
324 2372 432 2394 materiae
449 2370 565 2393 subiectae
581 2374 603 2393 et
619 2371 697 2393 verbis
709 2371 840 2394 immediate
857 2371 966 2394 subnexis
982 2378 1029 2394 ma-

185 2412 220 2439 gis
232 2410 397 2438 correspondet
411 2412 434 2432 et
449 2411 472 2432 in
489 2409 599 2438 operibus
615 2410 636 2432 S.
653 2409 758 2432 Doctoris
773 2411 866 2438 saepius
883 2411 989 2433 occurrit.

247 2449 256 2463 ἵ
274 2448 329 2471 Fere
346 2448 453 2471 omnibus
469 2454 524 2470 mss.
541 2451 563 2471 et
579 2448 615 2471 ed.
634 2449 642 2470 1
663 2448 794 2471 faventibus
810 2448 942 2471 addidimus
958 2450 986 2472 et.

248 2487 258 2502 ³
275 2488 340 2510 Vors.
358 2488 394 2509 29.
412 2499 443 2504 -—
459 2488 586 2516 Expositio‚
609 2494 669 2516 quae
691 2494 704 2510 a
726 2488 748 2510 S.
772 2488 870 2510 Doctore
887 2491 909 2511 et
930 2489 999 2511 3113111
1016 2494 1029 2510 3

186 2527 208 2549 S.
227 2527 316 2549 Thoma
333 2526 379 2555 (hic
391 2527 413 2548 in
435 2532 512 2554 expos.
530 2526 612 2554 textus)
629 2525 759 2549 attribuitur
776 2527 798 2548 S.
816 2525 950 2555 Ambrosio,
968 2527 1030 2549 inve-

186 2567 247 2589 nitur
264 2566 286 2587 in
303 2566 383 2587 Glossa
400 2565 514 2587 ordinaria
531 2565 594 2593 apud
610 2565 732 2592 Lyranum.
750 2577 781 2582 —-
798 2565 847 2588 Vat.
866 2569 943 2589 contra
961 2566 1029 2589 codd.

187 2605 326 2633 antiquiores
343 2604 466 2631 specialem
482 2604 612 2626 citationem
633 2604 759 2627 omittendo
785 2605 849 2633 ponit
873 2610 945 2635 snper
969 2604 1032 2628 illud

186 2641 284 2666 verbnm
296 2641 414 2672 Apostoli:
433 2641 595 2671 Contentione,
613 2642 674 2666 dicit.

250 2682 259 2696 ⁴
277 2683 342 2705 Vers.
361 2682 382 2703 8.
399 2693 431 2698 -
447 2681 497 2704 Mox
514 2681 581 2703 codd.
598 2681 620 2704 X
637 2684 660 2704 et
675 2682 691 2703 Z
715 2685 767 2710 post
787 2682 916 2712 respondeo
941 2682 1030 2705 addunt

188 2720 319 2744 dicendum.

249 2759 259 2774 ⁵
276 2760 357 2782 Psalm.
378 2759 437 2787 118,
456 2758 507 2780 152.

251 2798 260 2813 ⁶
277 2799 358 2821 Psalm.
377 2798 437 2826 118,
455 2798 491 2820 89.
509 2810 540 2814 -
557 2797 612 2820 Cod.
630 2798 649 2820 Y
677 2797 740 2820 Unde
756 2796 885 2820 Psalmista
902 2798 952 2820 loco
968 2797 1032 2821 Psal-

189 2842 249 2860 mus.
267 2837 337 2859 Paulo
353 2839 405 2858 ante
422 2836 529 2864 permulti
547 2835 614 2858 codd.
632 2836 654 2858 et
670 2841 712 2863 pro
729 2835 783 2863 sed,
802 2838 824 2858 at
842 2836 918 2858 minus
934 2836 1000 2858 hene.

251 2875 262 2890 ⁷
279 2874 448 2898 Postulantibus
463 2881 518 2897 mss.
536 2877 558 2897 et
574 2874 609 2897 ed.
623 2874 647 2902 1,
659 2874 800 2896 mutavimus
816 2875 909 2903 quaein
922 2880 1032 2903 quornm.

327 2919 350 2943 S.
368 2920 455 2944 Bonae.
473 2932 504 2937 —-
522 2920 587 2942 Tom.
605 2920 620 2942 1.

1146 2294 1155 2309 8
1171 2295 1222 2317 Vat.
1240 2295 1268 2317 In
1284 2294 1365 2324 prima
1381 2298 1404 2318 et
1419 2294 1445 2318 in
1461 2295 1566 2319 secunda
1583 2295 1625 2323 in,·
1644 2295 1721 2324 (11131111
1739 2295 1850 2317 ectionem
1867 2293 1928 2317 sub-

1084 2334 1148 2356 nexis
1163 2334 1240 2356 minus
1257 2334 1418 2357 cohaerentem
1435 2334 1587 2357 emendamus
1604 2341 1648 2363 ope
1673 2335 1720 2357 sere
1744 2336 1848 2357 omnium
1874 2342 1929 2359 mss.

1085 2375 1107 2395 et
1124 2372 1160 2394 ed.
1181 2373 1201 2394 1.

1147 2411 1157 2425 9
1173 2411 1234 2433 Libr.
1251 2411 1266 2433 1.
1285 2411 1381 2440 Metaph.
1399 2418 1418 2434 0.
1437 2412 1449 2434 3
1460 2430 1465 2440 ‚
1483 2412 1523 2434 ubi
1540 2413 1562 2434 in
1580 2413 1672 2441 antiqua
1695 2412 1731 2434 ed.
1750 2413 1851 2435 Venetiis
1869 2413 1929 2437 1489

1085 2451 1118 2473 sic
1134 2450 1232 2478 legitur:
1250 2450 1295 2472 Sed
1312 2453 1337 2473 ut
1353 2450 1451 2473 dicimus
1468 2451 1538 2473 homo
1555 2450 1625 2479 liber,
1643 2452 1683 2479 qui
1700 2452 1784 2473 suimet
1800 2454 1822 2474 et
1839 2457 1884 2473 non
1901 2453 1931 2475 31.

1085 2489 1156 2512 terius
1172 2495 1241 2511 causa
1258 2491 1298 2511 est.
1315 2501 1347 2505 —
1363 2489 1386 2511 In
1410 2489 1446 2511 ed.
1472 2489 1541 2511 Paris.
1559 2495 1577 2511 0.
1601 2490 1630 2511 2:
1659 2489 1704 2512 Sed
1732 2491 1930 2519 quemadmodum

1085 2529 1184 2551 dicimus
1200 2527 1258 2550 liber
1274 2529 1344 2550 homo
1361 2527 1390 2549 de
1407 2533 1449 2555 eo,
1467 2528 1507 2556 qui
1528 2528 1563 2550 sui
1581 2529 1653 2555 ipsius
1670 2531 1692 2551 et
1709 2534 1754 2550 non
1772 2529 1864 2552 alterius
1882 2537 1931 2559 gra-

1086 2568 1116 2590 tia
1134 2570 1175 2589 est.

1149 2604 1168 2619 ¹⁰
1186 2604 1208 2626 In
1226 2604 1353 2626 Prooemio.
1371 2616 1402 2620 —
1413 2604 1436 2626 111
1455 2605 1498 2626 hoc
1515 2607 1575 2627 textu
1593 2604 1656 2632 Vnt,
1673 2605 1882 2629 contradicentibus
1894 2614 1931 2629 an-

1087 2642 1224 2672 tiquioribus
1241 2649 1295 2665 mss.
1314 2645 1336 2665 et
1352 2642 1388 2665 ed.
1415 2644 1423 2664 1
1450 2649 1538 2665 necnon
1563 2643 1598 2666 ed.
1624 2649 1722 2671 operum
1748 2645 1769 2666 S.
1795 2646 1930 2674 Augustini,

1087 2682 1156 2704 habet
1172 2680 1305 2705 castissima
1321 2688 1364 2709 pro
1381 2681 1552 2705 modestissima
1569 2684 1591 2704 et
1606 2683 1675 2710 paulo
1687 2683 1743 2705 infra
1756 2686 1808 2711 post
1818 2684 1931 2707 caninum

1088 2722 1169 2743 omittit
1185 2719 1227 2743 vel.
1245 2720 1296 2742 Mss.
1314 2721 1336 2742 in
1353 2727 1381 2743 eo
1397 2723 1484 2744 tantum
1502 2721 1531 2743 ab
1551 2721 1586 2743 ed.
1613 2727 1710 2749 operum
1728 2722 1749 2743 S.
1768 2722 1887 2750 Augustini
1900 2723 1931 2745 di-

1088 2759 1196 2787 scedunt,
1214 2758 1278 2787 quod
1295 2758 1371 2786 legant
1388 2758 1496 2782 osculum
1514 2759 1563 2781 loco
1575 2758 1684 2786 oculum,
1696 2762 1719 2782 et
1730 2761 1798 2788 paulo
1810 2761 1867 2783 infra
1880 2765 1931 2789 post

1088 2796 1179 2819 dentem
1196 2796 1294 2819 habeant
1310 2802 1365 2819 vero
1383 2803 1425 2825 pro
1442 2798 1527 2819 autem.
1546 2797 1670 2826 Sequimur
1686 2804 1740 2820 mss.
1758 2810 1789 2814 —
1806 2799 1875 2821 Paulo
1894 2806 1931 2821 su-

1089 2841 1130 2863 pra
1148 2835 1231 2857 nullius
1248 2834 1298 2857 cod.
1322 2836 1454 2858 auctoritate
1477 2841 1518 2857 nec
1540 2841 1585 2857 non
1608 2838 1686 2858 contra
1707 2836 1760 2858 edd.
1787 2837 1811 2865 1,
1830 2838 1856 2865 2,
1875 2838 1899 2866 3,
1918 2838 1931 2859 6

1089 2874 1174 2896 omisso
1190 2873 1303 2903 Mayz'ster
1320 2874 1370 2896 Vat.
1388 2874 1438 2897 loco
1455 2873 1583 2904 Athustini
1598 2875 1662 2902 ponit
1677 2874 1831 2905 Augustinus.

1732 2921 1744 2942 4
