2253 3317
828 178 1007 207 PRAEFATIO
1029 178 1215 207 (is-xiimus.
1811 178 1889 207 xxix

151 257 263 292 cteris
289 268 384 303 opus
411 256 559 291 dicitur.
588 257 767 290 Attamen
794 255 968 302 quamvis
998 254 1145 289 Bonelli
1179 256 1332 302 egregie
1362 255 1501 290 refutet
1532 256 1633 290 leves
1660 255 1888 290 Venetorum

148 316 327 361 rationes,
356 315 395 349 hi
421 314 671 349 nihilominus
698 327 829 348 verum
856 313 1138 358 concluserunt,
1166 313 1256 348 licet
1281 327 1326 348 ex
1344 314 1553 349 rationibus
1571 327 1646 349 non
1666 315 1773 349 veris.
1793 313 1889 348 Nam

150 374 191 409 P.
218 373 360 408 Fidelis
385 373 456 408 loc.
485 374 547 408 cit.
573 386 619 407 ex
643 373 912 419 manuscriptis
936 372 970 408 S.
996 372 1261 407 Bonaventura
1285 373 1563 420 antiquioribus
1589 373 1783 407 evidenter
1806 385 1890 419 pro-

149 432 230 477 bat,
257 433 369 467 istam
395 432 671 478 expositionem
696 431 967 466 restituendam
993 443 1072 465 esse.
1100 430 1267 466 Miehaeli
1291 431 1479 477 Meldensi,
1506 432 1803 480 Archiepiseopo
1830 432 1890 468 So-

151 491 326 537 nonensi,
355 491 421 537 qui
447 490 543 525 obiit
568 503 667 525 anno
695 490 796 525 1199.

245 549 482 595 Opusculum
508 548 548 583 de
573 561 630 584 36oe
655 548 736 584 Alis
764 547 947 584 Cherubim
964 547 1024 595 (N.
1043 548 1085 583 91
1105 549 1144 582 in
1163 549 1336 595 catalogo
1353 562 1466 596 supra
1482 551 1631 597 posito),
1651 551 1752 598 quod
1775 552 1890 587 edito-

149 620 207 643 res
233 607 459 654 Vaticanae,
494 606 758 653 Waddingus,
786 606 959 642 Oudinus
997 612 1034 641 et
1059 607 1209 642 Bonelli
1236 608 1341 642 velut
1366 608 1526 643 dubium
1551 609 1890 647 Bonaventurianis

145 670 366 712 accensent,
393 671 493 700 recte
511 666 610 700 inter
627 666 756 712 spuria
781 666 949 700 reiicitur
966 679 988 700 a
1006 665 1181 701 Sbaralea
1198 671 1235 701 et
1257 667 1464 702 editoribus
1483 667 1653 715 Venetis,
1673 683 1776 718 eum,
1796 676 1890 707 teste

150 725 191 760 P.
215 724 245 759 F
247 725 348 771 ideli,
368 725 585 759 inveniatur
599 725 783 771 seriptum
800 725 840 758 in
859 724 1055 759 codicibus
1072 729 1158 759 ante
1178 724 1211 761 S.
1231 725 1535 762 Bonaventuram
1548 732 1679 764 natum
1695 729 1889 767 confectis.

248 783 429 819 Similiter
454 783 702 818 iudicandum
727 783 772 817 de
799 782 942 818 Summa
968 783 1008 818 de
1034 784 1178 819 essentia
1203 787 1234 819 et
1257 785 1497 820 invisibilitate
1522 789 1553 821 ei
1576 787 1802 825 immensitate
1822 790 1892 826 Dei

151 842 211 889 (N.
239 842 284 877 90
308 843 348 877 in
375 842 579 888 catalogo),
607 842 655 877 ab
683 841 850 888 Oudino,
878 841 1052 877 Sbaralea
1080 846 1118 877 et
1142 842 1290 878 Bonelli
1316 848 1359 878 ut
1384 844 1559 891 dubium,
1586 859 1609 880 a
1634 846 1789 883 Venetis
1815 849 1891 884 edi-

150 901 296 936 toribus
322 905 365 936 ut
390 901 562 947 spurium
588 901 827 936 recensitum.
854 900 935 935 Iam
961 902 1062 935 enim
1094 902 1287 936 invenitur
1311 903 1351 936 in
1369 903 1734 951 ‹luobuspeodicibus
1752 908 1890 942 saeculi

150 960 241 995 noni
269 960 329 994 vel
355 960 503 994 decimi.
531 959 618 994 Alia
643 960 757 994 etiam
783 960 924 994 iudicia
949 959 989 994 P.
1017 959 1214 995 Benedicti
1233 960 1382 996 Bonelli
1413 962 1458 996 de
1475 962 1650 1008 pluribus
1675 967 1889 1013 opusculis,

151 1031 247 1065 quae
273 1019 385 1053 certis
420 1018 481 1053 vel
515 1018 785 1053 verisimilibus
817 1019 968 1065 scriptis
1001 1018 1194 1065 Seraphici
1226 1019 1399 1055 Doetoris
1429 1021 1626 1067 adscribit,
1654 1025 1763 1059 novis
1788 1038 1892 1061 aece-

151 1077 330 1112 dentibus
367 1077 619 1123 documentis,
659 1077 825 1124 amplius
862 1090 939 1112 non
977 1082 1137 1124 possunt
1175 1079 1361 1114 sustineri.
1389 1078 1471 1114 Hoc
1499 1081 1599 1115 valet
1629 1081 1815 1129 imprimis
1847 1085 1891 1120 de

151 1136 347 1171 nonnullis
371 1135 479 1170 libris
504 1136 677 1171 asceticis
702 1140 740 1170 et
765 1136 952 1183 versibus,
980 1137 1025 1170 de
1053 1137 1164 1171 variis
1190 1137 1425 1173 sermonibus
1451 1144 1488 1173 et
1514 1140 1626 1174 etiam
1645 1141 1690 1175 de
1708 1142 1775 1177 illo
1796 1143 1892 1179 Com-

148 1195 321 1239 mentario
346 1195 384 1229 in
409 1194 679 1242 Apoealypsim,
707 1195 773 1241 qui
799 1195 934 1241 implet
960 1195 1168 1229 secundum
1194 1200 1339 1230 tomum
1368 1196 1511 1232 laudati
1541 1197 1788 1246 Supplementi.
1821 1202 1891 1238 Sed

153 1253 199 1288 de
224 1253 296 1288 hoc
322 1253 363 1287 in
388 1253 668 1300 prolegomenis
693 1253 741 1287 ad
768 1253 921 1299 singula
946 1266 1059 1300 opera
1084 1258 1122 1288 et
1146 1254 1185 1288 in
1213 1254 1473 1290 dissertatione
1499 1256 1545 1290 (10
1572 1258 1650 1292 vita
1675 1263 1712 1293 et
1743 1261 1892 1307 scriptis

153 1311 187 1348 S.
215 1312 512 1358 Bonaventurae,
540 1317 583 1346 ut
608 1324 675 1347 suo
701 1312 795 1358 1000,
822 1312 1061 1346 tractandum
1088 1317 1154 1347 est.
1181 1312 1285 1348 Haec
1312 1318 1437 1348 tamen
1463 1315 1575 1350 modo
1600 1317 1755 1352 innuere
1773 1319 1894 1354 volui-

153 1383 251 1417 mus,
279 1375 322 1405 ut
346 1370 555 1406 benevolus
581 1370 700 1405 lector
726 1371 861 1405 certior
885 1370 967 1417 fiat,
995 1383 1187 1406 summum
1213 1371 1380 1406 studium
1406 1377 1577 1408 nostrum
1603 1375 1641 1408 111
1669 1389 1711 1410 eo
1738 1389 1832 1423 csse,
1852 1383 1894 1413 ut

154 1430 273 1465 solam
311 1430 508 1464 veritatem
535 1429 779 1476 detegamus,
818 1442 963 1476 nosque
1000 1430 1218 1465 nullatenus
1252 1430 1350 1465 velle
1384 1431 1689 1468 Bonaventuram
1725 1441 1893 1471 nostrum

152 1488 286 1523 alienis
311 1501 440 1523 ornare
471 1488 664 1535 operibus,
698 1501 785 1523 cum
817 1493 960 1523 certum
993 1489 1057 1535 sit,
1089 1502 1160 1523 1100
1186 1489 1312 1535 ipsum
1349 1489 1490 1525 talibus
1521 1492 1708 1539 indigere,
1737 1507 1806 1529 nec
1833 1495 1893 1532 SS.

152 1547 333 1582 Doctores
358 1546 550 1582 Ecclesiae
575 1547 710 1582 alienis
736 1548 888 1594 scriptis
914 1547 987 1582 coli
1014 1560 1057 1582 ac
1084 1548 1250 1583 decorari
1276 1548 1385 1583 velle.

254 1606 393 1641 Tertius
419 1605 589 1641 defectus
614 1606 921 1653 praecedentium
947 1606 1157 1641 editionum
1183 1607 1416 1653 generalium
1435 1608 1474 1642 in
1492 1609 1564 1644 hoc
1581 1611 1766 1658 consistit,
1794 1613 1895 1660 quod

148 1664 261 1700 nulla
285 1677 413 1699 carum
439 1664 594 1699 exhibet
619 1665 746 1700 omnia
772 1678 884 1711 opera
909 1664 943 1701 S.
970 1665 1273 1711 Bonaventurae,
1302 1678 1396 1713 quae
1428 1667 1551 1702 adhue
1578 1674 1738 1706 exstant.

248 1722 375 1758 Primo
393 1723 547 1769 quidem
574 1723 839 1770 lamentamur,
867 1736 979 1770 opera
1003 1737 1025 1760 a
1042 1724 1088 1759 P.
1107 1724 1249 1759 Bonelli
1274 1725 1314 1759 in
1340 1724 1582 1772 Supplemento
1600 1728 1716 1775 edita,
1736 1742 1895 1776 quorum

153 1794 229 1817 non
255 1794 377 1828 pauca
394 1786 495 1816 certo
521 1786 611 1816 sunt
635 1782 818 1828 genuina,
845 1782 1042 1828 hucusque
1060 1782 1138 1817 fere
1155 1783 1350 1829 incognita
1368 1786 1600 1821 remansisse.
1626 1785 1723 1821 Nam
1749 1787 1896 1835 Supple-

151 1843 303 1875 mentum
320 1840 417 1874 illud
434 1840 558 1875 adhuc
584 1841 703 1875 rarius
728 1841 921 1875 invenitur
947 1853 1061 1887 quam
1087 1841 1255 1875 eiusdem
1281 1841 1522 1890 Prodromus,
1558 1857 1673 1879 «011111
1691 1846 1893 1894 siquidem,

154 1903 198 1934 ut
223 1899 317 1933 dicit
342 1898 382 1934 P.
409 1898 551 1934 Fidelis
566 1899 585 1945 ¹,
613 1899 653 1933 in
679 1899 787 1934 nulla
812 1912 882 1946 ego
909 1899 1066 1945 publica
1090 1899 1324 1934 bibliotheca
1351 1900 1512 1947 Galliae,
1553 1903 1730 1951 Angliae,
1771 1905 1895 1951 Belgii

156 1962 193 1992 et
217 1957 415 1992 Helvetiae
432 1957 530 1992 illud
556 1958 782 2004 invenerim,
809 1971 853 1993 ac
878 1971 959 1993 raro
986 1963 1156 1993 occurrat
1173 1958 1213 1992 111
1232 1958 1363 1993 Italiae
1389 1959 1642 2008 bibliothecis,
1662 1963 1779 1999 rarius
1806 1976 1896 2010 quo-

153 2028 228 2063 que
254 2017 294 2050 in
322 2015 603 2051 Germanicis».

251 2074 374 2121 Opera
399 2075 438 2109 in
463 2075 535 2110 hoc
561 2074 835 2121 Supplemento
861 2079 1039 2111 contenta
1064 2076 1179 2110 etiam
1204 2076 1243 2110 in
1269 2077 1475 2112 novissima
1499 2079 1663 2114 editione
1692 2079 1893 2124 Parisiensi

157 2134 294 2169 omissa
319 2146 398 2168 esse
422 2133 498 2168 iam
524 2134 740 2169 monuimus
753 2134 773 2168 ³³.
800 2133 1045 2169 Manifestum
1072 2138 1142 2181 est,
1171 2148 1217 2169 ex
1242 2134 1301 2170 his
1320 2136 1496 2182 operibus
1520 2138 1582 2172 vel
1607 2139 1799 2184 opusculis
1822 2140 1894 2175 sal-

157 2196 233 2227 tem
265 2205 308 2226 ea
339 2204 434 2239 quae
467 2197 570 2227 certa
602 2192 663 2227 vel
695 2193 915 2227 verisimilia
946 2198 1049 2239 sunt,
1078 2193 1281 2228 distributa
1305 2207 1374 2240 pro
1399 2207 1527 2230 eorum
1552 2196 1678 2232 indole
1704 2198 1743 2232 in
1775 2199 1895 2234 varias

155 2250 310 2297 classes,
337 2250 415 2285 illis
440 2251 613 2286 addenda
637 2264 731 2297 esse,
759 2264 855 2298 quae
881 2251 1066 2286 Vaticana
1091 2252 1359 2299 complectitur
1383 2253 1508 2301 editio,
1535 2255 1588 2289 ita
1612 2260 1655 2290 ut
1679 2260 1761 2291 tum
1786 2257 1893 2302 haec,

157 2314 239 2344 tum
264 2309 339 2344 alia
363 2314 451 2356 post
475 2310 680 2345 editionem
706 2309 945 2357 &opplementi
974 2310 1123 2345 detecta
1151 2311 1199 2345 ad
1232 2312 1417 2346 unitatem
1449 2313 1662 2349 coalescant
1686 2315 1896 2350 ordinatam

155 2368 271 2403 simul
296 2372 334 2403 et
363 2368 582 2403 distinctam
621 2381 817 2416 unumque
856 2381 992 2415 corpus
1017 2374 1104 2416 apte
1137 2369 1340 2405 formatum
1367 2371 1542 2406 efficiant.
1570 2372 1652 2407 Hoc
1678 2373 1893 2409 faciendum

154 2439 236 2462 esse
262 2427 335 2461 iam
374 2426 415 2462 P.
455 2427 603 2462 Bonelli
642 2427 858 2463 observavit
871 2428 891 2474 ³,
919 2427 984 2462 ubi
1023 2428 1071 2462 ad
1096 2441 1174 2462 rem
1207 2429 1258 2463 ita
1285 2429 1394 2464 dicit:
1430 2430 1560 2465 «Haec
1586 2431 1702 2466 habui
1729 2433 1896 2479 undique

252 2592 259 2607 ¹
277 2593 357 2621 Ratio,
376 2599 429 2621 pag.
446 2592 483 2615 45.

252 2635 262 2650 2
278 2635 356 2658 Editor
373 2636 504 2658 parisiensis
522 2635 606 2658 nedum
625 2636 792 2665 Prodromum,
810 2637 851 2659 sed
868 2640 888 2659 et
905 2638 1096 2665 supplementum
1114 2644 1169 2665 prae
1186 2637 1293 2660 manibus
1309 2637 1416 2660 habuisse
1434 2638 1531 2661 videtur.
1549 2639 1622 2661 Tomo
1638 2640 1699 2662 enim
1717 2640 1839 2663 undecimo
1851 2641 1899 2663 edi-

158 2680 225 2702 tionis
242 2685 253 2701 a
271 2685 296 2701 se
312 2681 420 2706 curatae,
439 2685 461 2706 p.
479 2679 498 2707 Ι,
517 2685 650 2707 germanam
668 2680 690 2701 S.
709 2680 881 2702 Bonaventurae
898 2680 1011 2702 Postiilnm
1029 2681 1050 2702 in
1068 2681 1090 2702 S.
1107 2680 1200 2702 Joannis
1217 2681 1366 2709 Evangelium
1383 2684 1492 2710 sequente
1505 2684 1557 2704 nota
1574 2682 1694 2710 allegavit:
1709 2691 1719 2703 e<
1731 2683 1794 2706 lianc
1805 2685 1897 2706 alteram

159 2722 285 2751 postillam,
303 2727 363 2743 anno
381 2721 440 2744 '1772
458 2728 470 2743 a
488 2722 587 2744 Ministro
605 2722 708 2744 Generali
726 2722 817 2745 Ordinis
834 2723 937 2746 Fratrum
955 2723 1067 2746 minorum
1085 2723 1185 2745 Paschaii
1203 2729 1216 2745 a
1234 2723 1322 2746 Varisio
1339 2723 1383 2746 sub
1401 2724 1522 2747 Clementis
1540 2724 1598 2747 Xiv.
1616 2726 1724 2753 auspiciis
1737 2726 1838 2749 Tridenti
1856 2729 1899 2755 pri-

159 2771 224 2787 murn
241 2765 337 2792 editam,
356 2765 377 2786 in
396 2765 470 2786 lucem
488 2764 564 2787 denuo
581 2765 680 2792 prodere
696 2766 770 2788 serius
787 2766 867 2794 ocius,
884 2767 902 2788 si
920 2766 980 2788 Deus
998 2766 1049 2794 det,
1068 2767 1150 2788 nostris
1166 2766 1268 2794 profecto
1285 2767 1306 2788 in
1324 2767 1383 2789 votis
1400 2770 1440 2789 est.
1458 2767 1503 2789 Sed
1521 2768 1583 2790 fateri
1601 2769 1707 2796 cogimur
1724 2769 1746 2791 id
1765 2769 1812 2792 fieri
1830 2776 1842 2792 a
1860 2776 1899 2792 nu-

159 2807 196 2830 bis
212 2813 255 2829 non
274 2814 341 2835 posse
352 2825 357 2835 ,
375 2808 416 2830 nisi
434 2809 486 2835 post
502 2807 646 2835 absolutam,
664 2814 723 2837 quae
739 2811 859 2837 superest,
877 2808 982 2831 editionis
999 2809 1135 2837 Vaticanae,
1153 2809 1170 2831 si
1189 2810 1276 2837 mavis,
1295 2809 1394 2832 Venetae
1417 2810 1535 2832 materiam
1548 2806 1669 2833 ».'Vei·ins
1692 2811 1823 2839 dicendum,
1847 2813 1899 2835 inte-

160 2857 228 2879 grum
246 2851 436 2878 Supplementnm
447 2868 452 2878 ,
469 2850 532 2879 quod
549 2853 572 2872 et
588 2851 712 2878 praefatam
730 2852 888 2879 complectitur
904 2852 1017 2874 Postiliam
1028 2870 1033 2879 ,
1051 2858 1063 2873 a
1080 2851 1202 2875 Benedicta
1215 2851 1306 2875 Bonelli
1321 2851 1408 2875 editum
1426 2853 1504 2879 tuisse,
1517 2853 1616 2875 dis-atum
1630 2860 1685 2876 vere
1698 2855 1731 2876 Ss.
1746 2855 1841 2878 Domino
1854 2855 1899 2879 Cle-

161 2894 229 2915 menti
248 2893 306 2915 XiV.
324 2900 336 2915 a
353 2894 453 2915 Ministro
470 2893 573 2915 Generaii
591 2893 681 2916 Ordinis
698 2894 802 2917 Fratrum
819 2895 931 2917 Minorum
950 2895 1049 2917 Peseiiali
1066 2901 1078 2917 a
1097 2895 1193 2917 Varisio.

254 2936 264 2950 3
281 2936 361 2964 Suppi.
379 2939 433 2959 tom.
450 2936 482 2958 111.
500 2942 553 2964 pag.
572 2936 625 2959 vm.
