2253 3317
902 112 983 140 Dtst‘.
1006 112 1071 140 xlx.
1094 112 1120 140 P.
1144 113 1171 140 ll.
1844 115 1902 143 353⁴]

156 189 300 216 individua.
325 189 400 215 «Una
411 210 418 221 ⁷
432 190 534 223 111([ι1111
544 211 550 221 ,

155 233 225 259 sicut
246 239 327 258 11111111]
348 232 446 258 animal
466 240 517 258 uon
536 232 617 259 hahet
636 233 741 266 species
760 232 839 259 unius
858 231 996 258 essentiae.
1025 244 1028 267 3

154 318 259 352 species
290 318 368 344 unius
395 317 539 344 essentiae:
569 317 657 343 divina
688 324 750 350 ergo
770 317 883 344 essentia
913 324 997 349 genus

152 368 205 388 non
225 363 272 387 est.
292 360 343 387 Sed
367 367 415 386 nec
435 360 540 394 species
559 363 599 386 est
618 360 731 386 essentia
752 360 843 386 divina
864 363 889 386 et
908 367 997 394 perso-

155 411 204 430 nae
224 403 373 435 individua,
387 404 457 429 sieut
470 402 549 429 homo
569 403 674 437 species
688 406 741 434 est⁷
756 403 891 429 individua
907 406 996 429 autem

154 447 302 478 Abraham,
316 447 389 473 Isaac
403 449 428 472 ct
446 446 533 472 Iacob.
554 446 581 472 Si
595 446 665 472 enim
684 446 798 472 essentia
819 446 923 479 species
943 448 996 476 est,

154 493 182 516 ut
201 490 295 520 homo,
319 489 388 515 sicut
408 496 475 515 unus
496 489 575 515 homo
597 496 648 515 uon
667 489 766 515 dieitur
779 496 837 515 esse
851 488 996 520 Abraham,

153 532 225 557 lsaac
246 534 271 557 et
288 531 381 562 Iacob,
395 531 429 557 ita
449 538 502 557 non
521 530 644 557 dicetur²
665 538 717 557 una
738 531 851 557 essentia
871 537 929 557 esse
945 533 997 557 tres

152 581 289 608 personae.
309 574 366 600 Non
393 574 482 607 itaque
501 574 649 600 secuudum
675 581 758 607 genus
778 577 804 600 ct
822 574 927 607 specics
947 574 995 600 ista

152 616 301 643 dicimus».

499 701 559 727 Car.
582 701 642 727 vlit.

187 786 263 818 Quod
281 795 327 812 nee
346 786 494 813 seczmdwm
512 786 681 813 vmaterialem
701 794 809 813 causam
830 786 960 813 (limoziam-

363 834 414 855 lres
432 838 562 864 personae
584 838 639 856 aaa
662 829 784 856 essmo'a.

220 916 369 942 Notandum
399 916 495 947 etiam,
524 916 596 949 quod
617 916 729 942 essentia
759 915 847 941 divina
874 923 924 941 non
955 919 994 941 est

150 958 258 984 materia
280 958 358 983 trium
387 965 578 991 personarum,
607 961 636 984 ut
664 958 827 991 Augustinus
847 958 872 983 in
899 958 993 984 eodeni
1022 961 1024 994 3

146 998 237 1026 libi-0³
266 1000 358 1032 docet,
392 1004 540 1034 «tanquam
568 1001 717 1027 secundum
740 1008 910 1027 communem
937 1008 995 1027 can-
1021 1013 1024 1028 t

148 1044 263 1078 demque.
285 1044 424 1070 materiam
445 1046 498 1070 tres
517 1051 648 1078 personae
669 1044 792 1070 dicantur
811 1051 869 1070 esse
887 1051 939 1070 una
958 1051 995 1070 es-
1021 1067 1023 1079 ζ

148 1086 247 1118 sentia,
267 1087 336 1113 sieut
363 1093 395 1113 ex
425 1086 519 1113 eodem
547 1094 613 1113 auro
642 1087 663 1112 si
691 1086 784 1113 fierent
805 1089 857 1112 tres
877 1089 994 1118 statuae,

148 1130 299 1156 diceremus
319 1132 372 1155 tres
399 1132 500 1156 statuas
521 1137 603 1155 imum
632 1136 735 1155 aurum.
765 1129 822 1155 Nou
842 1132 930 1155 autem
955 1129 993 1155 sic
1020 1141 1023 1164 1

147 1173 314 1204 Trinitatem,
335 1172 361 1198 id
381 1176 420 1199 est
441 1175 493 1199 tres
512 1180 649 1206 personas,
669 1172 785 1198 dicimus
805 1179 885 1198 unam
906 1179 993 1198 esson-

148 1215 211 1242 tiam
230 1218 257 1241 et.
275 1222 358 1241 unum
382 1215 481 1245 Deum,
511 1218 637 1249 tanquam
657 1221 690 1241 ex
718 1222 769 1240 una
801 1213 912 1240 materia
942 1213 993 1239 tria

147 1257 280 1292 quaedam
299 1257 453 1284 subsistant.
473 1257 499 1283 lu
524 1257 618 1283 statuis
646 1257 716 1283 enim
745 1256 904 1291 aequalibus
932 1256 993 1290 ptus

146 1301 205 1327 auri
219 1303 259 1327 est
272 1303 325 1327 tres
338 1300 416 1327 simul
430 1307 509 1334 quam
524 1300 658 1333 singulae,
671 1304 697 1326 et
710 1300 798 1326 minus
811 1300 870 1326 auri
888 1303 926 1326 est
940 1307 991 1326 una

146 1349 227 1376 quam
246 1342 323 1369 duae.
342 1343 369 1369 111
390 1342 434 1369 illa
454 1350 517 1369 vero
537 1343 651 1369 essentia
673 1342 808 1368 Trinitatis
821 1342 893 1368 nullo
912 1342 992 1368 modo
1020 1360 1021 1363 ,

146 1385 183 1411 ita
201 1388 275 1411 est».
295 1385 353 1412 Non
373 1392 436 1418 ergo
456 1385 604 1412 secundum
624 1385 788 1411 materialem
809 1392 918 1411 causam
940 1387 993 1411 tres
1019 1402 1021 1418 Α

145 1434 274 1461 personas
293 1435 374 1454 unam
393 1428 508 1455 dicimus
522 1436 579 1455 esse
590 1428 599 1441 ⁴
613 1428 767 1457 essentiam,
787 1428 857 1454 sicut
871 1430 923 1454 tres
944 1431 994 1454 sta-

146 1473 206 1497 tuae
220 1470 346 1497 dicuntur
365 1478 447 1497 unum
462 1478 566 1497 aurum.

505 1556 565 1583 Car.
590 1555 632 1583 IX.

164 1642 216 1668 Nec
236 1641 273 1668 ila
291 1640 422 1668 dz'emztzcr
442 1646 493 1667 cres
508 1649 641 1676 personae
656 1650 712 1668 ῑωια
725 1641 850 1673 essentia,
873 1647 900 1669 ιιι
921 1646 973 1668 [ras

254 1683 375 1710 homines
396 1692 451 1711 una
468 1688 569 1710 natm-a
588 1684 632 1710 vel
648 1684 732 1711 unias
751 1688 875 1711 naturae.

212 1768 258 1794 His
277 1775 385 1802 quoque
405 1768 557 1795 addendum
572 1772 625 1801 est,
643 1769 714 1803 quod
730 1771 783 1795 tres
796 1776 926 1803 personas
938 1776 990 1795 non

141 1811 177 1837 ita
207 1810 322 1837 dicimus
350 1818 408 1837 esse
436 1818 517 1837 unam
545 1811 701 1844 essentiam,
730 1814 760 1838 ut
778 1811 943 1845 Augustinus
964 1811 990 1837 in

143 1852 256 1879 eodem⁵
276 1853 326 1884 ait,
347 1853 388 1880 vel
407 1853 487 1880 unius
506 1854 652 1885 essentiae,
677 1854 769 1880 «sicut
788 1854 913 1886 dicimus,
945 1853 990 1880 ali-

143 1903 211 1930 quos
230 1899 283 1922 tres
302 1896 425 1922 homines
452 1896 572 1922 eiusdem
600 1903 681 1923 sexus
706 1900 732 1923 et
751 1896 871 1923 eiusdem
892 1899 991 1930 tempe-

143 1940 252 1966 rationis
270 1940 392 1973 eorporis
411 1939 586 1973 eiusdemque
599 1939 681 1966 animi
694 1946 775 1966 unam
795 1946 853 1965 esse
867 1942 989 1965 naturam

144 1982 183 2009 vel
204 1983 283 2009 unius
302 1986 420 2009 naturae.
440 1982 505 2009 Nam
527 1983 552 2008 111
573 1982 614 2008 his
642 1982 723 2008 rebus
743 1990 794 2007 nou
817 1985 917 2008 tantum
948 1985 989 2008 est

622 2058 634 2066 x

203 2250 209 2263 ¹
228 2251 281 2272 Loc.
293 2251 329 2272 cit.
341 2256 425 2278 parum
442 2251 515 2278 1111“1(1;
533 2251 573 2272 sed
592 2250 683 2273 ultimas
699 2251 869 2278 propositiones
881 2250 987 2278 Magister

140 2289 251 2310 contraxit
266 2293 293 2310 ex
317 2287 435 2310 diffusiore
454 2288 575 2316 Augustini
604 2288 714 2311 doctrina.
732 2302 762 2305 -
779 2289 828 2311 Mox
853 2290 986 2312 auctoritate
1014 2289 1016 2311 t

139 2327 243 2349 omnium
260 2326 327 2349 codd.
344 2330 367 2349 et
383 2326 419 2349 ed.
437 2327 445 2348 ·1
468 2327 609 2349 inseruimus
625 2326 698 2350 unius
722 2327 836 2350 essentiae
861 2331 913 2356 post
938 2328 987 2351 ani-

140 2364 191 2388 mal
204 2371 253 2388 non
269 2364 338 2388 habet
353 2364 446 2394 species.
464 2365 550 2388 Deinde
568 2366 715 2388 solummodo
733 2366 783 2388 Vnt.
801 2370 823 2389 et
839 2367 876 2389 ed.
898 2367 911 2388 8
935 2369 988 2394 post

140 2404 212 2427 Pater
228 2410 284 2433 erqo
302 2404 409 2426 omittunt
425 2405 453 2427 et.

142 2481 201 2504 BCE
218 2481 314 2508 dicimu-
332 2480 400 2504 codd.
419 2482 464 2504 AD
481 2482 540 2505 bene
557 2482 682 2505 ‹lis-eretur.
702 2483 723 2504 111
742 2483 786 2504 tine.
809 2482 877 2505 codd.
895 2482 910 2504 t]
921 2483 939 2504 D
956 2483 986 2506 (Ιί-

140 2521 228 2543 cuntur
246 2526 289 2548 pro
305 2520 413 2543 dicimus.

202 2558 211 2573 ³
228 2559 280 2582 Loc.
298 2560 334 2581 cit.
352 2560 484 2582 immediate
504 2564 562 2588 post.

203 2598 211 2613 ⁴
229 2599 279 2621 Vat.
304 2602 326 2620 et
352 2599 409 2621 aliae
431 2599 499 2626 cdd.,
525 2603 618 2627 excepta
645 2601 669 2622 t.

140 2638 251 2659 adiiciunt
266 2636 425 2660 substantiam.
444 2638 485 2660 cel.

201 2676 212 2690 ⁵
228 2676 283 2704 Cap.
301 2677 322 2698 6.
341 2683 361 2698 u.
385 2677 417 2698 ll.
435 2688 466 2693 —
483 2677 557 2699 Prima
575 2677 702 2705 propositio
720 2679 765 2700 iam
788 2678 858 2705 paulo
880 2682 932 2700 ante
954 2684 987 2700 rc-

141 2715 183 2737 tata
200 2718 240 2737 est.
259 2714 282 2736 ln
300 2716 360 2737 textu
380 2714 428 2736 Vat.
446 2721 499 2736 ‹Jum
517 2715 623 2742 pluribus
647 2715 700 2737 cdd.
719 2718 796 2738 contra
814 2716 867 2738 cdd.
890 2717 907 2740 Ι,
925 2717 946 2742 6,
965 2717 985 2741 8,

140 2754 208 2776 codd.
225 2757 247 2776 et
264 2754 374 2781 originale
392 2754 474 2776 omittit
491 2754 513 2776 et
529 2756 580 2776 ante
597 2753 620 2776 in
638 2754 732 2777 statuis.

202 2792 211 2806 ὃ
228 2791 283 2814 Cod.
302 2792 320 2814 D
337 2798 391 2814 eum
410 2792 459 2814 Vat.
477 2795 500 2814 et
515 2792 569 2814 edd.
588 2793 600 2814 3
612 2810 617 2820 ,
641 2792 666 2820 i,
687 2793 716 2821 6,
738 2794 750 2815 8
771 2793 891 2823 quiddam.
916 2793 986 2815 Paulo
1013 2818 1015 2820 μ

141 2833 192 2853 ante
210 2834 261 2858 post
277 2830 404 2853 adversari
419 2830 487 2852 codd.
505 2831 522 2852 Α
532 2830 549 2853 C
565 2836 611 2853 non
628 2832 687 2853 mate
705 2832 793 2854 addunt
809 2838 843 2855 ecl.

203 2869 212 2883 ⁷
228 2869 288 2892 Libr,
308 2870 340 2891 111.
358 2870 387 2891 de
404 2869 458 2891 Fide
475 2870 601 2892 orthodoxa
619 2876 638 2892 c.
657 2871 669 2892 6
680 2888 685 2893 .
708 2871 835 2893 secundum
854 2872 985 2894 versionem
1014 2870 1015 2873 ’

701 2604 778 2622 contra
809 2606 889 2622 omues
918 2601 985 2622 (·(·1(1(1.
1014 2600 1015 2603 ’

570 190 684 216 essentia
704 198 755 217 nou
776 190 857 216 habet
876 189 997 223 species,
1026 190 1029 224 ξ

154 275 232 301 Pater
250 282 313 307 ergo
333 277 359 300 ct
378 274 459 300 Filius
479 278 505 301 et
524 274 638 309 Spiritus
658 278 766 301 sanctus
787 282 838 300 non
858 277 919 301 sunt
945 277 997 300 tres

1023 591 1026 615 1

1024 621 1026 632 ι

1022 734 1026 751 1

1056 197 1125 216 unus
1144 190 1232 221 homo,
1252 194 1381 224 quantum
1402 194 1454 217 tres
1474 191 1595 217 homiues
1623 190 1713 221 simul,
1734 196 1759 217 et
1778 192 1839 226 plus
1858 192 1907 218 ali⁷

1055 232 1120 266 quid
1139 235 1201 258 sunt
1220 232 1341 259 homines
1361 233 1413 259 duo
1433 240 1513 267 quam
1535 241 1603 260 uuus
1624 233 1718 265 homo,
1742 234 1812 260 sicut
1831 238 1854 260 et
1877 235 1904 260 111

1055 274 1148 300 statuis
1168 281 1226 300 esse
1246 274 1374 305 diximus;
1394 278 1421 301 at
1440 275 1465 301 iu
1485 276 1538 302 Deo
1559 283 1609 302 non
1630 279 1670 302 cst
1690 276 1733 302 ita.
1752 276 1809 302 Non
1830 277 1902 303 enim

1055 316 1140 342 maior
1159 316 1273 343 essentia
1292 320 1331 343 cst
1351 317 1427 344 Pater
1456 321 1481 344 et
1510 318 1591 344 Filius
1619 318 1698 345 simul
1718 325 1798 353 quam
1828 319 1901 345 solus

1054 358 1131 385 Pater
1150 358 1190 385 vel
1211 358 1283 385 solus
1302 359 1399 390 Filius,
1419 360 1464 386 sed
1496 363 1548 386 tres
1575 361 1653 387 sinml
1681 361 1741 387 illac
1770 368 1900 395 personae

1054 401 1180 435 aequales
1199 404 1260 428 sunt
1278 402 1423 435 siugulis».
1438 403 1477 428 Ex
1491 403 1646 437 praemissis
1659 407 1746 438 patet,
1761 404 1833 438 quod
1849 408 1904 430 tres.

1054 451 1184 478 personae
1203 444 1329 471 dicuntur
1348 445 1438 472 divina
1458 446 1571 472 essentia
1592 453 1640 472 nec
1653 447 1800 473 secundum
1821 451 1903 474 mate-

1053 487 1146 513 rialem
1166 494 1289 519 causam,
1309 491 1338 514 ut
1358 491 1410 514 tres
1429 491 1533 515 statuae
1552 496 1634 515 111111111
1654 496 1764 519 1111111111,
1785 497 1833 516 ucc
1862 498 1901 516 sr-

1053 529 1170 556 cundum
1199 530 1393 564 complexionis
1418 531 1635 563 similitudinem,
1660 535 1686 558 ut
1707 535 1760 558 tres
1780 533 1901 559 homines

1053 572 1132 598 unius
1152 576 1275 601 naturae,
1295 580 1344 599 nec
1363 577 1390 600 ut
1411 581 1494 606 genus
1514 574 1685 608 praedicatur
1698 574 1731 600 de
1745 575 1899 608 speciebus,

1054 615 1095 641 vcl
1116 619 1143 642 ut
1163 616 1266 650 species
1286 617 1319 643 dc
1337 616 1500 648 individuis,
1520 617 1545 643 id
1566 621 1603 643 est
1624 619 1761 644 eontiuvns
1784 619 1816 645 de
1840 626 1900 645 con-

1054 659 1145 690 tentis,
1165 659 1251 685 maius
1270 659 1303 686 de
1324 660 1479 687 minorihus.

1124 702 1170 728 His
1189 705 1277 728 autom
1298 702 1421 729 videntur
1441 703 1578 730 adversari
1591 711 1660 737 quae
1674 705 1783 738 quidam
1805 713 1898 732 sacrae

1053 744 1207 778 Scripturae
1220 748 1378 772 tractatores
1397 746 1522 772 catholici
1544 747 1568 772 in
1589 747 1644 773 suis
1663 748 1771 782 scriptis
1785 748 1899 775 tradide-

1053 790 1128 818 runt,
1148 787 1175 813 iu
1194 787 1292 822 quibus
1311 788 1462 820 significare
1483 789 1623 821 videntur,
1643 790 1714 823 quod
1729 791 1843 817 essentia
1862 791 1901 817 di-

1053 830 1113 856 viua
1133 830 1167 856 sit
1185 830 1341 864 quoddam⁵
1362 838 1503 857 commuue
1523 834 1548 857 et
1567 832 1729 864 universale,
1751 834 1823 860 velut
1842 841 1901 868 spe-

1024 867 1025 877 *
1053 873 1121 901 cies:
1151 876 1203 899 tres
1229 880 1292 899 vcro
1320 880 1452 907 personae
1480 874 1532 900 siut
1559 875 1607 900 tria
1636 875 1827 909 particularia,
1848 877 1896 903 tria

1053 915 1190 942 individua
1201 923 1312 942 numero
1325 916 1481 942 differentia.
1496 917 1571 943 Unde
1586 918 1695 944 loannes
1709 918 1898 950 Damasceuus,

1052 958 1120 984 iuter
1147 959 1274 984 Doctores
1294 958 1458 985 Graecorum
1479 966 1597 993 magnus,
1620 960 1645 986 in
1667 961 1744 993 libro,
1765 969 1844 995 quem
1865 962 1898 988 de

1052 1001 1177 1027 'l'riuitate
1196 1001 1335 1035 seripsw,
1356 1009 1435 1035 quem
1456 1005 1482 1028 rt
1502 1009 1571 1036 papa
1601 1003 1733 1036 Eugenius
1763 1004 1896 1031 traust'crri

1051 1043 1129 1075 fecit,
1149 1044 1199 1069 ait:
1223 1043 1401 1070 «Communia
1421 1047 1447 1070 et
1466 1045 1627 1072 universalia
1651 1046 1842 1080 praedicantur
1864 1048 1897 1074 de

1021 1082 1023 1092 '
1051 1085 1178 1112 subiectis
1197 1086 1249 1112 sibi
1268 1086 1333 1120 ipsis
1352 1087 1569 1120 particularibus.
1590 1088 1734 1115 Commune
1754 1096 1817 1122 ergo
1837 1090 1897 1116 suh—

1050 1128 1147 1155 stantia
1161 1132 1208 1161 est,
1222 1129 1384 1163 particulare
1405 1137 1467 1155 vero
1488 1130 1652 1164 hypostasis,
1674 1131 1698 1157 id
1716 1135 1756 1157 est
1776 1139 1897 1165 persona.

1050 1171 1214 1197 l’articulare
1233 1174 1320 1198 autem
1345 1172 1460 1201 dicitur,
1490 1180 1541 1198 non
1559 1174 1632 1207 quod
1662 1178 1765 1207 partem
1786 1178 1896 1201 naturae

1050 1213 1138 1244 hahet,
1158 1213 1205 1240 sed
1225 1214 1388 1248 particulare
1408 1223 1528 1246 munero,
1548 1219 1575 1242 ut
1596 1219 1714 1247 atomus,
1735 1217 1813 1244 idest
1835 1218 1898 1243 111(11Α

1020 1257 1022 1263 '
1051 1256 1169 1283 viduum.
1188 1256 1304 1283 Numero
1325 1257 1396 1283 enim
1415 1257 1460 1283 (11Ε
1475 1265 1526 1284 nou
1541 1261 1634 1285 natura
1648 1259 1754 1285 differre
1771 1260 1898 1286 dicuntur

1050 1299 1247 1333 hypostases».
1267 1300 1331 1326 Item
1351 1300 1377 1325 in
1406 1300 1535 1327 eodem&
1567 1301 1739 1328 «Substantia
1766 1303 1897 1335 significat

1049 1349 1216 1369 communem
1236 1346 1262 1368 et
1280 1343 1528 1377 circumplectivam
1548 1344 1666 1377 speciem
1681 1345 1854 1376 homoideon,
1870 1346 1895 1371 id

1049 1388 1089 1411 est
1101 1385 1228 1411 similium
1247 1385 1338 1419 specie
1357 1385 1550 1419 hypostaseon,
1564 1386 1591 1412 id
1606 1390 1645 1413 cst
1664 1394 1854 1421 personarum,
1869 1392 1896 1415 ut

1049 1431 1114 1462 puta
1128 1428 1209 1460 Deus,
1223 1428 1315 1457 homo:
1336 1428 1489 1462 hypostasis
1502 1432 1591 1455 autem
1605 1429 1773 1456 individuum
1792 1431 1898 1457 demon-

1019 1505 1021 1508 .
1049 1473 1121 1500 strat,
1137 1470 1161 1495 id
1174 1473 1213 1496 est
1225 1470 1337 1501 Patrem,
1351 1470 1446 1496 Filium
1462 1474 1487 1497 et
1500 1471 1629 1505 Spiritum
1640 1475 1770 1503 sanctum,
1782 1473 1896 1503 Petraia,

1048 1512 1160 1538 Paulum
1179 1516 1205 1538 et
1224 1512 1411 1539 huiusmodi».
1433 1514 1502 1540 Ecce
1521 1517 1613 1548 aperte
1627 1514 1706 1545 dicit,
1720 1515 1894 1542 substantiam

1049 1563 1106 1582 esse
1126 1555 1293 1586 universale,
1313 1556 1479 1590 hypostasim
1500 1564 1563 1583 vero
1578 1558 1755 1591 particulare,
1776 1562 1802 1585 et
1822 1559 1894 1593 quod

1048 1599 1118 1625 Deus
1137 1601 1176 1624 est
1195 1599 1312 1632 species,
1334 1602 1362 1625 ut
1380 1599 1475 1630 homo,
1495 1603 1518 1625 ct
1540 1600 1612 1633 quod
1633 1601 1710 1627 Pater
1729 1605 1753 1627 ct
1773 1602 1855 1628 Filius
1869 1606 1896 1628 et

1048 1641 1162 1675 Spiritus
1181 1644 1289 1668 sanetus
1308 1645 1369 1668 suut
1381 1642 1534 1672 individua,
1549 1643 1618 1669 sicut
1631 1643 1724 1669 Petrus
1744 1647 1769 1670 et
1788 1645 1894 1676 Paulus,

1048 1691 1079 1710 eo
1098 1683 1170 1717 quod
1190 1691 1301 1710 numero
1321 1684 1457 1716 (littei-unu
1477 1683 1550 1718 quae
1566 1686 1730 1719 praemissae
1749 1687 1894 1713 sententiae

1047 1726 1187 1759 Augustini
1206 1727 1313 1760 penitus
1332 1727 1516 1753 contradicere
1537 1728 1668 1754 videntur.
1689 1728 1754 1760 Quid
1776 1737 1838 1762 ergo
1859 1729 1895 1756 (11-

1047 1776 1138 1795 cemus
1158 1769 1191 1795 ad
1212 1769 1299 1795 haec?
1318 1769 1373 1795 Hoc
1403 1770 1495 1804 utique
1524 1770 1614 1797 dicere
1642 1779 1785 1805 possumus
1813 1776 1892 1806 atque

1047 1811 1190 1842 dehemus,
1209 1812 1281 1845 quod
1302 1819 1333 1838 ca
1353 1819 1422 1846 quae
1442 1813 1606 1846 Augustinus
1627 1813 1736 1840 tradidit
1754 1815 1892 1848 superius,

1047 1855 1104 1881 sine
1123 1855 1193 1880 omni
1215 1854 1389 1881 haesitatione
1410 1855 1521 1881 tenenda
1542 1859 1611 1882 sunt.

1117 1897 1188 1923 Haec
1207 1900 1310 1928 autem,
1330 1904 1399 1931 quae
1418 1898 1463 1923 hic
1482 1898 1622 1931 dicuntur,
1637 1899 1697 1925 licet
1719 1900 1744 1925 111
1764 1901 1893 1927 sermonis

1046 1940 1189 1974 superficie.
1209 1940 1310 1973 aliquid
1331 1948 1346 1966 a
1366 1940 1417 1966 tide
1448 1941 1563 1967 alienum
1594 1949 1719 1968 resonare
1739 1943 1892 1973 videantur,

1046 1989 1110 2009 sanc
1130 1985 1217 2009 tamen
1238 1983 1347 2016 intelligi
1377 1986 1479 2017 queunt
1507 1984 1636 2020 piumqpe
1658 1985 1784 2011 lectorem
1813 1989 1893 2018 atque

1043 2257 1056 2272 a
1073 2251 1238 2279 Burgundionc
1256 2251 1336 2273 Pisano
1354 2252 1417 2274 iussu
1441 2252 1536 2280 fingenii
1563 2253 1593 2274 ΙΙΙ.
1621 2254 1701 2275 tactam
1728 2258 1749 2275 ct
1771 2261 1782 2276 a
1810 2255 1890 2277 loanni:

1045 2288 1123 2311 Conon
1141 2289 1208 2311 valdo
1226 2290 1397 2317 impugnatam,
1416 2297 1461 2318 qua
1479 2293 1554 2313 tamen
1572 2292 1659 2320 antiqui
1681 2293 1812 2315 Scholastiei
1831 2300 1890 2316 saec.

1045 2329 1080 2350 13.
1099 2330 1151 2356 post
1166 2328 1324 2351 Lombardum
1342 2329 1473 2351 utebantur.
1487 2330 1554 2352 Teste
1567 2330 1670 2352 Fabricio
1683 2331 1797 2359 (Biblioth.
1811 2333 1889 2355 Graec.

1044 2370 1098 2389 tom.
1117 2368 1147 2395 9.)
1166 2374 1284 2396 nunquam
1301 2369 1362 2396 typis
1387 2369 1498 2396 impressa
1524 2372 1563 2392 cst.
1591 2370 1730 2392 Subiicimus
1757 2372 1888 2393 itaniasceui

1014 2413 1016 2420 >
1043 2406 1115 2428 verba
1133 2407 1192 2428 iuxta
1210 2407 1341 2429 versionem
1358 2407 1423 2429 Micti.
1441 2408 1542 2436 Lequien
1560 2408 1614 2430 Ord.
1632 2409 1711 2431 l’raetl.
1738 2410 1792 2437 (cd.
1815 2410 1889 2437 §ligne

1045 2445 1155 2472 l‘atrolog.
1174 2446 1252 2467 tiracc.
1272 2449 1325 2467 tom.
1344 2445 1412 2473 915.):
1439 2446 1523 2474 «Quae
1545 2448 1676 2469 comu‘umia
1702 2451 1721 2470 et
1750 2449 1885 2470 universalia

1043 2487 1097 2506 suut
1113 2483 1142 2505 dc
1164 2484 1340 2511 particularibus
1362 2484 1405 2507 sibi
1431 2485 1540 2508 subiectis
1566 2486 1734 2514 praedicantur.
1760 2488 1888 2510 Conlatum·

1044 2529 1113 2550 porro
1130 2523 1248 2551 quoddam
1267 2526 1301 2545 cst
1317 2525 1430 2552 essentia,
1449 2527 1473 2546 ut
1495 2525 1597 2552 species:
1621 2526 1755 2553 particulare
1782 2532 1887 2554 persona.

1014 2568 1015 2572 ¹
1044 2562 1194 2588 l‘articuiarc,
1207 2562 1322 2590 inquam,
1341 2568 1386 2584 uon
1405 2563 1469 2591 quod
1487 2567 1580 2585 naturae
1598 2566 1686 2591 partem
1705 2565 1822 2593 quamlam
1844 2565 1886 2587 sibi

1044 2601 1157 2628 vindicet,
1175 2600 1216 2623 sed
1233 2602 1287 2629 quia
1304 2607 1401 2624 numero
1418 2603 1554 2629 particulare
1571 2606 1615 2627 cst.
1628 2607 1653 2625 ut
1669 2601 1823 2626 individuum.
1836 2605 1888 2627 Pcr-

1014 2635 1015 2639 *
1043 2645 1112 2661 sonae
1129 2639 1244 2667 siquidem
1261 2645 1306 2661 non
1324 2643 1419 2667 natura,
1437 2641 1479 2663 sed
1496 2648 1592 2663 numero
1610 2642 1667 2663 inter
1684 2649 1707 2664 st·
1725 2642 1834 2670 distingui
1854 2644 1888 2665 di-

1043 2681 1156 2700 cuntur».
1173 2691 1204 2694 -—
1222 2678 1270 2700 N'at.
1290 2682 1367 2701 contra
1385 2680 1421 2701 ed.
1445 2681 1449 2701 t
1471 2683 1491 2701 et
1504 2680 1571 2702 redd.
1585 2681 1639 2708 legit
1651 2681 1799 2704 (azan-orma.
1811 2682 1887 2705 ninxi-

1042 2723 1096 2739 mus
1113 2717 1162 2738 loco
1181 2718 1329 2740 Graecorum
1347 2724 1456 2747 intimius.

1104 2756 1114 2770 ⁵
1133 2756 1181 2778 Vat.
1199 2759 1221 2778 ct
1237 2756 1290 2778 edd.
1309 2756 1338 2784 4,
1356 2757 1369 2778 6
1387 2758 1494 2780 omittunt
1511 2760 1531 2780 (Ἰ
1542 2777 1548 2785 ,
1567 2762 1589 2781 ot
1601 2759 1733 2781 imnmdiau·
1746 2763 1797 2786 post
1809 2763 1886 2781 contra

1042 2795 1168 2822 originale,
1186 2795 1254 2816 codd.
1271 2798 1294 2816 et
1310 2795 1362 2817 cdd.
1385 2796 1390 2817 1
1406 2814 1410 2819 ,
1429 2797 1457 2823 6,
1476 2797 1488 2817 S
1508 2797 1556 2818 Vnt.
1576 2803 1627 2819 rum
1646 2798 1695 2819 aliis
1712 2798 1765 2820 edd.
1779 2798 1887 2821 sistentur

1043 2834 1092 2855 loco
1109 2833 1230 2856 dicuntur.

1105 2872 1115 2885 9
1132 2872 1186 2899 Cap.
1207 2871 1226 2894 4..
1246 2885 1275 2888 »—
1293 2873 1331 2894 tid.
1351 2873 1438 2900 Migne:
1461 2874 1546 2901 «Quod
1566 2881 1635 2902 porro
1653 2876 1714 2897 aliud
1733 2877 1758 2897 sit
1778 2876 1884 2898 <ubstan-
