2253 3317
196 795 225 813 Ad
237 794 310 818 opposi-

230 819 269 837 tum

324 85 379 114 390

1009 81 1259 110 SENTENTIARUM
1282 75 1341 110 LIB.
1363 81 1381 109 l.

981 204 1215 239 ARTICULUS
1240 204 1400 238 UNICUS.

1009 298 1051 326 De
1070 297 1238 326 nominibus
1260 297 1377 326 (livinis.

1096 405 1259 442 Quasssrio
1280 406 1298 433 1.

943 491 1048 519 Utrum
1076 491 1154 519 Deus
1181 491 1220 519 sit
1246 489 1444 519 nominabilis.

402 603 480 632 Circa
507 602 646 640 primum,
678 601 753 639 quod
781 601 857 629 Deus
884 600 920 629 sit
951 599 1170 634 innominabilis,

323 650 480 680 ostenditur
500 648 729 678 auctoritatibus
756 650 783 676 et
806 646 982 675 rationibus.
1003 646 1171 675 Auctorita-

325 697 401 726 cibus
421 697 474 726 sic:

409 746 429 772 1.
444 743 592 779 Dionysius
606 742 641 771 de
655 741 761 770 Divinis
774 740 938 769 Nominibus
947 740 969 767 ¹:
998 752 1008 764 κ
1022 739 1112 768 Deum
1127 747 1172 768 ne-

323 799 378 829 que
392 791 485 819 dicere
498 796 590 826 neque
604 788 758 825 intelligere
773 787 904 825 possibile
918 790 994 815 est».
1009 786 1041 815 Et
1055 785 1170 814 iterum:

331 851 341 862 ι
356 838 404 866 Dei
425 844 517 874 neque
537 842 638 864 nomen
659 837 701 863 est
720 841 811 871 neque
841 833 961 862 verbum
988 839 1080 869 neque
1100 831 1171 860 ratio

323 891 415 921 neque
428 883 521 920 opinio
535 889 626 919 neque
640 880 787 918 phantasia
798 892 808 904 ιι
821 890 826 908 :
840 887 906 916 ergo
920 879 995 908 Deus
1006 881 1048 907 est
1058 878 1171 907 omnino

324 929 538 959 innominabilis.

403 978 430 1005 Ξ.
444 976 524 1010 item,
539 973 724 1012 Philosophus
748 974 776 1002 in
800 973 873 1001 libro
890 972 925 1001 de
939 971 1068 1000 Causisss:
1096 983 1107 994 «
1119 970 1173 999 Pri-

324 1032 370 1052 ma
385 1030 470 1052 causa
487 1021 616 1059 superior
639 1023 681 1050 est
701 1019 777 1049 omni
790 1019 950 1048 narratione
968 1030 979 1042 1»
993 1029 1001 1053 3
1022 1017 1072 1046 sed
1095 1017 1171 1054 quod

323 1074 365 1099 est
395 1069 527 1107 superius
556 1067 631 1096 omni
663 1066 822 1095 narratione
853 1068 895 1094 est
922 1064 1124 1098 inenarrabile,
1145 1066 1173 1092 et

323 1124 405 1145 omne
426 1116 480 1145 tale
502 1113 711 1143 innominabile:
734 1121 801 1150 ergo
821 1116 873 1141 etc.

403 1163 428 1191 3.
450 1163 531 1197 ltem,
553 1161 668 1190 ratione
688 1160 845 1189 ostenditur
866 1159 917 1188 sic:
939 1166 1042 1187 nomen
1057 1165 1172 1195 propor-

326 1211 427 1239 tionem
448 1212 475 1238 et
503 1207 715 1237 similitudinem
735 1206 860 1244 aliquam
881 1205 966 1234 habet
993 1204 1028 1233 ad
1050 1204 1173 1233 nomina-

324 1260 398 1291 tum,
418 1259 450 1284 ut
470 1264 527 1284 vox
547 1255 583 1283 ad
605 1253 804 1291 significatun13
825 1252 875 1281 sed
896 1252 971 1281 Deus
985 1254 1027 1281 est
1048 1251 1173 1280 infinitus

324 1302 451 1336 omnino,
466 1310 522 1330 vox
543 1303 637 1329 autem
652 1299 742 1328 omnis
763 1299 855 1327 finita:
878 1306 945 1335 ergo
960 1306 1023 1327 cum
1045 1298 1123 1327 nulla
1137 1298 1173 1326 sit

324 1348 468 1386 proportio
479 1348 502 1382 ³,
517 1347 596 1376 nulla
616 1354 666 1383 per
681 1353 778 1375 vocem
794 1345 847 1374 erit
861 1345 1018 1382 expressio:
1041 1352 1107 1381 ergo
1121 1352 1173 1373 nec

324 1395 485 1424 nominatio.

405 1443 431 1471 [ι.
442 1442 520 1476 Item,
531 1448 613 1469 omne
624 1448 729 1468 nomen
743 1438 896 1476 imponitur
906 1446 923 1466 a
937 1437 1027 1467 forma
1037 1437 1131 1475 aliqua
1146 1437 1155 1450 ¹
1166 1448 1174 1471 3

325 1489 374 1518 sed
396 1488 424 1516 in
445 1488 502 1516 Deo
523 1494 578 1515 non
607 1488 649 1515 est
669 1492 774 1523 ponere
805 1486 911 1513 certam
935 1483 1070 1517 formam;
1098 1483 1188 1512 unde

325 1535 496 1572 Augustinus
510 1533 538 1561 ⁵:
568 1546 578 1557 «
593 1533 684 1567 Deus,
706 1532 753 1570 qui
775 1538 887 1560 omnem
918 1530 1037 1559 formam
1068 1530 1175 1559 subter-

324 1581 409 1618 fugit.
431 1579 582 1609 intellectui
603 1579 720 1616 pervius
740 1585 801 1607 esse
822 1585 878 1606 non
899 1579 989 1614 potest
999 1587 1026 1604 »z
1041 1584 1108 1613 ergo
1122 1579 1173 1605 etc.

1307 600 1332 627 5.
1354 599 1431 633 Item,
1446 606 1528 627 omne
1541 606 1645 627 nomen
1659 598 1795 635 significat
1810 598 1995 627 substantiam
2009 606 2073 627 cum

1227 645 1361 683 qualitate
1373 645 1397 680 ἢ
1411 645 1461 674 sed
1482 645 1510 673 in
1524 645 1582 674 Deo
1599 647 1641 674 est
1655 645 1810 674 substantia
1824 653 1902 674 mera
1916 645 1976 674 sine
1989 653 2075 682 quan-

1227 693 1304 721 titate
1324 695 1352 721 et
1372 691 1519 729 qualitate:
1542 699 1608 729 ergo
1629 699 1684 720 non
1705 691 1838 729 contingit
1863 692 1952 721 Deum
1974 692 2075 729 signifi-

1226 747 1290 768 care
1310 746 1362 776 per
1382 746 1491 768 nomen.

1307 786 1333 813 6.
1354 785 1435 819 Item,
1457 784 1533 821 quod
1554 791 1604 813 nec
1618 784 1626 798 ⁷
1649 792 1700 821 per
1725 792 1892 821 pronomen.
1919 784 2074 824 Pronomen

1227 832 1302 860 enim
1329 839 1384 860 non
1411 831 1496 860 habet
1522 830 1751 868 significationem
1778 830 1992 860 determinatam
2022 832 2075 861 nisi

1227 885 1278 915 per
1304 877 1568 907 demonstrationem
1597 877 1642 906 vel
1669 877 1832 906 relationem
1848 877 1866 905 ⁸.
1902 877 2077 907 Demonstra-

1227 924 1265 953 tio
1284 927 1379 953 autem
1394 924 1425 952 fit
1439 923 1627 953 mediantibus
1647 923 1846 958 accidentibus,
1866 931 1939 961 quae
1959 928 2077 962 possunt

1227 971 1317 1000 oculis
1344 970 1480 1008 conspici3
1509 970 1558 999 sed
1586 970 1654 999 haec
1682 978 1736 999 non
1765 973 1830 999 sunt
1858 971 1885 999 in
1909 971 1980 1000 Deo:
2009 979 2076 1009 ergo

1228 1017 1356 1051 videtur,
1383 1017 1458 1054 quod
1487 1016 1536 1045 Dei
1564 1024 1655 1054 neque
1682 1017 1717 1045 sit
1744 1024 1861 1049 nomen.
1896 1025 1987 1054 neque
2015 1026 2076 1055 pro—

1228 1071 1337 1092 nomen.

1307 1110 1434 1138 Corum:
1460 1111 1483 1138 ¹1.
1507 1109 1535 1138 ln
1557 1108 1702 1138 Psalmo⁹:
1724 1109 1868 1138 Dominus
1889 1117 1993 1138 nomen
2024 1109 2217 1138 illi.runc1am0nta.

1230 1157 1260 1185 Et
1282 1156 1384 1185 iterum
1396 1156 1432 1184 ¹⁰:
1457 1156 1553 1192 Quam
1570 1155 1747 1184 admirabile
1760 1159 1803 1184 est
1814 1164 1919 1184 nomen
1934 1159 2017 1184 tuum
2045 1156 2077 1185 z'n

1228 1203 1370 1231 zmiversct
1392 1206 1489 1231 terra:
1511 1209 1578 1239 ergo
1599 1202 1674 1231 Deus
1695 1202 1779 1231 habet
1800 1210 1910 1231 nomen.

1309 1251 1334 1278 2.
1349 1249 1430 1284 Item,
1444 1248 1593 1285 Dionysius
1606 1249 1671 1278 fecit
1684 1249 1789 1278 librum
1801 1249 1835 1278 de
1850 1249 1951 1278 divinis
1962 1250 2078 1278 nomini-

1230 1297 1297 1325 bus:
1320 1299 1368 1324 aut
1382 1304 1449 1333 ergo
1470 1296 1545 1324 Deus
1563 1298 1607 1325 est
1627 1295 1820 1330 nominabilis,
1842 1299 1891 1325 aut
1904 1296 2020 1325 scientia
2040 1296 2078 1325 ibi

1229 1343 1332 1372 tradita
1353 1342 1465 1371 cassa¹¹
1488 1346 1530 1371 est
1551 1345 1579 1371 et
1599 1342 1714 1371 inutilis.

1309 1389 1335 1418 3.
1356 1389 1436 1424 Item,
1457 1389 1573 1418 ratione
1600 1389 1727 1418 videtur:
1749 1389 1816 1426 quia
1843 1397 1925 1418 omne
1946 1390 2021 1427 quod
2049 1398 2079 1419 se

1230 1436 1364 1473 exprimit
1390 1436 1494 1470 verbo,
1521 1438 1612 1473 potest
1639 1443 1669 1464 se
1696 1436 1857 1473 exprimere
1879 1436 1957 1473 signo
1980 1436 2079 1471 verbi;

1230 1482 1281 1512 sed
1301 1482 1412 1519 signum
1433 1482 1513 1511 verbi
1527 1484 1569 1511 est
1589 1490 1646 1511 vox
1658 1482 1696 1510 ¹²:
1718 1490 1785 1519 ergo
1802 1490 1868 1511 cum
1882 1482 1957 1512 Deus
1978 1490 2007 1512 se
2027 1491 2080 1512 suo

1230 1529 1318 1558 verbo
1338 1529 1494 1566 exprimat,
1516 1531 1607 1566 potest
1625 1529 1747 1566 exprimi
1768 1537 1849 1563 voce;
1870 1529 1920 1558 sed
1937 1529 2013 1567 quod
2034 1537 2080 1567 po-

1231 1579 1285 1605 test
1304 1584 1372 1605 voce
1393 1575 1531 1613 exprimi,
1552 1578 1643 1613 potest
1664 1576 1814 1605 nominari:
1836 1584 1903 1613 ergo
1923 1579 1974 1606 etc.

390 1715 396 1729 ¹
415 1714 470 1742 Cap.
492 1715 508 1736 Ι.
526 1714 586 1736 circa
603 1712 665 1735 med.
683 1712 727 1735 Csr.
745 1717 816 1740 supra
833 1717 887 1739 pag.
905 1710 943 1733 67.
960 1712 1013 1733 nota
1031 1710 1051 1732 6.
1071 1722 1103 1726 -
1119 1710 1177 1732 Ver-

326 1755 355 1777 ba
367 1773 372 1783 ‚
390 1760 450 1783 quae
477 1752 609 1775 immediate
636 1754 689 1780 post
716 1757 744 1773 ex
771 1750 880 1778 Dionysio
908 1750 1049 1777 allegantur,
1074 1749 1176 1777 reperies

326 1794 367 1816 loc.
396 1794 444 1821 cit„
472 1798 499 1814 ac
523 1792 587 1819 juxta
609 1790 780 1813 translationem
806 1790 867 1812 Scoti
883 1789 994 1817 Erigenae
1019 1788 1052 1810 sic
1068 1787 1177 1810 exhiben-

327 1835 379 1855 tur:
396 1831 423 1853 Et
438 1836 514 1859 neque
531 1835 612 1852 sensus
629 1830 679 1851 eius
696 1831 741 1857 est,
760 1834 836 1857 neque
852 1827 985 1856 phantasia,
1002 1832 1078 1856 neque
1090 1827 1175 1855 opinio,

326 1876 402 1899 neque
419 1875 514 1897 nomen,
532 1874 606 1897 neque
622 1867 736 1895 verbum,
753 1872 830 1895 neque
847 1867 933 1893 tactus,
951 1871 1027 1894 neque
1043 1865 1143 1887 scicntia.

389 1909 398 1923 ²
416 1909 483 1936 Prop.
501 1908 522 1929 6.

388 1947 398 1962 ³
415 1947 502 1974 Nempe
518 1947 577 1968 inter
593 1951 675 1968 vocem
693 1948 716 1968 et
731 1945 813 1967 Deum.
832 1944 881 1966 Vat.
903 1944 1032 1971 incongrue
1054 1945 1077 1965 et
1098 1945 1176 1965 contra

327 1988 468 2015 antiquiores
485 1985 552 2008 codd.
570 1988 592 2008 et
608 1984 645 2007 ed.
666 1985 671 2006 1
692 1984 755 2006 addit
771 1982 833 2013 finiti
842 1982 874 2006 ad
885 1982 1012 2012 infinitum.
1023 1994 1055 1999 ——
1065 1982 1097 2004 De
1107 1982 1177 2004 maio-

327 2027 346 2048 ri
363 2026 432 2047 huius
449 2024 579 2052 argumenti
596 2023 650 2045 vide
672 2023 792 2045 Boethium
815 2023 838 2044 iu
859 2022 934 2049 prima
959 2023 981 2043 et
1005 2020 1106 2043 secunda
1131 2020 1177 2042 edi-

328 2065 388 2087 tione
405 2069 476 2091 super
493 2063 507 2085 l.
526 2062 651 2084 Periherm.
670 2067 689 2083 c.
706 2061 714 2082 4
729 2079 734 2089 ,
751 2060 791 2083 ubi
813 2061 872 2082 inter
888 2060 930 2082 alia
948 2059 1017 2082 dicit:
1035 2058 1114 2081 Omnis
1131 2065 1176 2081 vox

318 2104 397 2126 ‘animi
415 2108 481 2125 sensa
504 2101 631 2129 significat,
650 2106 721 2129 quare
738 2106 765 2122 ex
791 2100 860 2122 animi
886 2098 1037 2121 intellectibus
1061 2097 1177 2127 quidquid

328 2142 431 2165 evenerit
446 2140 545 2163 vocibus
562 2140 682 2162 indicatur.
700 2140 760 2167 Ergo
778 2144 839 2161 nunc
860 2139 904 2160 hoc
921 2138 975 2160 dicit
992 2137 1139 2166 (Aristoteles
1151 2136 1176 2166 ):

329 2180 458 2203 Similitudo
477 2182 522 2207 est,
545 2179 631 2207 inquit,
656 2175 771 2207 quaedam
797 2178 855 2200 inter
879 2183 904 2199 se
928 2176 1084 2199 intellectuum
1108 2177 1177 2204 atque

328 2226 432 2248 vocum;
450 2218 650 2248 quemadmodum
669 2218 731 2240 enim
747 2220 801 2239 sunt
825 2216 940 2246 quaedam
965 2215 1092 2244 simplicia,
1117 2221 1177 2244 quae

329 2260 416 2282 ratione
433 2259 503 2280 animi
520 2257 680 2285 concipiuntur
698 2259 721 2279 et
737 2257 906 2279 constituuntur
922 2255 1069 2282 intelligentia
1086 2254 1175 2282 mentis,

329 2300 350 2320 in
369 2297 454 2327 quibus
472 2302 548 2326 neque
565 2296 650 2318 veritas
666 2295 711 2317 ulla
729 2301 806 2324 neque
824 2294 909 2317 salsitas
926 2294 1057 2321 invenitur,
1075 2294 1105 2316 ita
1122 2299 1177 2322 quo·

329 2342 374 2365 que
391 2336 413 2358 in
429 2335 529 2357 vocibus
545 2337 586 2357 est.

392 2374 401 2388 ⁴
417 2374 503 2396 Alanus
519 2373 549 2396 ab
565 2372 658 2401 lnsulis,
677 2372 788 2400 Theolog.
806 2371 912 2399 regulae,
930 2376 979 2398 reg.
1005 2370 1038 2392 17.
1056 2370 1101 2393 ait:
1118 2369 1178 2392 Cum

330 2419 398 2436 omne
415 2419 499 2435 nomen
517 2411 646 2434 secundum
663 2412 762 2439 primam
781 2410 946 2433 institutionem
963 2409 1043 2431 datum
1060 2410 1111 2431 sita
1123 2415 1178 2437 pro-

329 2454 424 2481 prietate
441 2453 491 2474 sive
507 2458 520 2473 a
538 2451 623 2479 torma,
641 2450 704 2473 unde
724 2450 833 2472 Boethius
857 2450 901 2471 ait:
927 2448 1006 2471 Rebus
1031 2455 1058 2471 ex
1082 2449 1177 2470 materia

329 2492 450 2520 formaque
467 2490 624 2513 constantibus
640 2489 703 2512 solus
720 2490 837 2511 humanus
849 2489 940 2510 animus
957 2488 1047 2515 exstitit,
1057 2488 1097 2516 qui
1109 2489 1178 2515 prout

329 2530 414 2558 voluit,
431 2530 524 2552 nomina
541 2528 611 2551 rebus
627 2529 744 2556 impressit
760 2530 803 2550 etc.

392 2568 402 2583 ⁵
419 2567 464 2591 Csr.
481 2568 555 2590 Serm.
582 2566 634 2589 ·1·17,
652 2566 681 2588 de
697 2565 777 2588 verbis
794 2565 881 2593 Evang.
898 2565 958 2587 loan.
981 2565 985 2586 Ι
999 2569 1005 2586 ;
1024 2564 1046 2586 ln
1064 2564 1177 2592 principio

330 2610 379 2630 erat
396 2607 500 2630 Verbum
517 2609 572 2634 οἱα,
590 2611 609 2627 e.
628 2606 649 2627 2.
667 2611 688 2627 n.
708 2605 736 2627 3:
754 2603 899 2626 lneffabiliter
915 2605 991 2632 potest
1006 2603 1113 2632 intelligi,
1131 2609 1177 2625 non

330 2646 409 2669 verbis
424 2646 524 2668 hominis
541 2645 572 2673 fit,
588 2647 614 2667 ut
629 2644 773 2672 intelligatur.
786 2643 891 2665 Verbum
902 2643 943 2665 Dei
955 2645 1079 2669 tractamus
1090 2645 1113 2665 et
1124 2642 1178 2665 dici-

331 2691 391 2713 mus,
402 2691 475 2714 quare
491 2690 536 2706 non
548 2684 693 2711 intelligatur.
710 2683 759 2705 Non
777 2688 838 2705 nunc
853 2682 964 2710 dicimus,
982 2685 1007 2704 ut
1027 2681 1177 2710 intelligatur,

331 2724 373 2746 sed
389 2723 488 2746 dicimus
499 2722 555 2752 quid
567 2721 689 2750 impediat,
701 2727 730 2743 ne
741 2721 887 2749 intelligatur.
899 2721 937 2743 Est
948 2722 1010 2743 enim
1021 2721 1095 2743 forma
1107 2727 1179 2749 quae-

333 2762 398 2789 dam,
408 2761 481 2783 forma
493 2767 538 2783 non
550 2761 646 2783 formata
655 2778 660 2788 ,
672 2759 714 2782 sed
726 2760 799 2782 forma
811 2760 916 2781 omnium
928 2760 1091 2787 formatorum3
1104 2759 1177 2781 torma

332 2799 536 2828 incommutabilis,
553 2799 603 2821 sine
618 2799 697 2827 lapsu,
720 2799 769 2820 sine
794 2797 896 2825 defectu,
919 2798 968 2820 sine
989 2800 1105 2825 tempore,
1128 2797 1177 2819 sine

332 2840 395 2867 loco,
412 2844 524 2866 superans
542 2838 631 2866 omnia,
649 2837 747 2860 existens
759 2836 867 2861 omnibus
879 2838 901 2859 ct
912 2836 1088 2859 tundamentum
1106 2835 1177 2864 quod-

1232 1709 1287 1731 dam
1304 1710 1325 1731 in
1343 1715 1390 1738 quo
1407 1709 1462 1737 sint⁷
1481 1711 1503 1730 et
1519 1708 1636 1736 fastigium
1654 1707 1698 1730 sub
1723 1713 1770 1736 quo
1787 1708 1854 1730 sint...
1871 1708 1990 1737 Dicimus,
2009 1715 2080 1738 quam

1232 1747 1464 1776 incomprehensibile
1482 1748 1510 1769 sit
1526 1746 1590 1776 quod
1607 1747 1692 1769 lectum
1710 1748 1758 1774 est;
1776 1748 1852 1768 tamen
1870 1747 1954 1769 lectum
1970 1748 2017 1775 est,
2035 1753 2080 1770 non

1231 1789 1256 1809 ut
1280 1785 1515 1815 comprehenderetur
1540 1785 1570 1808 ab
1593 1786 1699 1814 homine,
1717 1785 1758 1808 sed
1776 1787 1801 1807 ut
1817 1784 1905 1808 doleret
1922 1786 2007 1812 homo,
2026 1787 2079 1815 quia

1232 1831 1278 1848 non
1295 1824 1492 1853 comprehendit...
1509 1825 1570 1853 Ergo
1587 1827 1621 1847 est
1638 1825 1711 1847 forma
1728 1825 1832 1847 omnium
1850 1830 1941 1852 rerum,
1958 1824 2032 1847 forma
2049 1825 2081 1847 in-

1231 1864 1352 1892 fabricata,
1370 1865 1419 1886 sine
1436 1866 1553 1892 tempore,
1571 1867 1596 1886 ut
1614 1863 1725 1891 diximus,
1751 1865 1773 1885 et
1797 1863 1846 1885 sine
1871 1863 1950 1891 spatiis
1966 1863 2079 1886 locorum.

1232 1903 1352 1932 Quidquid
1367 1904 1429 1925 enim
1446 1903 1496 1926 loco
1520 1903 1621 1932 capitur,
1648 1902 1851 1925 circumscribitur.
1877 1902 1960 1925 Forma
1985 1904 2081 1925 circum-

1231 1941 1338 1964 scribitur
1355 1941 1453 1969 finibus,
1472 1941 1542 1964 habet
1558 1943 1647 1969 metas,
1665 1941 1727 1963 unde
1750 1943 1771 1963 et
1796 1947 1919 1970 quousque
1941 1942 1976 1963 sit.
1993 1941 2081 1964 Deinde

1232 1981 1296 2010 quod
1313 1982 1362 2003 loco
1379 1982 1468 2009 capitur
1484 1984 1507 2003 et
1523 1981 1583 2003 mole
1601 1980 1701 2009 quadam
1719 1983 1741 2002 et
1757 1981 1831 2008 spatio
1843 1980 1991 2008 distenditur,
2004 1981 2081 2003 minus

1232 2022 1266 2042 est
1282 2020 1304 2041 in
1322 2022 1398 2048 parte,
1417 2026 1487 2048 quam
1505 2020 1527 2041 in
1545 2022 1599 2042 toto.
1617 2019 1692 2042 Faciat
1708 2019 1783 2047 Deus,
1802 2021 1826 2041 ut
1842 2019 1977 2047 intelligatis.

1294 2058 1304 2073 ὃ
1322 2059 1443 2087 Priscian.⁷
1461 2059 1484 2080 ΙΙ.
1503 2059 1628 2080 Grammat.
1640 2064 1659 2080 c.
1673 2058 1693 2080 5.
1706 2059 1737 2081 ait
1748 2058 1777 2080 de
1789 2059 1896 2081 nomine:
1909 2058 2001 2082 Nomen
2012 2058 2082 2088 quas-12

1231 2098 1355 2126 notamen,
1375 2097 1439 2126 quod
1456 2098 1499 2119 hoc
1516 2098 1609 2119 nomine
1621 2099 1728 2119 notamus
1739 2097 1923 2126 uniuscuiusque
1940 2097 2081 2120 substantiae

1232 2136 1371 2165 qualitatem.
1389 2136 1455 2158 Plura
1473 2136 1502 2158 de
1518 2136 1562 2158 hoc
1579 2135 1633 2158 vide
1650 2135 1714 2164 apud
1731 2136 1840 2163 Scotum,
1858 2135 1984 2158 Grammat.
2001 2141 2081 2164 specu-

1231 2175 1301 2197 lativa
1317 2182 1337 2197 c.
1354 2175 1376 2197 8.
1392 2186 1424 2191 —
1440 2175 1489 2197 Mox
1507 2175 1529 2196 in
1546 2174 1597 2197 cod.
1615 2174 1631 2196 Z
1648 2175 1760 2197 omittitur
1785 2173 1916 2204 quantitate
1940 2175 1967 2197 et.
1994 2174 2017 2196 ln
2035 2174 2080 2197 tine

1232 2214 1361 2242 argumenti
1378 2220 1405 2236 ex
1422 2219 1477 2236 mss.
1495 2217 1515 2245 et
1537 2213 1574 2235 ed.
1601 2214 1610 2235 Ἰ
1639 2213 1800 2236 substituimus
1825 2212 1961 2243 significare
1985 2219 2028 2242 pro
2050 2213 2082 2236 si-

1231 2252 1349 2283 qnificari.

1294 2291 1305 2307 ⁷
1322 2292 1423 2320 Supple:
1441 2292 1551 2319 contingit
1567 2291 1641 2313 Deum
1658 2291 1800 2319 significare,
1819 2291 1855 2313 vel
1873 2292 1941 2314 etiam
1959 2297 2011 2314 cum
2030 2292 2080 2314 Vat.

1233 2331 1296 2354 Deus
1312 2330 1342 2353 sit
1358 2329 1522 2358 nominabilis,
1542 2330 1606 2359 quod
1622 2332 1698 2352 tamen
1715 2330 1780 2353 deest
1796 2330 1818 2352 in
1836 2336 1890 2352 mss.
1908 2332 1931 2352 et
1946 2330 1983 2353 ed.
2005 2331 2022 2352 1.

1295 2369 1306 2384 8
1322 2370 1451 2397 Respicitur
1469 2369 1552 2391 divisio
1569 2369 1745 2397 pronominum,
1763 2369 1811 2391 scil.
1827 2369 1850 2391 in
1862 2368 2048 2392 demonstrativa
2059 2372 2081 2391 et

1232 2407 1333 2430 relativa
1341 2416 1351 2436 ,·
1368 2413 1428 2436 quae
1444 2408 1505 2429 iuxta
1522 2407 1676 2435 Priscianum,
1702 2407 1748 2429 Xll.
1774 2408 1899 2429 Grammat.
1926 2414 1945 2429 e.
1964 2407 1989 2436 1,
2007 2408 2030 2429 in
2053 2413 2080 2429 eo

1233 2445 1354 2474 differunt,
1371 2445 1436 2474 quod
1452 2445 1616 2468 demonstratio
1633 2446 1804 2473 interrogationi
1822 2445 1910 2468 reddita
1929 2446 2028 2474 primam
2045 2451 2081 2468 co-

1233 2485 1359 2513 gnitionem
1376 2484 1480 2507 ostendit.
1499 2484 1555 2512 Quis
1572 2484 1642 2507 fecit?
1660 2490 1711 2512 ego.
1729 2484 1816 2507 Relatio
1833 2490 1890 2507 vero
1901 2484 2027 2507 secundam
2045 2490 2081 2507 co-

1233 2524 1360 2551 gnitionem
1376 2523 1503 2551 significat,
1521 2525 1546 2545 ut
1562 2524 1594 2551 is,
1613 2523 1641 2545 de
1658 2529 1704 2551 quo
1716 2523 1761 2545 iam
1773 2522 1827 2545 dixi.
1840 2522 1884 2545 Cfr.
1897 2523 1990 2549 Scotus,
2003 2522 2081 2544 Gram-

1233 2565 1287 2586 mat.
1304 2563 1446 2591 speculativa
1463 2569 1481 2585 c.
1500 2563 1537 2585 22.

1295 2601 1305 2615 ⁹
1322 2601 1363 2630 67,
1382 2601 1402 2623 5.

1296 2640 1316 2655 ¹⁰
1332 2641 1414 2663 Psalm.
1433 2641 1459 2668 8,
1478 2640 1498 2663 2.

1296 2679 1315 2693 ¹¹
1333 2678 1388 2702 Cod.
1405 2679 1452 2701 KV
1469 2678 1601 2708 superflua.

1297 2718 1316 2733 ¹²
1333 2719 1435 2746 Aristot,
1453 2718 1467 2740 l.
1487 2718 1609 2740 Periherm.
1628 2724 1646 2740 c.
1669 2719 1690 2740 1:
1709 2719 1766 2740 Sunt
1782 2724 1838 2746 ergo
1864 2724 1888 2740 ea
1912 2724 1972 2747 quae
1988 2721 2041 2740 sunt
2058 2719 2080 2740 in

1233 2763 1302 2786 voce,
1319 2763 1399 2779 earum
1422 2763 1482 2785 quae
1506 2760 1560 2780 sunt
1576 2757 1598 2779 in
1616 2758 1691 2779 anima
1706 2757 1857 2785 passionum,
1884 2759 1957 2779 notae.
1982 2768 2014 2773 —
2030 2756 2080 2779 Mox

1234 2799 1287 2824 post
1306 2795 1367 2818 Deus
1378 2795 1428 2818 vat.
1441 2798 1519 2818 contra
1532 2796 1672 2823 antiquiores
1683 2801 1738 2818 mss.
1751 2798 1773 2818 et
1784 2795 1820 2817 ed.
1835 2796 1843 2817 rt
1859 2796 1940 2817 omittit
1951 2801 1982 2823 se,
1997 2794 2080 2817 deinde

1234 2835 1297 2862 ponit
1314 2834 1467 2864 exprimatur
1485 2834 1534 2856 loco
1551 2833 1681 2863 exprimat.
