<?xml version="1.0" encoding="UTF-8"?>
<!DOCTYPE html PUBLIC "-//W3C//DTD XHTML 1.0 Transitional//EN"
    "http://www.w3.org/TR/xhtml1/DTD/xhtml1-transitional.dtd">
<html xmlns="http://www.w3.org/1999/xhtml" xml:lang="en" lang="en">
 <head>
  <title>
</title>
<meta http-equiv="Content-Type" content="text/html;charset=utf-8" />
  <meta name='ocr-system' content='tesseract 3.04.00' />
  <meta name='ocr-capabilities' content='ocr_page ocr_carea ocr_par ocr_line ocrx_word'/>
</head>
<body>
  <div class='ocr_page' id='page_1' title='image "./doctorisseraphic11bona/doctorisseraphic11bona_0026.png"; bbox 0 0 2253 3317; ppageno 0'>
   <div class='ocr_carea' id='block_1_1' title="bbox 300 135 1364 185">
    <p class='ocr_par' dir='ltr' id='par_1_1' title="bbox 300 135 1364 185">
     <span class='ocr_line' id='line_1_1' title="bbox 300 135 1364 185; baseline 0.008 -23"><span class='ocrx_word' id='word_1_1' title='bbox 300 135 342 163; x_wconf 74' lang='grc' dir='ltr'>ΧΠ</span> <span class='ocrx_word' id='word_1_2' title='bbox 702 183 704 185; x_wconf 26' lang='grc' dir='ltr'>Ι</span> <span class='ocrx_word' id='word_1_3' title='bbox 976 140 1156 169; x_wconf 61' lang='grc' dir='ltr'><strong>Ι)ΒᾹΙ&lt;ΣΙ’“ᾹἹῚ1)</strong></span> <span class='ocrx_word' id='word_1_4' title='bbox 1177 141 1364 170; x_wconf 66' lang='lat' dir='ltr'><strong>GENERALIS.</strong></span> 
     </span>
    </p>
   </div>
   <div class='ocr_carea' id='block_1_2' title="bbox 282 211 2044 2445">
    <p class='ocr_par' dir='ltr' id='par_1_2' title="bbox 291 211 2044 1492">
     <span class='ocr_line' id='line_1_2' title="bbox 298 211 2044 269; baseline 0.009 -24"><span class='ocrx_word' id='word_1_5' title='bbox 298 211 405 245; x_wconf 83' lang='lat' dir='ltr'>libris</span> <span class='ocrx_word' id='word_1_6' title='bbox 430 212 687 248; x_wconf 66' lang='lat' dir='ltr'>describendis</span> <span class='ocrx_word' id='word_1_7' title='bbox 712 214 912 251; x_wconf 70' lang='lat' dir='ltr'>iaciebant.</span> <span class='ocrx_word' id='word_1_8' title='bbox 932 216 1104 263; x_wconf 86' lang='lat' dir='ltr'>Linguae</span> <span class='ocrx_word' id='word_1_9' title='bbox 1129 218 1268 253; x_wconf 84' lang='lat' dir='ltr'>latinae</span> <span class='ocrx_word' id='word_1_10' title='bbox 1293 219 1353 253; x_wconf 82' lang='lat' dir='ltr'>vel</span> <span class='ocrx_word' id='word_1_11' title='bbox 1378 221 1532 256; x_wconf 85' lang='lat' dir='ltr'>omnino</span> <span class='ocrx_word' id='word_1_12' title='bbox 1557 222 1738 269; x_wconf 88' lang='lat' dir='ltr'>imperiti,</span> <span class='ocrx_word' id='word_1_13' title='bbox 1766 224 1825 258; x_wconf 84' lang='lat' dir='ltr'>vel</span> <span class='ocrx_word' id='word_1_14' title='bbox 1850 238 1927 259; x_wconf 92' lang='lat' dir='ltr'>non</span> <span class='ocrx_word' id='word_1_15' title='bbox 1954 225 2044 259; x_wconf 86' lang='lat' dir='ltr'>satis</span> 
     </span>
     <span class='ocr_line' id='line_1_3' title="bbox 297 270 2044 325; baseline 0.008 -21"><span class='ocrx_word' id='word_1_16' title='bbox 297 270 429 316; x_wconf 86' lang='lat' dir='ltr'>periti,</span> <span class='ocrx_word' id='word_1_17' title='bbox 464 272 588 306; x_wconf 84' lang='lat' dir='ltr'>solent</span> <span class='ocrx_word' id='word_1_18' title='bbox 620 273 659 306; x_wconf 93' lang='lat' dir='ltr'>hi</span> <span class='ocrx_word' id='word_1_19' title='bbox 691 286 804 319; x_wconf 89' lang='lat' dir='ltr'>quam</span> <span class='ocrx_word' id='word_1_20' title='bbox 835 274 1020 321; x_wconf 87' lang='lat' dir='ltr'>plurimos</span> <span class='ocrx_word' id='word_1_21' title='bbox 1057 277 1254 311; x_wconf 84' lang='lat' dir='ltr'>admittere</span> <span class='ocrx_word' id='word_1_22' title='bbox 1287 291 1441 325; x_wconf 84' lang='lat' dir='ltr'>errores,</span> <span class='ocrx_word' id='word_1_23' title='bbox 1476 280 1541 325; x_wconf 92' lang='lat' dir='ltr'>qui</span> <span class='ocrx_word' id='word_1_24' title='bbox 1574 280 1736 316; x_wconf 74' lang='lat' dir='ltr'>claritati</span> <span class='ocrx_word' id='word_1_25' title='bbox 1763 282 1942 318; x_wconf 89' lang='lat' dir='ltr'>dictionis</span> <span class='ocrx_word' id='word_1_26' title='bbox 1968 283 2044 318; x_wconf 85' lang='lat' dir='ltr'>offi-</span> 
     </span>
     <span class='ocr_line' id='line_1_4' title="bbox 296 329 2043 387; baseline 0.008 -25"><span class='ocrx_word' id='word_1_27' title='bbox 296 329 417 371; x_wconf 81' lang='lat' dir='ltr'>ciunt,</span> <span class='ocrx_word' id='word_1_28' title='bbox 445 343 520 364; x_wconf 86' lang='lat' dir='ltr'>non</span> <span class='ocrx_word' id='word_1_29' title='bbox 547 344 628 365; x_wconf 86' lang='lat' dir='ltr'>raro</span> <span class='ocrx_word' id='word_1_30' title='bbox 654 344 806 367; x_wconf 87' lang='lat' dir='ltr'>sensum</span> <span class='ocrx_word' id='word_1_31' title='bbox 832 338 982 368; x_wconf 85' lang='lat' dir='ltr'>mutant</span> <span class='ocrx_word' id='word_1_32' title='bbox 1000 335 1061 369; x_wconf 77' lang='lat' dir='ltr'>vel</span> <span class='ocrx_word' id='word_1_33' title='bbox 1080 335 1213 370; x_wconf 88' lang='lat' dir='ltr'>saltem</span> <span class='ocrx_word' id='word_1_34' title='bbox 1240 336 1467 372; x_wconf 73' lang='lat' dir='ltr'>latinitatem</span> <span class='ocrx_word' id='word_1_35' title='bbox 1492 338 1541 372; x_wconf 89' lang='lat' dir='ltr'>ab</span> <span class='ocrx_word' id='word_1_36' title='bbox 1566 344 1716 374; x_wconf 86' lang='lat' dir='ltr'>auctore</span> <span class='ocrx_word' id='word_1_37' title='bbox 1735 353 1811 375; x_wconf 89' lang='lat' dir='ltr'>non</span> <span class='ocrx_word' id='word_1_38' title='bbox 1829 342 2043 387; x_wconf 88' lang='lat' dir='ltr'>neglectam</span> 
     </span>
     <span class='ocr_line' id='line_1_5' title="bbox 297 387 2042 444; baseline 0.008 -23"><span class='ocrx_word' id='word_1_39' title='bbox 297 387 543 435; x_wconf 78' lang='lat' dir='ltr'>soloecismis,</span> <span class='ocrx_word' id='word_1_40' title='bbox 586 390 786 425; x_wconf 71' lang='lat' dir='ltr'>verborum</span> <span class='ocrx_word' id='word_1_41' title='bbox 824 394 1184 439; x_wconf 86' lang='lat' dir='ltr'>transpositionibus</span> <span class='ocrx_word' id='word_1_42' title='bbox 1223 395 1283 429; x_wconf 75' lang='lat' dir='ltr'>vel</span> <span class='ocrx_word' id='word_1_43' title='bbox 1316 396 1583 431; x_wconf 88' lang='lat' dir='ltr'>omissionibus</span> <span class='ocrx_word' id='word_1_44' title='bbox 1614 398 1804 444; x_wconf 85' lang='lat' dir='ltr'>quandam</span> <span class='ocrx_word' id='word_1_45' title='bbox 1831 399 2042 435; x_wconf 89' lang='lat' dir='ltr'>barbariem</span> 
     </span>
     <span class='ocr_line' id='line_1_6' title="bbox 297 446 2042 505; baseline 0.007 -25"><span class='ocrx_word' id='word_1_46' title='bbox 297 446 394 480; x_wconf 84' lang='lat' dir='ltr'>olere</span> <span class='ocrx_word' id='word_1_47' title='bbox 428 446 584 483; x_wconf 77' lang='lat' dir='ltr'>faciunt.</span> <span class='ocrx_word' id='word_1_48' title='bbox 618 449 737 484; x_wconf 77' lang='lat' dir='ltr'>Vetus</span> <span class='ocrx_word' id='word_1_49' title='bbox 763 455 819 485; x_wconf 86' lang='lat' dir='ltr'>est</span> <span class='ocrx_word' id='word_1_50' title='bbox 844 451 1041 493; x_wconf 86' lang='lat' dir='ltr'>doctorum</span> <span class='ocrx_word' id='word_1_51' title='bbox 1074 453 1239 488; x_wconf 86' lang='lat' dir='ltr'>virorum</span> <span class='ocrx_word' id='word_1_52' title='bbox 1278 455 1429 501; x_wconf 87' lang='lat' dir='ltr'>querela</span> <span class='ocrx_word' id='word_1_53' title='bbox 1457 455 1503 489; x_wconf 86' lang='lat' dir='ltr'>dc</span> <span class='ocrx_word' id='word_1_54' title='bbox 1529 455 1637 491; x_wconf 90' lang='lat' dir='ltr'>libris</span> <span class='ocrx_word' id='word_1_55' title='bbox 1676 457 1854 492; x_wconf 75' lang='lat' dir='ltr'>mendose</span> <span class='ocrx_word' id='word_1_56' title='bbox 1881 459 2042 505; x_wconf 89' lang='lat' dir='ltr'>scriptis.</span> 
     </span>
     <span class='ocr_line' id='line_1_7' title="bbox 298 504 2044 563; baseline 0.006 -23"><span class='ocrx_word' id='word_1_57' title='bbox 298 504 350 540; x_wconf 79' lang='lat' dir='ltr'>Ut</span> <span class='ocrx_word' id='word_1_58' title='bbox 376 506 421 540; x_wconf 91' lang='lat' dir='ltr'>de</span> <span class='ocrx_word' id='word_1_59' title='bbox 448 506 625 542; x_wconf 84' lang='lat' dir='ltr'>Cicerone</span> <span class='ocrx_word' id='word_1_60' title='bbox 651 513 859 556; x_wconf 85' lang='lat' dir='ltr'>taceamus,</span> <span class='ocrx_word' id='word_1_61' title='bbox 887 510 1039 546; x_wconf 57' lang='lat' dir='ltr'>Iomanes</span> <span class='ocrx_word' id='word_1_62' title='bbox 1066 511 1220 547; x_wconf 56' lang='lat' dir='ltr'>Gersovst</span> <span class='ocrx_word' id='word_1_63' title='bbox 1249 514 1302 547; x_wconf 88' lang='lat' dir='ltr'>sic</span> <span class='ocrx_word' id='word_1_64' title='bbox 1329 513 1498 560; x_wconf 90' lang='lat' dir='ltr'>loquitur</span> <span class='ocrx_word' id='word_1_65' title='bbox 1515 515 1560 549; x_wconf 87' lang='lat' dir='ltr'>de</span> <span class='ocrx_word' id='word_1_66' title='bbox 1579 516 1765 562; x_wconf 78' lang='lat' dir='ltr'>corruptis</span> <span class='ocrx_word' id='word_1_67' title='bbox 1788 528 1855 562; x_wconf 86' lang='lat' dir='ltr'>per</span> <span class='ocrx_word' id='word_1_68' title='bbox 1882 517 2044 563; x_wconf 73' lang='lat' dir='ltr'>ineptias</span> 
     </span>
     <span class='ocr_line' id='line_1_8' title="bbox 296 563 2043 620; baseline 0.007 -22"><span class='ocrx_word' id='word_1_69' title='bbox 296 563 534 600; x_wconf 77' lang='lat' dir='ltr'>librariorum</span> <span class='ocrx_word' id='word_1_70' title='bbox 560 566 683 613; x_wconf 87' lang='lat' dir='ltr'>libris,</span> <span class='ocrx_word' id='word_1_71' title='bbox 719 583 732 599; x_wconf 72' lang='grc'>(1</span> <span class='ocrx_word' id='word_1_72' title='bbox 748 569 880 615; x_wconf 82' lang='lat' dir='ltr'>quales</span> <span class='ocrx_word' id='word_1_73' title='bbox 906 570 1065 615; x_wconf 88' lang='lat' dir='ltr'>protulit</span> <span class='ocrx_word' id='word_1_74' title='bbox 1091 576 1192 618; x_wconf 85' lang='lat' dir='ltr'>aetas</span> <span class='ocrx_word' id='word_1_75' title='bbox 1210 576 1337 606; x_wconf 86' lang='lat' dir='ltr'>nostra</span> <span class='ocrx_word' id='word_1_76' title='bbox 1354 573 1553 620; x_wconf 89' lang='lat' dir='ltr'>plurimos,</span> <span class='ocrx_word' id='word_1_77' title='bbox 1580 586 1740 620; x_wconf 88' lang='lat' dir='ltr'>quorum</span> <span class='ocrx_word' id='word_1_78' title='bbox 1767 575 1947 610; x_wconf 87' lang='lat' dir='ltr'>mendosa</span> <span class='ocrx_word' id='word_1_79' title='bbox 1964 575 2043 610; x_wconf 85' lang='lat' dir='ltr'>fue-</span> 
     </span>
     <span class='ocr_line' id='line_1_9' title="bbox 295 625 2042 678; baseline 0.007 -21"><span class='ocrx_word' id='word_1_80' title='bbox 295 628 383 658; x_wconf 88' lang='lat' dir='ltr'>runt</span> <span class='ocrx_word' id='word_1_81' title='bbox 408 625 501 659; x_wconf 77' lang='grc'><strong>111100</strong></span> <span class='ocrx_word' id='word_1_82' title='bbox 528 625 737 673; x_wconf 73' lang='lat' dir='ltr'>volumina,</span> <span class='ocrx_word' id='word_1_83' title='bbox 766 632 807 662; x_wconf 89' lang='lat' dir='ltr'>ut</span> <span class='ocrx_word' id='word_1_84' title='bbox 834 628 1045 664; x_wconf 86' lang='lat' dir='ltr'>consultius</span> <span class='ocrx_word' id='word_1_85' title='bbox 1070 629 1205 665; x_wconf 86' lang='lat' dir='ltr'>fuisset</span> <span class='ocrx_word' id='word_1_86' title='bbox 1240 631 1347 665; x_wconf 88' lang='lat' dir='ltr'>nulla</span> <span class='ocrx_word' id='word_1_87' title='bbox 1381 644 1495 678; x_wconf 79' lang='lat' dir='ltr'>quain</span> <span class='ocrx_word' id='word_1_88' title='bbox 1522 632 1613 667; x_wconf 86' lang='lat' dir='ltr'>talia</span> <span class='ocrx_word' id='word_1_89' title='bbox 1646 634 1891 669; x_wconf 88' lang='lat' dir='ltr'>ministrare...</span> <span class='ocrx_word' id='word_1_90' title='bbox 1932 633 2042 669; x_wconf 85' lang='lat' dir='ltr'>Hanc</span> 
     </span>
     <span class='ocr_line' id='line_1_10' title="bbox 294 684 2042 731; baseline 0.006 -14"><span class='ocrx_word' id='word_1_91' title='bbox 294 684 495 718; x_wconf 84' lang='lat' dir='ltr'>aestimant</span> <span class='ocrx_word' id='word_1_92' title='bbox 520 684 639 731; x_wconf 82' lang='lat' dir='ltr'>aliqui</span> <span class='ocrx_word' id='word_1_93' title='bbox 666 698 741 720; x_wconf 89' lang='lat' dir='ltr'>non</span> <span class='ocrx_word' id='word_1_94' title='bbox 768 687 966 722; x_wconf 85' lang='lat' dir='ltr'>minimam</span> <span class='ocrx_word' id='word_1_95' title='bbox 992 689 1175 723; x_wconf 86' lang='lat' dir='ltr'>iacturam</span> <span class='ocrx_word' id='word_1_96' title='bbox 1201 689 1378 725; x_wconf 74' lang='lat' dir='ltr'>tribuisse</span> <span class='ocrx_word' id='word_1_97' title='bbox 1404 691 1540 726; x_wconf 84' lang='lat' dir='ltr'>studiis</span> <span class='ocrx_word' id='word_1_98' title='bbox 1565 704 1608 726; x_wconf 90' lang='lat' dir='ltr'>ac</span> <span class='ocrx_word' id='word_1_99' title='bbox 1640 692 1952 727; x_wconf 77' lang='lat' dir='ltr'>universitatibus</span> <span class='ocrx_word' id='word_1_100' title='bbox 1977 706 2042 728; x_wconf 88' lang='lat' dir='ltr'>no-</span> 
     </span>
     <span class='ocr_line' id='line_1_11' title="bbox 294 745 2041 798; baseline 0.005 -21"><span class='ocrx_word' id='word_1_101' title='bbox 294 747 389 777; x_wconf 84' lang='lat' dir='ltr'>strae</span> <span class='ocrx_word' id='word_1_102' title='bbox 417 746 668 791; x_wconf 75' lang='lat' dir='ltr'>tempestatis,</span> <span class='ocrx_word' id='word_1_103' title='bbox 697 745 787 780; x_wconf 89' lang='lat' dir='ltr'>dum</span> <span class='ocrx_word' id='word_1_104' title='bbox 815 746 979 792; x_wconf 86' lang='lat' dir='ltr'>quilibet</span> <span class='ocrx_word' id='word_1_105' title='bbox 1003 747 1275 783; x_wconf 77' lang='lat' dir='ltr'>admittebatur</span> <span class='ocrx_word' id='word_1_106' title='bbox 1297 749 1344 783; x_wconf 87' lang='lat' dir='ltr'>ad</span> <span class='ocrx_word' id='word_1_107' title='bbox 1370 749 1613 784; x_wconf 88' lang='lat' dir='ltr'>scribendum</span> <span class='ocrx_word' id='word_1_108' title='bbox 1639 763 1715 785; x_wconf 89' lang='lat' dir='ltr'>non</span> <span class='ocrx_word' id='word_1_109' title='bbox 1742 751 1938 798; x_wconf 88' lang='lat' dir='ltr'>probatus,</span> <span class='ocrx_word' id='word_1_110' title='bbox 1965 764 2041 786; x_wconf 88' lang='grc'><strong>11011</strong></span> 
     </span>
     <span class='ocr_line' id='line_1_12' title="bbox 294 803 2041 856; baseline 0.004 -18"><span class='ocrx_word' id='word_1_111' title='bbox 294 803 481 849; x_wconf 77' lang='lat' dir='ltr'>cognitus.</span> <span class='ocrx_word' id='word_1_112' title='bbox 509 803 696 851; x_wconf 83' lang='lat' dir='ltr'>Exempla</span> <span class='ocrx_word' id='word_1_113' title='bbox 723 817 873 852; x_wconf 83' lang='lat' dir='ltr'>quoque</span> <span class='ocrx_word' id='word_1_114' title='bbox 900 805 1088 841; x_wconf 81' lang='lat' dir='ltr'>dabantur</span> <span class='ocrx_word' id='word_1_115' title='bbox 1113 807 1348 842; x_wconf 81' lang='lat' dir='ltr'>incorrecta»</span> <span class='ocrx_word' id='word_1_116' title='bbox 1383 813 1452 843; x_wconf 89' lang='lat' dir='ltr'>etc.</span> <span class='ocrx_word' id='word_1_117' title='bbox 1480 808 1559 843; x_wconf 84' lang='lat' dir='ltr'>Nec</span> <span class='ocrx_word' id='word_1_118' title='bbox 1586 809 1789 844; x_wconf 88' lang='lat' dir='ltr'>defuerunt</span> <span class='ocrx_word' id='word_1_119' title='bbox 1822 811 2041 856; x_wconf 88' lang='lat' dir='ltr'>praesertim</span> 
     </span>
     <span class='ocr_line' id='line_1_13' title="bbox 293 862 2042 915; baseline 0.003 -17"><span class='ocrx_word' id='word_1_120' title='bbox 293 862 443 898; x_wconf 86' lang='lat' dir='ltr'>saeculo</span> <span class='ocrx_word' id='word_1_121' title='bbox 481 863 585 899; x_wconf 81' lang='lat' dir='ltr'><strong>XIV.</strong></span> <span class='ocrx_word' id='word_1_122' title='bbox 627 869 663 898; x_wconf 87' lang='lat' dir='ltr'>et</span> <span class='ocrx_word' id='word_1_123' title='bbox 702 863 786 899; x_wconf 82' lang='lat' dir='ltr'>XV.</span> <span class='ocrx_word' id='word_1_124' title='bbox 826 865 1128 911; x_wconf 78' lang='lat' dir='ltr'>interpolatores,</span> <span class='ocrx_word' id='word_1_125' title='bbox 1170 866 1235 912; x_wconf 87' lang='lat' dir='ltr'>qui</span> <span class='ocrx_word' id='word_1_126' title='bbox 1267 866 1367 901; x_wconf 88' lang='lat' dir='ltr'>bona</span> <span class='ocrx_word' id='word_1_127' title='bbox 1406 867 1466 901; x_wconf 79' lang='lat' dir='ltr'>vel</span> <span class='ocrx_word' id='word_1_128' title='bbox 1506 867 1605 901; x_wconf 89' lang='lat' dir='ltr'>mala</span> <span class='ocrx_word' id='word_1_129' title='bbox 1643 867 1717 901; x_wconf 85' lang='lat' dir='ltr'>fide</span> <span class='ocrx_word' id='word_1_130' title='bbox 1755 868 1900 914; x_wconf 79' lang='lat' dir='ltr'>glossas</span> <span class='ocrx_word' id='word_1_131' title='bbox 1938 869 2042 915; x_wconf 89' lang='lat' dir='ltr'>operi</span> 
     </span>
     <span class='ocr_line' id='line_1_14' title="bbox 292 922 2042 972; baseline 0.003 -16"><span class='ocrx_word' id='word_1_132' title='bbox 292 922 539 957; x_wconf 88' lang='lat' dir='ltr'>describendo</span> <span class='ocrx_word' id='word_1_133' title='bbox 565 923 818 968; x_wconf 71' lang='lat' dir='ltr'>inseruerunt,</span> <span class='ocrx_word' id='word_1_134' title='bbox 846 937 915 959; x_wconf 86' lang='grc'><strong>1100</strong></span> <span class='ocrx_word' id='word_1_135' title='bbox 942 938 1022 960; x_wconf 87' lang='lat' dir='ltr'>raro</span> <span class='ocrx_word' id='word_1_136' title='bbox 1048 925 1113 959; x_wconf 87' lang='lat' dir='ltr'>alii</span> <span class='ocrx_word' id='word_1_137' title='bbox 1140 925 1308 972; x_wconf 87' lang='lat' dir='ltr'>aliquam</span> <span class='ocrx_word' id='word_1_138' title='bbox 1333 931 1479 971; x_wconf 86' lang='lat' dir='ltr'>partem</span> <span class='ocrx_word' id='word_1_139' title='bbox 1505 927 1627 972; x_wconf 90' lang='lat' dir='ltr'>operis</span> <span class='ocrx_word' id='word_1_140' title='bbox 1656 931 1698 961; x_wconf 83' lang='lat' dir='ltr'>ut</span> <span class='ocrx_word' id='word_1_141' title='bbox 1724 926 1798 961; x_wconf 85' lang='lat' dir='ltr'>sibi</span> <span class='ocrx_word' id='word_1_142' title='bbox 1824 928 1950 962; x_wconf 88' lang='lat' dir='ltr'>minus</span> <span class='ocrx_word' id='word_1_143' title='bbox 1968 928 2042 962; x_wconf 88' lang='lat' dir='ltr'>uti-</span> 
     </span>
     <span class='ocr_line' id='line_1_15' title="bbox 292 981 2042 1031; baseline 0.003 -16"><span class='ocrx_word' id='word_1_144' title='bbox 292 981 367 1016; x_wconf 83' lang='lat' dir='ltr'>lem</span> <span class='ocrx_word' id='word_1_145' title='bbox 394 983 610 1017; x_wconf 90' lang='lat' dir='ltr'>omiserunt.</span> <span class='ocrx_word' id='word_1_146' title='bbox 638 982 739 1017; x_wconf 84' lang='lat' dir='ltr'>Hinc</span> <span class='ocrx_word' id='word_1_147' title='bbox 767 996 877 1030; x_wconf 85' lang='lat' dir='ltr'>saepe</span> <span class='ocrx_word' id='word_1_148' title='bbox 904 984 1057 1030; x_wconf 84' lang='lat' dir='ltr'>egregia</span> <span class='ocrx_word' id='word_1_149' title='bbox 1082 997 1204 1030; x_wconf 87' lang='lat' dir='ltr'>opera,</span> <span class='ocrx_word' id='word_1_150' title='bbox 1228 982 1311 1019; x_wconf 65' lang='lat' dir='ltr'>vtam</span> <span class='ocrx_word' id='word_1_151' title='bbox 1337 985 1438 1019; x_wconf 85' lang='lat' dir='ltr'>edita</span> <span class='ocrx_word' id='word_1_152' title='bbox 1455 997 1569 1031; x_wconf 81' lang='lat' dir='ltr'>quain</span> <span class='ocrx_word' id='word_1_153' title='bbox 1589 985 1741 1031; x_wconf 81' lang='lat' dir='ltr'>inedita,</span> <span class='ocrx_word' id='word_1_154' title='bbox 1770 986 1850 1021; x_wconf 78' lang='lat' dir='ltr'>visa</span> <span class='ocrx_word' id='word_1_155' title='bbox 1876 991 1964 1021; x_wconf 90' lang='lat' dir='ltr'>sunt</span> <span class='ocrx_word' id='word_1_156' title='bbox 1989 987 2042 1021; x_wconf 86' lang='lat' dir='ltr'>ita</span> 
     </span>
     <span class='ocr_line' id='line_1_16' title="bbox 296 1040 2042 1091; baseline 0.002 -16"><span class='ocrx_word' id='word_1_157' title='bbox 296 1040 517 1087; x_wconf 86' lang='lat' dir='ltr'>incorrecta,</span> <span class='ocrx_word' id='word_1_158' title='bbox 545 1041 719 1087; x_wconf 86' lang='lat' dir='ltr'>obscura,</span> <span class='ocrx_word' id='word_1_159' title='bbox 749 1043 946 1077; x_wconf 86' lang='lat' dir='ltr'>sententiis</span> <span class='ocrx_word' id='word_1_160' title='bbox 972 1043 1273 1078; x_wconf 72' lang='lat' dir='ltr'>contradictoriis</span> <span class='ocrx_word' id='word_1_161' title='bbox 1303 1042 1453 1089; x_wconf 86' lang='lat' dir='ltr'>referta,</span> <span class='ocrx_word' id='word_1_162' title='bbox 1474 1048 1517 1078; x_wconf 92' lang='lat' dir='ltr'>ut</span> <span class='ocrx_word' id='word_1_163' title='bbox 1534 1044 1611 1078; x_wconf 88' lang='lat' dir='ltr'>suis</span> <span class='ocrx_word' id='word_1_164' title='bbox 1630 1044 1857 1091; x_wconf 84' lang='lat' dir='ltr'>quandoque</span> <span class='ocrx_word' id='word_1_165' title='bbox 1883 1044 2042 1091; x_wconf 89' lang='lat' dir='ltr'>indigna</span> 
     </span>
     <span class='ocr_line' id='line_1_17' title="bbox 292 1100 2041 1149; baseline 0.002 -15"><span class='ocrx_word' id='word_1_166' title='bbox 292 1100 510 1135; x_wconf 87' lang='lat' dir='ltr'>auctoribus</span> <span class='ocrx_word' id='word_1_167' title='bbox 547 1106 764 1147; x_wconf 83' lang='lat' dir='ltr'>appareant.</span> <span class='ocrx_word' id='word_1_168' title='bbox 798 1101 902 1136; x_wconf 83' lang='lat' dir='ltr'>Haec</span> <span class='ocrx_word' id='word_1_169' title='bbox 929 1102 1081 1136; x_wconf 81' lang='lat' dir='ltr'>erit-icae</span> <span class='ocrx_word' id='word_1_170' title='bbox 1112 1102 1202 1137; x_wconf 87' lang='lat' dir='ltr'>artis</span> <span class='ocrx_word' id='word_1_171' title='bbox 1233 1115 1304 1149; x_wconf 91' lang='lat' dir='ltr'>ope</span> <span class='ocrx_word' id='word_1_172' title='bbox 1336 1103 1486 1137; x_wconf 82' lang='lat' dir='ltr'>nativae</span> <span class='ocrx_word' id='word_1_173' title='bbox 1525 1115 1613 1137; x_wconf 90' lang='lat' dir='ltr'>suae</span> <span class='ocrx_word' id='word_1_174' title='bbox 1651 1104 1808 1149; x_wconf 88' lang='lat' dir='ltr'>puritati</span> <span class='ocrx_word' id='word_1_175' title='bbox 1846 1104 2041 1138; x_wconf 87' lang='lat' dir='ltr'>restituere</span> 
     </span>
     <span class='ocr_line' id='line_1_18' title="bbox 291 1160 2040 1208; baseline 0.002 -15"><span class='ocrx_word' id='word_1_176' title='bbox 291 1160 387 1193; x_wconf 87' lang='lat' dir='ltr'>tanti</span> <span class='ocrx_word' id='word_1_177' title='bbox 416 1164 471 1193; x_wconf 88' lang='lat' dir='ltr'>est</span> <span class='ocrx_word' id='word_1_178' title='bbox 498 1160 625 1205; x_wconf 87' lang='lat' dir='ltr'>pretii,</span> <span class='ocrx_word' id='word_1_179' title='bbox 655 1165 697 1194; x_wconf 83' lang='lat' dir='ltr'>ut</span> <span class='ocrx_word' id='word_1_180' title='bbox 725 1160 790 1207; x_wconf 86' lang='lat' dir='ltr'>qui</span> <span class='ocrx_word' id='word_1_181' title='bbox 821 1160 912 1195; x_wconf 85' lang='lat' dir='ltr'>haec</span> <span class='ocrx_word' id='word_1_182' title='bbox 943 1161 1172 1207; x_wconf 86' lang='lat' dir='ltr'>praestiterit</span> <span class='ocrx_word' id='word_1_183' title='bbox 1197 1161 1303 1195; x_wconf 80' lang='lat' dir='ltr'>velut</span> <span class='ocrx_word' id='word_1_184' title='bbox 1331 1161 1426 1196; x_wconf 87' lang='lat' dir='ltr'>alter</span> <span class='ocrx_word' id='word_1_185' title='bbox 1443 1162 1566 1208; x_wconf 86' lang='lat' dir='ltr'>operis</span> <span class='ocrx_word' id='word_1_186' title='bbox 1591 1174 1726 1208; x_wconf 89' lang='lat' dir='ltr'>parens</span> <span class='ocrx_word' id='word_1_187' title='bbox 1751 1162 1882 1196; x_wconf 90' lang='lat' dir='ltr'>haberi</span> <span class='ocrx_word' id='word_1_188' title='bbox 1909 1162 2040 1208; x_wconf 73' lang='lat' dir='ltr'>possit.</span> 
     </span>
     <span class='ocr_line' id='line_1_19' title="bbox 293 1217 2041 1267; baseline 0.002 -15"><span class='ocrx_word' id='word_1_189' title='bbox 293 1217 375 1252; x_wconf 88' lang='lat' dir='ltr'>Hac</span> <span class='ocrx_word' id='word_1_190' title='bbox 402 1219 544 1253; x_wconf 89' lang='lat' dir='ltr'>ratione</span> <span class='ocrx_word' id='word_1_191' title='bbox 571 1219 709 1254; x_wconf 87' lang='lat' dir='ltr'>ductus</span> <span class='ocrx_word' id='word_1_192' title='bbox 735 1218 775 1253; x_wconf 89' lang='lat' dir='ltr'>P.</span> <span class='ocrx_word' id='word_1_193' title='bbox 802 1219 945 1254; x_wconf 84' lang='lat' dir='ltr'>Fidelis</span> <span class='ocrx_word' id='word_1_194' title='bbox 973 1233 995 1254; x_wconf 82' lang='lat' dir='ltr'>a</span> <span class='ocrx_word' id='word_1_195' title='bbox 1024 1219 1155 1254; x_wconf 83' lang='lat' dir='ltr'>Fauna</span> <span class='ocrx_word' id='word_1_196' title='bbox 1184 1220 1283 1254; x_wconf 91' lang='lat' dir='ltr'>nulli</span> <span class='ocrx_word' id='word_1_197' title='bbox 1312 1220 1483 1266; x_wconf 81' lang='lat' dir='ltr'>pepercit</span> <span class='ocrx_word' id='word_1_198' title='bbox 1512 1220 1733 1266; x_wconf 81' lang='lat' dir='ltr'>diligentiae</span> <span class='ocrx_word' id='word_1_199' title='bbox 1760 1226 1797 1255; x_wconf 89' lang='lat' dir='ltr'>et</span> <span class='ocrx_word' id='word_1_200' title='bbox 1830 1220 1965 1267; x_wconf 88' lang='lat' dir='ltr'>labori,</span> <span class='ocrx_word' id='word_1_201' title='bbox 1998 1225 2041 1255; x_wconf 88' lang='lat' dir='ltr'>ut</span> 
     </span>
     <span class='ocr_line' id='line_1_20' title="bbox 291 1277 2041 1325; baseline 0.002 -14"><span class='ocrx_word' id='word_1_202' title='bbox 291 1277 445 1312; x_wconf 86' lang='lat' dir='ltr'>idoneos</span> <span class='ocrx_word' id='word_1_203' title='bbox 477 1278 525 1312; x_wconf 87' lang='lat' dir='ltr'>ad</span> <span class='ocrx_word' id='word_1_204' title='bbox 551 1278 589 1312; x_wconf 89' lang='lat' dir='ltr'>id</span> <span class='ocrx_word' id='word_1_205' title='bbox 628 1278 897 1324; x_wconf 86' lang='lat' dir='ltr'>praestandum</span> <span class='ocrx_word' id='word_1_206' title='bbox 936 1278 1085 1313; x_wconf 85' lang='lat' dir='ltr'>codices</span> <span class='ocrx_word' id='word_1_207' title='bbox 1123 1291 1237 1325; x_wconf 87' lang='lat' dir='ltr'>quam</span> <span class='ocrx_word' id='word_1_208' title='bbox 1262 1278 1447 1325; x_wconf 88' lang='lat' dir='ltr'>plurimos</span> <span class='ocrx_word' id='word_1_209' title='bbox 1472 1279 1675 1325; x_wconf 75' lang='lat' dir='ltr'>inveniret,</span> <span class='ocrx_word' id='word_1_210' title='bbox 1709 1283 1746 1313; x_wconf 89' lang='lat' dir='ltr'>et</span> <span class='ocrx_word' id='word_1_211' title='bbox 1783 1291 1852 1314; x_wconf 90' lang='lat' dir='ltr'>nos</span> <span class='ocrx_word' id='word_1_212' title='bbox 1889 1292 2041 1314; x_wconf 85' lang='lat' dir='ltr'>omnem</span> 
     </span>
     <span class='ocr_line' id='line_1_21' title="bbox 296 1336 2039 1384; baseline 0.002 -14"><span class='ocrx_word' id='word_1_213' title='bbox 296 1336 535 1382; x_wconf 80' lang='lat' dir='ltr'>diligentiam</span> <span class='ocrx_word' id='word_1_214' title='bbox 560 1337 804 1372; x_wconf 86' lang='lat' dir='ltr'>adhibuimus</span> <span class='ocrx_word' id='word_1_215' title='bbox 831 1342 868 1372; x_wconf 84' lang='lat' dir='ltr'>et</span> <span class='ocrx_word' id='word_1_216' title='bbox 893 1337 1130 1372; x_wconf 85' lang='lat' dir='ltr'>adhibituros</span> <span class='ocrx_word' id='word_1_217' title='bbox 1156 1350 1236 1372; x_wconf 88' lang='lat' dir='ltr'>esse</span> <span class='ocrx_word' id='word_1_218' title='bbox 1266 1337 1513 1384; x_wconf 87' lang='lat' dir='ltr'>pollicemur,</span> <span class='ocrx_word' id='word_1_219' title='bbox 1549 1342 1592 1372; x_wconf 88' lang='lat' dir='ltr'>ut</span> <span class='ocrx_word' id='word_1_220' title='bbox 1624 1342 1751 1373; x_wconf 85' lang='lat' dir='ltr'>textus</span> <span class='ocrx_word' id='word_1_221' title='bbox 1783 1338 1978 1384; x_wconf 89' lang='lat' dir='ltr'>originalis</span> <span class='ocrx_word' id='word_1_222' title='bbox 2005 1337 2039 1373; x_wconf 79' lang='lat' dir='ltr'>S.</span> 
     </span>
     <span class='ocr_line' id='line_1_22' title="bbox 292 1396 2040 1443; baseline 0 -12"><span class='ocrx_word' id='word_1_223' title='bbox 292 1396 599 1443; x_wconf 73' lang='lat' dir='ltr'>Bonaventurae,</span> <span class='ocrx_word' id='word_1_224' title='bbox 640 1402 825 1443; x_wconf 83' lang='lat' dir='ltr'>quantum</span> <span class='ocrx_word' id='word_1_225' title='bbox 860 1396 984 1431; x_wconf 87' lang='lat' dir='ltr'>media</span> <span class='ocrx_word' id='word_1_226' title='bbox 1017 1401 1054 1431; x_wconf 87' lang='lat' dir='ltr'>et</span> <span class='ocrx_word' id='word_1_227' title='bbox 1089 1396 1186 1431; x_wconf 83' lang='lat' dir='ltr'>vires</span> <span class='ocrx_word' id='word_1_228' title='bbox 1223 1401 1453 1443; x_wconf 84' lang='lat' dir='ltr'>suppetunt,</span> <span class='ocrx_word' id='word_1_229' title='bbox 1483 1397 1664 1443; x_wconf 87' lang='lat' dir='ltr'>pristinae</span> <span class='ocrx_word' id='word_1_230' title='bbox 1691 1397 1901 1443; x_wconf 89' lang='lat' dir='ltr'>integritati</span> <span class='ocrx_word' id='word_1_231' title='bbox 1935 1397 2040 1432; x_wconf 88' lang='lat' dir='ltr'>resti-</span> 
     </span>
     <span class='ocr_line' id='line_1_23' title="bbox 291 1461 428 1492; baseline 0.015 -2"><span class='ocrx_word' id='word_1_232' title='bbox 291 1461 428 1492; x_wconf 86' lang='lat' dir='ltr'>tuatur.</span> 
     </span>
    </p>

    <p class='ocr_par' dir='ltr' id='par_1_3' title="bbox 282 1514 2041 2445">
     <span class='ocr_line' id='line_1_24' title="bbox 386 1514 2040 1561; baseline -0.001 -10"><span class='ocrx_word' id='word_1_233' title='bbox 386 1516 542 1551; x_wconf 65' lang='lat' dir='ltr'>Seemzdo</span> <span class='ocrx_word' id='word_1_234' title='bbox 560 1515 644 1550; x_wconf 90' lang='lat' dir='ltr'>loco</span> <span class='ocrx_word' id='word_1_235' title='bbox 664 1515 761 1550; x_wconf 89' lang='lat' dir='ltr'>illud</span> <span class='ocrx_word' id='word_1_236' title='bbox 782 1515 895 1549; x_wconf 84' lang='lat' dir='ltr'>etiam</span> <span class='ocrx_word' id='word_1_237' title='bbox 916 1515 1120 1550; x_wconf 87' lang='lat' dir='ltr'>dolendum</span> <span class='ocrx_word' id='word_1_238' title='bbox 1143 1519 1213 1561; x_wconf 89' lang='lat' dir='ltr'>est,</span> <span class='ocrx_word' id='word_1_239' title='bbox 1235 1514 1336 1561; x_wconf 88' lang='lat' dir='ltr'>quod</span> <span class='ocrx_word' id='word_1_240' title='bbox 1354 1514 1501 1549; x_wconf 85' lang='lat' dir='ltr'>scilicet</span> <span class='ocrx_word' id='word_1_241' title='bbox 1516 1515 1555 1548; x_wconf 94' lang='lat' dir='ltr'>in</span> <span class='ocrx_word' id='word_1_242' title='bbox 1573 1514 1889 1561; x_wconf 82' lang='lat' dir='ltr'>praecedentibus</span> <span class='ocrx_word' id='word_1_243' title='bbox 1908 1514 2040 1549; x_wconf 86' lang='lat' dir='ltr'>editio-</span> 
     </span>
     <span class='ocr_line' id='line_1_25' title="bbox 291 1572 2040 1620; baseline -0.002 -10"><span class='ocrx_word' id='word_1_244' title='bbox 291 1575 405 1610; x_wconf 86' lang='lat' dir='ltr'>nibus</span> <span class='ocrx_word' id='word_1_245' title='bbox 429 1580 534 1610; x_wconf 88' lang='lat' dir='ltr'>tanta</span> <span class='ocrx_word' id='word_1_246' title='bbox 556 1574 680 1610; x_wconf 88' lang='lat' dir='ltr'>adhuc</span> <span class='ocrx_word' id='word_1_247' title='bbox 704 1574 933 1609; x_wconf 84' lang='lat' dir='ltr'>incertitudo</span> <span class='ocrx_word' id='word_1_248' title='bbox 957 1573 1138 1608; x_wconf 86' lang='lat' dir='ltr'>subsistat</span> <span class='ocrx_word' id='word_1_249' title='bbox 1161 1574 1201 1607; x_wconf 90' lang='lat' dir='ltr'>in</span> <span class='ocrx_word' id='word_1_250' title='bbox 1219 1573 1477 1608; x_wconf 85' lang='lat' dir='ltr'>discernendis</span> <span class='ocrx_word' id='word_1_251' title='bbox 1496 1572 1530 1609; x_wconf 83' lang='lat' dir='ltr'>S.</span> <span class='ocrx_word' id='word_1_252' title='bbox 1550 1573 1724 1608; x_wconf 87' lang='lat' dir='ltr'>Doctoris</span> <span class='ocrx_word' id='word_1_253' title='bbox 1743 1574 1894 1620; x_wconf 88' lang='lat' dir='ltr'>scriptis</span> <span class='ocrx_word' id='word_1_254' title='bbox 1913 1573 2040 1609; x_wconf 83' lang='lat' dir='ltr'>dubiis</span> 
     </span>
     <span class='ocr_line' id='line_1_26' title="bbox 291 1632 2038 1681; baseline -0.001 -13"><span class='ocrx_word' id='word_1_255' title='bbox 291 1635 353 1669; x_wconf 80' lang='lat' dir='ltr'>vel</span> <span class='ocrx_word' id='word_1_256' title='bbox 371 1635 509 1681; x_wconf 88' lang='lat' dir='ltr'>spuriis</span> <span class='ocrx_word' id='word_1_257' title='bbox 522 1647 544 1669; x_wconf 89' lang='lat' dir='ltr'>a</span> <span class='ocrx_word' id='word_1_258' title='bbox 557 1634 745 1680; x_wconf 88' lang='lat' dir='ltr'>genuinis.</span> <span class='ocrx_word' id='word_1_259' title='bbox 761 1633 941 1669; x_wconf 83' lang='lat' dir='ltr'>Censores</span> <span class='ocrx_word' id='word_1_260' title='bbox 958 1633 1153 1679; x_wconf 89' lang='lat' dir='ltr'>praecipui</span> <span class='ocrx_word' id='word_1_261' title='bbox 1172 1632 1218 1666; x_wconf 90' lang='lat' dir='ltr'>de</span> <span class='ocrx_word' id='word_1_262' title='bbox 1237 1632 1306 1666; x_wconf 89' lang='lat' dir='ltr'>hac</span> <span class='ocrx_word' id='word_1_263' title='bbox 1324 1645 1362 1666; x_wconf 87' lang='lat' dir='ltr'>re</span> <span class='ocrx_word' id='word_1_264' title='bbox 1377 1636 1582 1667; x_wconf 85' lang='lat' dir='ltr'>tractantes</span> <span class='ocrx_word' id='word_1_265' title='bbox 1599 1633 1653 1666; x_wconf 86' lang='lat' dir='ltr'>ita</span> <span class='ocrx_word' id='word_1_266' title='bbox 1670 1633 1768 1666; x_wconf 88' lang='lat' dir='ltr'>inter</span> <span class='ocrx_word' id='word_1_267' title='bbox 1785 1644 1823 1667; x_wconf 89' lang='lat' dir='ltr'>se</span> <span class='ocrx_word' id='word_1_268' title='bbox 1843 1632 2038 1678; x_wconf 84' lang='lat' dir='ltr'>dissident,</span> 
     </span>
     <span class='ocr_line' id='line_1_27' title="bbox 290 1690 2041 1740; baseline -0.002 -11"><span class='ocrx_word' id='word_1_269' title='bbox 290 1699 333 1729; x_wconf 94' lang='lat' dir='ltr'>ut</span> <span class='ocrx_word' id='word_1_270' title='bbox 351 1694 449 1728; x_wconf 88' lang='lat' dir='ltr'>circa</span> <span class='ocrx_word' id='word_1_271' title='bbox 466 1693 588 1728; x_wconf 87' lang='lat' dir='ltr'>multa</span> <span class='ocrx_word' id='word_1_272' title='bbox 606 1706 718 1740; x_wconf 89' lang='lat' dir='ltr'>opera</span> <span class='ocrx_word' id='word_1_273' title='bbox 735 1692 808 1727; x_wconf 90' lang='lat' dir='ltr'>sibi</span> <span class='ocrx_word' id='word_1_274' title='bbox 826 1692 1097 1727; x_wconf 85' lang='lat' dir='ltr'>contradicant.</span> <span class='ocrx_word' id='word_1_275' title='bbox 1124 1691 1264 1737; x_wconf 87' lang='lat' dir='ltr'>Magna</span> <span class='ocrx_word' id='word_1_276' title='bbox 1280 1691 1369 1725; x_wconf 85' lang='lat' dir='ltr'>inde</span> <span class='ocrx_word' id='word_1_277' title='bbox 1387 1690 1560 1725; x_wconf 88' lang='lat' dir='ltr'>confusio</span> <span class='ocrx_word' id='word_1_278' title='bbox 1586 1691 1626 1725; x_wconf 92' lang='lat' dir='ltr'>in</span> <span class='ocrx_word' id='word_1_279' title='bbox 1644 1690 1842 1737; x_wconf 87' lang='lat' dir='ltr'>republica</span> <span class='ocrx_word' id='word_1_280' title='bbox 1859 1691 2041 1725; x_wconf 84' lang='lat' dir='ltr'>litteraria</span> 
     </span>
     <span class='ocr_line' id='line_1_28' title="bbox 291 1749 2040 1799; baseline -0.002 -12"><span class='ocrx_word' id='word_1_281' title='bbox 291 1754 424 1787; x_wconf 75' lang='lat' dir='ltr'>evitari</span> <span class='ocrx_word' id='word_1_282' title='bbox 450 1765 526 1787; x_wconf 89' lang='lat' dir='ltr'>non</span> <span class='ocrx_word' id='word_1_283' title='bbox 551 1753 692 1799; x_wconf 87' lang='lat' dir='ltr'>potuit,</span> <span class='ocrx_word' id='word_1_284' title='bbox 721 1752 812 1786; x_wconf 88' lang='lat' dir='ltr'>dum</span> <span class='ocrx_word' id='word_1_285' title='bbox 838 1751 997 1785; x_wconf 87' lang='lat' dir='ltr'>lectores</span> <span class='ocrx_word' id='word_1_286' title='bbox 1022 1751 1129 1785; x_wconf 81' lang='lat' dir='ltr'>iuxta</span> <span class='ocrx_word' id='word_1_287' title='bbox 1155 1762 1353 1785; x_wconf 87' lang='lat' dir='ltr'>censorum</span> <span class='ocrx_word' id='word_1_288' title='bbox 1379 1762 1474 1796; x_wconf 89' lang='lat' dir='ltr'>quos</span> <span class='ocrx_word' id='word_1_289' title='bbox 1498 1749 1703 1784; x_wconf 89' lang='lat' dir='ltr'>consulunt</span> <span class='ocrx_word' id='word_1_290' title='bbox 1727 1749 1876 1784; x_wconf 86' lang='lat' dir='ltr'>diversa</span> <span class='ocrx_word' id='word_1_291' title='bbox 1898 1749 2040 1784; x_wconf 85' lang='lat' dir='ltr'>iudicia</span> 
     </span>
     <span class='ocr_line' id='line_1_29' title="bbox 290 1808 2040 1855; baseline -0.003 -8"><span class='ocrx_word' id='word_1_292' title='bbox 290 1825 365 1847; x_wconf 92' lang='lat' dir='ltr'>non</span> <span class='ocrx_word' id='word_1_293' title='bbox 391 1816 542 1846; x_wconf 87' lang='lat' dir='ltr'>tantum</span> <span class='ocrx_word' id='word_1_294' title='bbox 560 1811 744 1846; x_wconf 84' lang='lat' dir='ltr'>dissident</span> <span class='ocrx_word' id='word_1_295' title='bbox 760 1811 800 1844; x_wconf 91' lang='lat' dir='ltr'>in</span> <span class='ocrx_word' id='word_1_296' title='bbox 819 1809 1021 1844; x_wconf 89' lang='lat' dir='ltr'>iudicando</span> <span class='ocrx_word' id='word_1_297' title='bbox 1040 1809 1085 1843; x_wconf 89' lang='lat' dir='ltr'>de</span> <span class='ocrx_word' id='word_1_298' title='bbox 1104 1822 1261 1855; x_wconf 88' lang='lat' dir='ltr'>operum</span> <span class='ocrx_word' id='word_1_299' title='bbox 1278 1808 1583 1855; x_wconf 82' lang='lat' dir='ltr'>authenticitate,</span> <span class='ocrx_word' id='word_1_300' title='bbox 1604 1808 1670 1843; x_wconf 88' lang='lat' dir='ltr'>sed</span> <span class='ocrx_word' id='word_1_301' title='bbox 1687 1808 1819 1855; x_wconf 85' lang='lat' dir='ltr'>etiam,</span> <span class='ocrx_word' id='word_1_302' title='bbox 1838 1808 2040 1854; x_wconf 83' lang='lat' dir='ltr'>allegando</span> 
     </span>
     <span class='ocr_line' id='line_1_30' title="bbox 293 1866 2038 1915; baseline -0.002 -10"><span class='ocrx_word' id='word_1_303' title='bbox 293 1871 498 1905; x_wconf 85' lang='lat' dir='ltr'>sententias</span> <span class='ocrx_word' id='word_1_304' title='bbox 524 1883 569 1904; x_wconf 81' lang='lat' dir='ltr'>ex</span> <span class='ocrx_word' id='word_1_305' title='bbox 596 1870 655 1904; x_wconf 92' lang='lat' dir='ltr'>his</span> <span class='ocrx_word' id='word_1_306' title='bbox 681 1869 789 1904; x_wconf 89' lang='lat' dir='ltr'>libris</span> <span class='ocrx_word' id='word_1_307' title='bbox 816 1869 1017 1915; x_wconf 84' lang='lat' dir='ltr'>desuintas,</span> <span class='ocrx_word' id='word_1_308' title='bbox 1047 1881 1135 1903; x_wconf 85' lang='lat' dir='ltr'>mox</span> <span class='ocrx_word' id='word_1_309' title='bbox 1162 1867 1196 1904; x_wconf 82' lang='lat' dir='ltr'>S.</span> <span class='ocrx_word' id='word_1_310' title='bbox 1235 1867 1542 1902; x_wconf 79' lang='lat' dir='ltr'>Bonaventurain</span> <span class='ocrx_word' id='word_1_311' title='bbox 1567 1872 1760 1902; x_wconf 85' lang='lat' dir='ltr'>auctorem</span> <span class='ocrx_word' id='word_1_312' title='bbox 1785 1866 2038 1913; x_wconf 84' lang='lat' dir='ltr'>proclamant,</span> 
     </span>
     <span class='ocr_line' id='line_1_31' title="bbox 290 1925 2039 1975; baseline -0.003 -11"><span class='ocrx_word' id='word_1_313' title='bbox 290 1942 379 1964; x_wconf 85' lang='lat' dir='ltr'>mox</span> <span class='ocrx_word' id='word_1_314' title='bbox 404 1929 522 1964; x_wconf 83' lang='lat' dir='ltr'>alium</span> <span class='ocrx_word' id='word_1_315' title='bbox 549 1929 781 1975; x_wconf 87' lang='lat' dir='ltr'>scriptorem.</span> <span class='ocrx_word' id='word_1_316' title='bbox 809 1928 931 1972; x_wconf 84' lang='lat' dir='ltr'>Quam</span> <span class='ocrx_word' id='word_1_317' title='bbox 958 1927 1227 1962; x_wconf 86' lang='lat' dir='ltr'>dissidentium</span> <span class='ocrx_word' id='word_1_318' title='bbox 1252 1926 1480 1961; x_wconf 86' lang='lat' dir='ltr'>iudiciorum</span> <span class='ocrx_word' id='word_1_319' title='bbox 1505 1926 1726 1960; x_wconf 82' lang='lat' dir='ltr'>varietatem</span> <span class='ocrx_word' id='word_1_320' title='bbox 1750 1930 1794 1960; x_wconf 89' lang='lat' dir='ltr'>ut</span> <span class='ocrx_word' id='word_1_321' title='bbox 1819 1925 1938 1960; x_wconf 86' lang='lat' dir='ltr'>lector</span> <span class='ocrx_word' id='word_1_322' title='bbox 1954 1938 2039 1972; x_wconf 90' lang='lat' dir='ltr'>pro-</span> 
     </span>
     <span class='ocr_line' id='line_1_32' title="bbox 288 1983 2039 2034; baseline -0.002 -12"><span class='ocrx_word' id='word_1_323' title='bbox 288 1988 382 2034; x_wconf 85' lang='lat' dir='ltr'>priis</span> <span class='ocrx_word' id='word_1_324' title='bbox 408 1988 528 2023; x_wconf 90' lang='lat' dir='ltr'>oculis</span> <span class='ocrx_word' id='word_1_325' title='bbox 554 2001 703 2022; x_wconf 88' lang='lat' dir='ltr'>cernere</span> <span class='ocrx_word' id='word_1_326' title='bbox 730 1988 866 2034; x_wconf 88' lang='lat' dir='ltr'>possit,</span> <span class='ocrx_word' id='word_1_327' title='bbox 895 1999 1028 2033; x_wconf 83' lang='lat' dir='ltr'>operae</span> <span class='ocrx_word' id='word_1_328' title='bbox 1059 1986 1225 2032; x_wconf 86' lang='lat' dir='ltr'>pretium</span> <span class='ocrx_word' id='word_1_329' title='bbox 1251 1985 1444 2031; x_wconf 75' lang='lat' dir='ltr'>duximus,</span> <span class='ocrx_word' id='word_1_330' title='bbox 1474 1998 1521 2019; x_wconf 82' lang='lat' dir='ltr'>ex</span> <span class='ocrx_word' id='word_1_331' title='bbox 1546 1984 1644 2019; x_wconf 87' lang='lat' dir='ltr'>libro</span> <span class='ocrx_word' id='word_1_332' title='bbox 1670 1984 1823 2019; x_wconf 82' lang='lat' dir='ltr'>laudato</span> <span class='ocrx_word' id='word_1_333' title='bbox 1856 1983 1897 2019; x_wconf 88' lang='lat' dir='ltr'>P.</span> <span class='ocrx_word' id='word_1_334' title='bbox 1930 1983 2039 2018; x_wconf 79' lang='lat' dir='ltr'>Fide-</span> 
     </span>
     <span class='ocr_line' id='line_1_33' title="bbox 289 2043 2039 2093; baseline -0.002 -12"><span class='ocrx_word' id='word_1_335' title='bbox 289 2047 362 2081; x_wconf 68' lang='lat' dir='ltr'>lis²</span> <span class='ocrx_word' id='word_1_336' title='bbox 387 2047 450 2081; x_wconf 93' lang='lat' dir='ltr'>hic</span> <span class='ocrx_word' id='word_1_337' title='bbox 477 2050 725 2093; x_wconf 86' lang='lat' dir='ltr'>conspectum</span> <span class='ocrx_word' id='word_1_338' title='bbox 750 2050 950 2080; x_wconf 85' lang='lat' dir='ltr'>annectere</span> <span class='ocrx_word' id='word_1_339' title='bbox 989 2045 1161 2079; x_wconf 87' lang='lat' dir='ltr'>omnium</span> <span class='ocrx_word' id='word_1_340' title='bbox 1198 2057 1355 2090; x_wconf 87' lang='lat' dir='ltr'>operum</span> <span class='ocrx_word' id='word_1_341' title='bbox 1380 2043 1414 2079; x_wconf 79' lang='lat' dir='ltr'>S.</span> <span class='ocrx_word' id='word_1_342' title='bbox 1444 2043 1747 2090; x_wconf 87' lang='lat' dir='ltr'>Bonaventurae,</span> <span class='ocrx_word' id='word_1_343' title='bbox 1777 2056 1865 2078; x_wconf 80' lang='lat' dir='ltr'>cuin</span> <span class='ocrx_word' id='word_1_344' title='bbox 1890 2047 2039 2078; x_wconf 88' lang='lat' dir='ltr'>senten-</span> 
     </span>
     <span class='ocr_line' id='line_1_34' title="bbox 290 2101 2040 2151; baseline -0.003 -11"><span class='ocrx_word' id='word_1_345' title='bbox 290 2106 429 2140; x_wconf 88' lang='lat' dir='ltr'>tiarum</span> <span class='ocrx_word' id='word_1_346' title='bbox 455 2118 474 2139; x_wconf 85' lang='lat' dir='ltr'>e</span> <span class='ocrx_word' id='word_1_347' title='bbox 500 2106 654 2151; x_wconf 87' lang='lat' dir='ltr'>regione</span> <span class='ocrx_word' id='word_1_348' title='bbox 680 2105 913 2150; x_wconf 85' lang='lat' dir='ltr'>diversitate,</span> <span class='ocrx_word' id='word_1_349' title='bbox 942 2103 1083 2150; x_wconf 86' lang='lat' dir='ltr'>quibus</span> <span class='ocrx_word' id='word_1_350' title='bbox 1108 2103 1167 2137; x_wconf 90' lang='lat' dir='ltr'>illi</span> <span class='ocrx_word' id='word_1_351' title='bbox 1194 2107 1355 2149; x_wconf 89' lang='lat' dir='ltr'>quatuor</span> <span class='ocrx_word' id='word_1_352' title='bbox 1378 2106 1564 2148; x_wconf 86' lang='lat' dir='ltr'>auctores,</span> <span class='ocrx_word' id='word_1_353' title='bbox 1594 2114 1688 2148; x_wconf 91' lang='lat' dir='ltr'>quos</span> <span class='ocrx_word' id='word_1_354' title='bbox 1715 2102 1888 2148; x_wconf 87' lang='lat' dir='ltr'>superius</span> <span class='ocrx_word' id='word_1_355' title='bbox 1919 2101 2040 2136; x_wconf 86' lang='lat' dir='ltr'>nomi-</span> 
     </span>
     <span class='ocr_line' id='line_1_35' title="bbox 290 2160 2038 2210; baseline -0.002 -12"><span class='ocrx_word' id='word_1_356' title='bbox 290 2165 483 2210; x_wconf 81' lang='lat' dir='ltr'>navimus,</span> <span class='ocrx_word' id='word_1_357' title='bbox 512 2164 642 2198; x_wconf 87' lang='lat' dir='ltr'>eadem</span> <span class='ocrx_word' id='word_1_358' title='bbox 669 2175 782 2209; x_wconf 87' lang='lat' dir='ltr'>opera</span> <span class='ocrx_word' id='word_1_359' title='bbox 818 2167 884 2197; x_wconf 88' lang='lat' dir='ltr'>aut</span> <span class='ocrx_word' id='word_1_360' title='bbox 910 2166 1011 2196; x_wconf 89' lang='lat' dir='ltr'>certa</span> <span class='ocrx_word' id='word_1_361' title='bbox 1037 2166 1102 2196; x_wconf 86' lang='lat' dir='ltr'>aut</span> <span class='ocrx_word' id='word_1_362' title='bbox 1128 2161 1256 2207; x_wconf 85' lang='lat' dir='ltr'>spuria</span> <span class='ocrx_word' id='word_1_363' title='bbox 1286 2165 1352 2195; x_wconf 90' lang='lat' dir='ltr'>aut</span> <span class='ocrx_word' id='word_1_364' title='bbox 1384 2160 1501 2195; x_wconf 82' lang='lat' dir='ltr'>dubia</span> <span class='ocrx_word' id='word_1_365' title='bbox 1531 2160 1782 2195; x_wconf 81' lang='lat' dir='ltr'>diversimode</span> <span class='ocrx_word' id='word_1_366' title='bbox 1809 2160 2038 2195; x_wconf 88' lang='lat' dir='ltr'>iudicarunt.</span> 
     </span>
     <span class='ocr_line' id='line_1_36' title="bbox 289 2218 2040 2267; baseline -0.003 -10"><span class='ocrx_word' id='word_1_367' title='bbox 289 2222 342 2257; x_wconf 91' lang='lat' dir='ltr'>Hi</span> <span class='ocrx_word' id='word_1_368' title='bbox 368 2228 456 2257; x_wconf 87' lang='lat' dir='ltr'>sunt</span> <span class='ocrx_word' id='word_1_369' title='bbox 485 2222 661 2267; x_wconf 56' lang='lat' dir='ltr'>Ouddnus,</span> <span class='ocrx_word' id='word_1_370' title='bbox 690 2221 836 2256; x_wconf 67' lang='lat' dir='ltr'>editores</span> <span class='ocrx_word' id='word_1_371' title='bbox 868 2220 1003 2266; x_wconf 74' lang='lat' dir='ltr'>Veneti,</span> <span class='ocrx_word' id='word_1_372' title='bbox 1032 2219 1203 2255; x_wconf 72' lang='lat' dir='ltr'>Sha‘ralea</span> <span class='ocrx_word' id='word_1_373' title='bbox 1233 2224 1270 2253; x_wconf 87' lang='lat' dir='ltr'>et</span> <span class='ocrx_word' id='word_1_374' title='bbox 1298 2219 1344 2254; x_wconf 87' lang='lat' dir='ltr'>P.</span> <span class='ocrx_word' id='word_1_375' title='bbox 1374 2218 1583 2254; x_wconf 74' lang='lat' dir='ltr'>Benedictus</span> <span class='ocrx_word' id='word_1_376' title='bbox 1606 2218 1750 2253; x_wconf 74' lang='lat' dir='ltr'>Bonelli</span> <span class='ocrx_word' id='word_1_377' title='bbox 1774 2219 1814 2253; x_wconf 90' lang='lat' dir='ltr'>in</span> <span class='ocrx_word' id='word_1_378' title='bbox 1844 2218 1937 2253; x_wconf 90' lang='lat' dir='ltr'>locis</span> <span class='ocrx_word' id='word_1_379' title='bbox 1963 2218 2040 2253; x_wconf 86' lang='lat' dir='ltr'>iam</span> 
     </span>
     <span class='ocr_line' id='line_1_37' title="bbox 290 2276 2039 2324; baseline -0.003 -8"><span class='ocrx_word' id='word_1_380' title='bbox 290 2281 426 2316; x_wconf 86' lang='lat' dir='ltr'>citatis.</span> <span class='ocrx_word' id='word_1_381' title='bbox 454 2280 722 2316; x_wconf 82' lang='lat' dir='ltr'>Subnectimus</span> <span class='ocrx_word' id='word_1_382' title='bbox 749 2280 863 2314; x_wconf 85' lang='lat' dir='ltr'>etiam</span> <span class='ocrx_word' id='word_1_383' title='bbox 888 2279 1105 2324; x_wconf 85' lang='lat' dir='ltr'>catalogum</span> <span class='ocrx_word' id='word_1_384' title='bbox 1131 2291 1260 2313; x_wconf 86' lang='lat' dir='ltr'>eorum</span> <span class='ocrx_word' id='word_1_385' title='bbox 1286 2290 1453 2324; x_wconf 85' lang='lat' dir='ltr'>operum,</span> <span class='ocrx_word' id='word_1_386' title='bbox 1481 2290 1576 2324; x_wconf 83' lang='lat' dir='ltr'>quae</span> <span class='ocrx_word' id='word_1_387' title='bbox 1602 2277 1650 2312; x_wconf 85' lang='lat' dir='ltr'>ab</span> <span class='ocrx_word' id='word_1_388' title='bbox 1676 2277 1808 2312; x_wconf 86' lang='lat' dir='ltr'>codem</span> <span class='ocrx_word' id='word_1_389' title='bbox 1832 2276 1975 2312; x_wconf 75' lang='lat' dir='ltr'>Bonelli</span> <span class='ocrx_word' id='word_1_390' title='bbox 1999 2277 2039 2311; x_wconf 89' lang='lat' dir='ltr'>in</span> 
     </span>
     <span class='ocr_line' id='line_1_38' title="bbox 290 2335 2041 2386; baseline -0.003 -11"><span class='ocrx_word' id='word_1_391' title='bbox 290 2339 533 2386; x_wconf 72' lang='lat' dir='ltr'>Supplemento</span> <span class='ocrx_word' id='word_1_392' title='bbox 559 2351 626 2374; x_wconf 90' lang='lat' dir='ltr'>suo</span> <span class='ocrx_word' id='word_1_393' title='bbox 653 2343 742 2373; x_wconf 87' lang='lat' dir='ltr'>sunt</span> <span class='ocrx_word' id='word_1_394' title='bbox 759 2338 875 2384; x_wconf 83' lang='lat' dir='ltr'>edita,</span> <span class='ocrx_word' id='word_1_395' title='bbox 896 2351 984 2372; x_wconf 89' lang='lat' dir='ltr'>cum</span> <span class='ocrx_word' id='word_1_396' title='bbox 1008 2337 1118 2383; x_wconf 90' lang='lat' dir='ltr'>notis,</span> <span class='ocrx_word' id='word_1_397' title='bbox 1138 2336 1277 2384; x_wconf 90' lang='lat' dir='ltr'>quibus</span> <span class='ocrx_word' id='word_1_398' title='bbox 1302 2340 1433 2371; x_wconf 86' lang='lat' dir='ltr'>auctor</span> <span class='ocrx_word' id='word_1_399' title='bbox 1449 2336 1489 2370; x_wconf 88' lang='lat' dir='ltr'>in</span> <span class='ocrx_word' id='word_1_400' title='bbox 1507 2335 1706 2371; x_wconf 71' lang='lat' dir='ltr'>Prodromo</span> <span class='ocrx_word' id='word_1_401' title='bbox 1731 2340 1769 2370; x_wconf 88' lang='lat' dir='ltr'>et</span> <span class='ocrx_word' id='word_1_402' title='bbox 1788 2336 1828 2369; x_wconf 89' lang='lat' dir='ltr'>in</span> <span class='ocrx_word' id='word_1_403' title='bbox 1846 2336 1929 2383; x_wconf 90' lang='lat' dir='ltr'>ipso</span> <span class='ocrx_word' id='word_1_404' title='bbox 1947 2335 2041 2383; x_wconf 75' lang='lat' dir='ltr'>Sup-</span> 
     </span>
     <span class='ocr_line' id='line_1_39' title="bbox 282 2395 1354 2445; baseline -0.004 -12"><span class='ocrx_word' id='word_1_405' title='bbox 282 2398 456 2445; x_wconf 70' lang='lat' dir='ltr'>plemento</span> <span class='ocrx_word' id='word_1_406' title='bbox 481 2398 612 2433; x_wconf 87' lang='lat' dir='ltr'>eadem</span> <span class='ocrx_word' id='word_1_407' title='bbox 637 2402 680 2432; x_wconf 88' lang='lat' dir='ltr'>ut</span> <span class='ocrx_word' id='word_1_408' title='bbox 706 2402 806 2432; x_wconf 88' lang='lat' dir='ltr'>certa</span> <span class='ocrx_word' id='word_1_409' title='bbox 831 2402 897 2431; x_wconf 85' lang='lat' dir='ltr'>aut</span> <span class='ocrx_word' id='word_1_410' title='bbox 923 2395 1143 2430; x_wconf 83' lang='lat' dir='ltr'>verisimilia</span> <span class='ocrx_word' id='word_1_411' title='bbox 1168 2395 1354 2430; x_wconf 80' lang='lat' dir='ltr'>distinxit.</span> 
     </span>
    </p>
   </div>
   <div class='ocr_carea' id='block_1_3' title="bbox 883 2665 1446 2674">
    <p class='ocr_par' dir='ltr' id='par_1_4' title="bbox 883 2665 1446 2674">
     <span class='ocr_line' id='line_1_40' title="bbox 883 2665 1446 2674; baseline 0 0"><span class='ocrx_word' id='word_1_412' title='bbox 883 2665 1446 2674; x_wconf 95' lang='lat' dir='ltr'> </span> 
     </span>
    </p>
   </div>
   <div class='ocr_carea' id='block_1_4' title="bbox 379 2896 839 2971">
    <p class='ocr_par' dir='ltr' id='par_1_5' title="bbox 379 2896 839 2971">
     <span class='ocr_line' id='line_1_41' title="bbox 387 2896 839 2926; baseline -0.011 -4"><span class='ocrx_word' id='word_1_413' title='bbox 387 2900 393 2914; x_wconf 83' lang='lat'>¹</span> <span class='ocrx_word' id='word_1_414' title='bbox 415 2900 445 2922; x_wconf 79' lang='lat' dir='ltr'>De</span> <span class='ocrx_word' id='word_1_415' title='bbox 463 2899 539 2921; x_wconf 73' lang='lat' dir='ltr'>Laude</span> <span class='ocrx_word' id='word_1_416' title='bbox 557 2900 695 2926; x_wconf 55' lang='lat' dir='ltr'>§.eripuit-uin</span> <span class='ocrx_word' id='word_1_417' title='bbox 713 2896 799 2919; x_wconf 72' lang='lat' dir='ltr'>consid.</span> <span class='ocrx_word' id='word_1_418' title='bbox 818 2896 839 2917; x_wconf 83' lang='grc'>6.</span> 
     </span>
     <span class='ocr_line' id='line_1_42' title="bbox 379 2943 592 2971; baseline -0.014 -5"><span class='ocrx_word' id='word_1_419' title='bbox 379 2943 394 2958; x_wconf 64' lang='grc'>’2</span> <span class='ocrx_word' id='word_1_420' title='bbox 412 2943 464 2971; x_wconf 73' lang='lat' dir='ltr'>Pag.</span> <span class='ocrx_word' id='word_1_421' title='bbox 483 2943 511 2964; x_wconf 80' lang='lat'>28</span> <span class='ocrx_word' id='word_1_422' title='bbox 529 2948 592 2970; x_wconf 71' lang='lat' dir='ltr'>seqq.</span> 
     </span>
    </p>
   </div>
  </div>
 </body>
</html>
