2253 3317
208 578 314 596 Conclusio.

214 760 268 778 Ratio
281 765 325 783 qna-

225 783 311 806 druplex.

212 1178 283 1205 Salutio
293 1184 325 1202 op-

200 1204 308 1225 positorum.

213 2322 243 2341 Ad
256 2323 330 2346 opposi-

249 2348 294 2364 tum.

341 168 377 196 54

643 251 878 272 CONCLUSIO.

340 339 544 367 Personarzmt
556 337 757 374 pluralitatem.
770 337 800 365 z'u
813 337 921 365 (Induis
933 345 992 365 esse
1003 336 1180 373 ponendam,

418 389 443 413 cc
462 384 534 421 sities
555 384 634 412 docet
654 387 679 411 ct
694 383 877 420 (tryumcntt's
892 382 1100 420 congruentiae
1114 391 1182 410 suu.-

418 432 510 459 (lotar.

421 525 595 553 RESPONDrzo:
618 523 789 557 Dicendum,
812 523 887 560 quod
902 523 930 551 in
949 523 1050 551 divinis
1075 525 1117 551 est
1137 531 1182 559 po-

338 579 403 599 nere
425 578 609 608 personarum
641 570 846 606 pluralitatem,
879 569 950 598 sieut
978 569 1047 598 sides
1069 569 1135 597 dicit
1155 572 1182 597 et

338 617 458 645 rationes
481 616 637 653 praedictae
659 616 824 647 ostendunt.
846 616 868 644 si
890 615 952 652 quis
968 616 1026 644 sine
1048 615 1183 644 contradi-

338 663 427 691 ctione
449 663 612 691 consideret.
635 662 702 690 Nam
724 662 830 690 ratione
845 662 1043 699 simplicitatis
1063 661 1182 690 essentia

337 713 378 738 est
399 708 639 738 communicabilis
660 711 687 737 et
708 711 805 745 potens
827 716 887 737 esse
901 709 908 721 ¹
931 708 959 736 in
974 708 1112 745 pluribus.
1134 709 1182 736 Ra-

338 755 411 784 tione
429 755 594 792 puniemus
616 762 735 791 persona
755 757 820 782 nata
842 758 883 783 est
903 762 939 783 ex
962 762 991 783 se
1016 754 1099 783 aliam
1121 763 1182 792 pro-

338 802 457 835 ducere;
479 805 506 830 et
526 809 594 830 voco
616 801 659 829 liic
680 801 850 838 primitatem
865 800 1119 836 innascibilitatem,
1142 810 1183 829 ra-

338 848 410 877 tione
436 849 530 882 euius.
563 852 594 876 ut
624 848 691 876 dicit
721 848 836 884 antiqua
867 848 974 884 opinio,
1000 851 1042 876 est
1073 848 1182 877 fontalis

337 895 481 931 plenitudo
503 895 530 923 in
552 895 631 923 Patre
652 894 687 922 ad
716 902 826 922 omnem
848 894 1068 928 emanationemg
1084 898 1111 923 et
1130 894 1182 923 hoe

338 941 409 969 infra
430 941 535 978 patebit
548 941 565 968 ².
597 941 707 969 Ratione
732 939 920 977 perfectionis
941 941 977 969 ad
992 941 1044 969 1100
1063 944 1104 969 est
1118 944 1183 978 apta

338 992 365 1017 et
380 991 524 1025 prompta;
540 988 644 1016 ratione
660 987 847 1016 beatitudinis
862 991 888 1015 et
901 987 1037 1016 caritatis
1059 988 1184 1016 volunta-

340 1036 389 1064 ria.
413 1034 521 1071 Quibus
543 1034 748 1063 conditionibus
769 1034 881 1071 positis,
897 1042 1010 1063 neeesse
1025 1037 1066 1063 est
1080 1042 1183 1071 ponere

339 1088 524 1119 personarum
546 1081 743 1118 pluralitatem.

422 1129 444 1156 1.
465 1128 503 1156 Ad
526 1127 595 1156 illud
616 1136 682 1164 ergo
704 1127 779 1164 quod
801 1128 931 1157 obiicitur
952 1128 979 1156 10
1002 1127 1183 1161 eontrarium,

339 1176 413 1212 quod
436 1174 548 1203 beatum
579 1182 629 1211 per
660 1173 807 1203 essentiam
831 1175 882 1203 sibi
905 1175 955 1203 soli
977 1174 1093 1209 suffieit,
1116 1182 1183 1211 ergo

339 1230 394 1251 non
416 1222 520 1260 indiget
541 1225 599 1257 ete;
621 1222 787 1256 dicendum,
809 1222 884 1258 quod
907 1229 1007 1250 verum
1028 1224 1085 1256 est,
1107 1221 1182 1258 quod

1025 165 1275 194 SENTENTLARUM
1297 165 1356 193 Llss.
1377 165 1395 193 l.

1239 250 1293 270 non
1314 242 1433 279 indiget;
1454 249 1504 270 nee
1525 242 1657 279 ponitur³
1678 242 1750 271 alius
1771 246 1885 280 propter
1901 244 2080 281 indigentiam

1239 297 1329 326 neque
1352 292 1483 325 tanquam
1506 288 1680 323 beatificans,
1703 289 1752 318 sed
1775 290 1800 318 in
1817 290 1988 320 beatitudine
2010 299 2081 320 eom-

1239 336 1393 364 munieans.

1317 383 1343 409 2.
1366 381 1496 410 Similiter
1516 382 1551 410 ad
1573 381 1642 410 illud
1658 383 1732 419 quod
1747 383 1889 417 obiicitur,
1904 384 1979 420 quod
1994 384 2082 413 deitas

1238 435 1326 464 aeque
1347 428 1428 465 plene
1449 430 1491 456 est
1512 428 1540 456 in
1562 436 1618 456 uno
1638 431 1665 456 et
1680 428 1707 456 in
1728 429 1893 465 pluribus⁴;
1916 430 2082 465 dicendum,

1238 474 1313 511 quod
1332 474 1383 502 etsi
1398 474 1433 502 sit
1453 482 1541 511 aeque
1557 474 1653 511 plene,
1668 483 1721 503 non
1738 478 1830 504 tamen
1846 475 1882 504 ita
1896 476 1977 512 plene
1996 476 2084 505 deela-

1239 523 1326 549 ratur.
1350 521 1380 548 Et
1398 524 1568 557 praetcrea,
1590 528 1623 549 eo
1638 520 1697 558 ipso
1711 529 1767 558 quo
1781 521 1862 558 plene
1877 524 1918 550 est
1939 522 1967 550 111
1988 522 2082 557 Patre,

1239 567 1378 595 redundat
1400 567 1426 595 in
1448 567 1516 595 alias
1538 575 1671 604 personas
1693 567 1878 596 redundantia
1899 568 2082 604 perfectionis.

1318 614 1342 642 3.
1365 614 1403 642 Ad
1426 614 1495 643 illud
1517 614 1591 651 quod
1613 614 1757 647 obiicitur,
1779 614 1852 651 quod
1876 614 2022 651 pluralitas
2044 623 2085 644 re-

1238 664 1343 698 pugnat
1364 661 1548 698 simplieitati3
1580 661 1745 695 dicendum,
1767 661 1842 698 quod
1874 664 1915 690 est
1945 662 2083 699 quaedam

1237 708 1385 745 pluralitas
1407 716 1457 745 per
1471 708 1651 736 additionem
1657 718 1667 741 ;
1689 710 1716 736 et
1737 707 1806 736 haec
1827 710 1980 744 repugnat3
2002 716 2084 745 quae-

1239 754 1303 782 dam
1325 762 1375 791 per
1397 754 1558 791 &mineum
1579 756 1606 782 et
1628 754 1696 782 liaeo
1720 762 1775 782 non
1803 754 1883 782 addit
1904 762 1953 783 nec
1975 762 2084 791 compo-

1238 800 1279 828 nit
1298 808 1349 829 000
1370 803 1507 838 repugnat
1529 800 1713 837 simplicitati,
1736 801 1785 829 sed
1806 801 1899 837 potius
1925 801 2083 836 solitudini3

1239 850 1266 875 et
1287 847 1326 876 sio
1347 850 1389 876 est
1409 848 1436 875 in
1458 847 1575 881 divinis,
1597 850 1628 875 ut
1649 847 1721 875 infra
1742 847 1847 884 patebit
1856 848 1873 875 ⁵.

1317 894 1343 922 [ι.
1367 894 1405 922 Ad
1427 894 1497 922 illud
1519 894 1594 930 quod
1615 893 1760 927 obiicitur,
1783 894 1857 931 quod
1880 894 1906 922 in
1928 894 2019 931 primo
2041 897 2082 923 est

1240 944 1344 975 statusg
1366 941 1532 975 dicendum⁷
1564 940 1639 977 quod
1669 940 1740 969 siout
1760 940 1787 969 in
1809 940 1935 970 essentiis
1963 949 2019 969 una
2040 944 2082 970 est

1239 987 1359 1016 essentia
1378 987 1484 1024 prima,
1512 995 1528 1015 a
1556 995 1612 1024 qua
1640 989 1704 1016 sunt
1723 988 1794 1016 aliae
1816 990 1843 1016 et
1864 987 1900 1016 ad
1922 995 2022 1024 quam,
2044 987 2084 1016 sie

1239 1034 1286 1063 et⁰
1306 1035 1333 1062 in
1356 1034 1482 1071 personis
1504 1037 1546 1063 est
1567 1042 1623 1062 una
1644 1042 1779 1071 persona,
1801 1043 1817 1062 a
1838 1042 1894 1071 qua.
1919 1036 1984 1063 sunt
2014 1034 2085 1063 aliae

1239 1083 1266 1109 et
1287 1081 1322 1109 ad
1344 1089 1446 1117 quain:
1469 1084 1495 1109 et
1517 1081 1544 1109 in
1566 1081 1613 1109 illa
1634 1084 1676 1110 est
1698 1084 1786 1110 status
1801 1081 1931 1118 originis,
1953 1081 2018 1118 quia
2038 1080 2085 1109 illa

1239 1135 1255 1155 a
1270 1127 1362 1162 011110,
1378 1130 1405 1155 et
1420 1127 1487 1156 haee
1503 1130 1544 1156 est
1559 1136 1676 1165 persona
1693 1128 1787 1156 Patris.
1804 1128 1880 1156 Unde
1896 1127 2066 1164 Augustinus
2076 1128 2086 1142 ⁷

1240 1174 1279 1203 illi
1302 1182 1437 1211 personae
1452 1175 1614 1212 appropriat
1629 1175 1780 1209 unitatem,
1795 1174 1903 1204 dicens:
1932 1185 1945 1201 «
1957 1174 1986 1208 ln
2007 1174 2086 1203 Patre

1240 1221 1357 1250 unitas»
1384 1224 1434 1250 etc.

1079 1311 1339 1348 SOHOLION.

405 1404 418 1425 1.
436 1404 493 1425 lutra
511 1403 533 1425 d.
552 1403 572 1425 3.
591 1409 613 1432 p.
630 1403 645 1424 1.
663 1410 685 1431 q.
704 1402 724 1424 4.
743 1403 764 1424 S.
782 1402 866 1424 Doetor
883 1402 963 1429 docet,
982 1401 1118 1428 mysterium
1136 1407 1184 1422 san-

340 1443 453 1465 ctissimae
472 1443 587 1464 Trinitatis
604 1442 651 1464 sola
669 1441 713 1463 lide
732 1442 839 1469 cognosci
858 1447 932 1469 posse.
959 1440 1012 1462 lude.
1038 1442 1113 1467 patet,
1137 1445 1183 1468 quo

340 1487 408 1503 sensu
427 1483 561 1511 argumenta
580 1481 672 1502 rationis
689 1481 711 1502 in
729 1481 771 1502 hae
783 1480 916 1508 quaestione
933 1481 955 1501 et
971 1478 1023 1501 alibi
1041 1479 1105 1501 allata
1123 1478 1184 1500 intel-

340 1519 430 1547 ligenda
449 1520 507 1547 sint,
525 1519 572 1541 scil.
590 1525 635 1540 non
652 1521 677 1541 ut
694 1519 769 1541 stricte
785 1518 979 1545 demonstrativa.
997 1517 1038 1539 sed
1055 1519 1142 1539 tantum
1160 1519 1185 1538 ut

342 1559 476 1586 persnasiva
494 1559 542 1580 sive
560 1557 688 1586 probabilia
707 1564 748 1585 per
765 1557 881 1585 quandam
894 1557 1067 1584 congruentiam
1081 1562 1107 1578 ex
1124 1556 1185 1584 prin·

338 1598 405 1625 eipiis
421 1597 474 1619 ndei
491 1597 645 1619 resultantem
672 1597 731 1618 Seot.
755 1597 791 1618 hic
808 1603 830 1625 q.
848 1596 870 1618 7.
887 1596 970 1618 diffuse
992 1595 1021 1617 de
1043 1596 1121 1617 valore
1144 1596 1185 1617 110-

338 1642 392 1659 rum
409 1639 599 1664 argumentorum
616 1635 717 1663 disputat
728 1638 750 1657 et
761 1636 818 1657 inter
833 1635 875 1657 alia
888 1635 955 1657 etiam
967 1636 1130 1662 argumentum
1148 1634 1185 1655 hie

340 1674 442 1697 secundo
460 1675 509 1696 loco
526 1675 626 1702 positum
644 1674 745 1696 refellere
768 1674 852 1696 nititur.
869 1685 901 1689 ——
918 1673 998 1701 Quoad
1021 1676 1184 1701 argumentum

339 1720 365 1736 ex
382 1716 463 1742 quarta
480 1714 638 1741 suppositione
656 1716 758 1735 sumtum
776 1713 816 1735 cir.
834 1713 890 1734 10110
908 1712 930 1734 d.
949 1712 985 1734 28.
1004 1719 1025 1740 q.
1048 1712 1065 1734 1.
1083 1724 1114 1728 -
1126 1712 1186 1740 Quot

341 1752 417 1774 modis
434 1758 498 1774 saera
515 1752 632 1780 Scriptura
649 1751 730 1773 doceat
753 1757 904 1779 personarum
922 1751 1073 1779 pluralitatem
1091 1751 1113 1772 in
1130 1751 1184 1779 Deo⁷

338 1790 440 1813 breviter
456 1790 551 1813 docetur
568 1791 624 1812 infra
636 1808 641 1818 ,
660 1791 702 1812 hie'
720 1790 777 1812 dul).
796 1790 817 1812 8.
834 1802 865 1806 —
883 1790 967 1812 Eadem
986 1790 1032 1812 sere
1050 1792 1185 1818 argumenta

339 1829 446 1852 exhibent
462 1830 523 1851 Alex.
541 1830 589 1851 Hal.
615 1830 664 1858 (qui
682 1829 763 1851 diffuse
782 1830 839 1851 hane
856 1830 974 1851 materiam
998 1831 1091 1857 tractat,
1113 1831 1135 1850 et
1159 1834 1185 1850 ex

1240 1407 1302 1429 quo,
1320 1404 1375 1423 teste
1392 1402 1501 1428 Dionysio
1518 1401 1606 1429 Carth,
1624 1401 1723 1429 plurima
1741 1402 1895 1429 posteriorum
1913 1400 2034 1423 doctorum
2051 1407 2087 1423 ar-

1240 1443 1348 1468 gumenta
1365 1443 1440 1462 sumta
1458 1440 1582 1468 videntur),
1596 1440 1617 1462 S.
1631 1440 1727 1468 Thom.,
1740 1439 1862 1468 uicum-d„
1881 1440 1920 1468 qui
1938 1439 2001 1462 addit
2023 1440 2087 1469 quin-

1239 1482 1288 1501 tum
1305 1482 1480 1507 argumentum,
1499 1479 1589 1507 aliique.

1304 1518 1327 1540 ll.
1345 1519 1367 1540 S.
1386 1518 1486 1545 Bonav.‚
1505 1518 1618 1546 Breviloq.
1636 1523 1659 1545 p.
1678 1517 1698 1539 ·1.
1716 1523 1735 1539 c.
1763 1518 1791 1544 2;
1817 1518 1890 1540 ltiner.
1916 1518 1998 1540 mentis
2020 1524 2039 1540 c.
2058 1518 2086 1545 6;

1240 1557 1346 1579 Hexaem.
1372 1557 1445 1578 Serui.
1475 1557 1508 1578 ll.
1534 1559 1556 1579 et
1582 1556 1618 1578 21.
1643 1568 1674 1572 —-
1699 1557 1760 1578 Alex.
1787 1556 1851 1585 liat,
1868 1557 1890 1578 S.
1914 1563 1937 1584 p.
1960 1557 1974 1579 1.
2000 1563 2022 1585 q.
2051 1556 2086 1579 lli.

1240 1602 1271 1617 m.
1293 1596 1310 1617 1.
1328 1595 1349 1617 5.
1367 1596 1388 1618 (3.
1404 1607 1436 1611 —
1453 1596 1527 1622 Seot.‚
1547 1596 1582 1616 hie
1600 1601 1622 1623 q.
1642 1594 1662 1617 lt.
1685 1595 1717 1623 Ἲς
1747 1595 1840 1623 Report.
1868 1596 1904 1617 hie
1929 1602 1950 1624 q.
1978 1595 1998 1617 5.
2016 1607 2047 1612 —
2064 1596 2086 1618 S.

1241 1634 1338 1662 Thom.‚
1357 1635 1393 1656 hie
1410 1640 1432 1662 q.
1455 1634 1471 1656 Ι.
1490 1640 1510 1656 a.
1528 1633 1556 1662 43
1586 1634 1608 1656 S.
1626 1634 1640 1656 l.
1658 1640 1680 1662 q.
1699 1634 1735 1656 30.
1754 1640 1773 1656 a.
1802 1634 1819 1656 1.
1838 1635 1867 1663 23
1884 1634 1906 1656 S.
1924 1640 1943 1656 e.
1969 1635 2033 1656 Gent.
2051 1634 2087 1659 lV.

1241 1679 1260 1695 e.
1279 1674 1323 1701 263
1342 1673 1423 1701 Quodl.
1441 1673 1463 1695 7.
1482 1679 1501 1695 a.
1520 1673 1541 1695 6.
1559 1685 1591 1689 —
1608 1673 1631 1695 B.
1650 1672 1734 1695 Albert.
1762 1673 1804 1701 lit,
1823 1673 1859 1695 hic
1876 1679 1896 1695 a.
1914 1673 1958 1702 20;
1976 1673 1998 1695 S.
2025 1679 2048 1701 p.
2073 1673 2087 1695 1.

1242 1715 1268 1734 tr.
1287 1712 1308 1734 (3.
1327 1718 1348 1740 q.
1367 1712 1404 1733 29.
1422 1718 1441 1733 a.
1460 1712 1481 1734 2.
1499 1718 1529 1734 m.
1549 1712 1569 1734 1.
1587 1723 1618 1728 —-
1635 1712 1693 1734 Petr.
1710 1718 1722 1733 a
1741 1712 1808 1740 Tau,
1826 1712 1863 1734 hic
1880 1718 1902 1741 q.
1928 1712 1949 1734 2.
1972 1718 1992 1734 a.
2019 1712 2040 1734 1¹.
2056 1724 2088 1728 —

1241 1750 1347 1773 Riehard.
1366 1757 1378 1772 a
1396 1751 1468 1779 Med,
1487 1751 1523 1773 hic
1540 1757 1560 1772 a.
1579 1751 1599 1773 2.
1618 1757 1640 1779 q.
1659 1751 1679 1772 1.
1696 1763 1728 1767 -
1745 1751 1818 1779 AEgid.
1836 1751 1878 1779 R.‚
1905 1751 1941 1774 hi'c
1966 1752 1987 1773 2.
2014 1752 2087 1779 princ.

1242 1796 1264 1819 q.
1287 1791 1304 1811 1.
1321 1802 1353 1806 -
1370 1790 1437 1812 11001,
1455 1789 1543 1818 60011.,
1562 1790 1584 1811 S.
1602 1796 1622 1811 a.
1641 1789 1677 1812 53.
1695 1796 1717 1818 q.
1737 1790 1757 1812 Β,
1775 1802 1807 1806 -
1828 1790 1945 1819 Durand.‚
1971 1790 2008 1812 hic
2025 1796 2047 1819 q.
2066 1790 2086 1812 4.

1241 1841 1272 1845 —-
1288 1828 1397 1857 Dionys,
1415 1829 1451 1851 liic
1469 1835 1490 1857 q.
1509 1828 1531 1850 5.
1548 1841 1579 1845 -—
1596 1829 1641 1850 Biel
1652 1846 1657 1856 ‚
1676 1829 1712 1851 hic
1729 1835 1751 1857 q.
1774 1829 1807 1851 11.

1061 1930 1271 1967 QUAESTIO
1301 1930 1361 1958 111.

762 2017 865 2046 Utrum
887 2024 1031 2044 tumueras
1052 2015 1227 2044 divinarum
1244 2023 1445 2052 personarum
1465 2014 1504 2043 sic
1525 2014 1666 2052 infinitus.

419 2127 625 2163 Consequenter
645 2126 727 2155 tertio
748 2126 808 2155 loco
834 2126 996 2163 quaeritur,
1028 2128 1126 2153 utrum
1157 2124 1184 2153 in

341 2173 443 2202 divinis
463 2173 589 2210 personis
604 2172 639 2201 sit
653 2180 756 2209 ponere
785 2172 957 2201 infinitatem.
981 2172 1012 2200 Et
1033 2171 1108 2208 quod
1131 2171 1185 2205 sie,

341 2220 497 2248 ostenditur
518 2219 570 2247 hoe
591 2219 681 2247 modo.

422 2267 445 2294 1.
467 2266 537 2302 Quia
558 2269 686 2294 ereatura
707 2266 767 2295 est⁸
788 2265 880 2300 finita,
895 2269 922 2294 et
936 2265 1074 2302 quidquid
1095 2268 1137 2294 est
1158 2265 1185 2293 in

342 2313 410 2349 ipsa,
424 2315 466 2341 est
484 2315 548 2341 actu
563 2312 686 2340 finitum:
709 2320 775 2349 ergo
791 2312 826 2341 ab
842 2312 990 2349 oppositis,
1006 2312 1071 2349 quia.
1092 2311 1186 2340 divina

342 2359 460 2388 essentia
474 2362 515 2388 est
529 2359 650 2394 infinita,
666 2359 802 2396 quidquid
817 2362 859 2388 est
874 2360 901 2387 in
916 2359 985 2396 ipsa,
1006 2361 1048 2387 est
1064 2358 1183 2387 infinite:

1243 2132 1309 2161 ergo
1331 2132 1395 2153 cum
1418 2124 1445 2152 in
1466 2124 1522 2153 Deo
1544 2124 1579 2153 sit
1600 2132 1736 2153 numerus
1751 2132 1951 2161 personarum,
1977 2124 2030 2153 erit
2050 2124 2089 2152 in-

1243 2171 1354 2204 finitus;
1375 2174 1402 2199 et
1423 2171 1461 2199 ita
1482 2174 1565 2199 erunt
1586 2179 1721 2208 personae
1742 2171 1873 2200 infinitae.

1322 2219 1347 2246 02.
1370 2218 1452 2252 Item,
1474 2226 1539 2246 eum
1560 2217 1667 2255 duplex
1690 2217 1724 2246 sit
1742 2214 1880 2252 infinitas,
1901 2217 2041 2246 virtuales
2060 2220 2088 2247 et

1241 2264 1440 2299 numeralffl,
1472 2265 1593 2294 infinitas
1623 2264 1763 2293 virtualis
1793 2267 1835 2293 est
1863 2265 1891 2293 in
1919 2264 1990 2293 Deo:
2020 2272 2086 2301 ergo

1242 2311 1302 2348 pari
1324 2311 1429 2340 ratione
1444 2311 1565 2341 infinitas
1580 2311 1758 2340 numeratis:
1788 2319 1854 2348 ergo
1882 2311 1910 2340 in
1938 2312 1995 2340 Deo
2022 2314 2088 2340 sunt

1242 2357 1366 2386 infinitae
1383 2365 1526 2394 personae.

405 2483 412 2497 1
430 2483 486 2506 Cod.
503 2484 523 2505 K
541 2485 564 2506 et
576 2484 653 2513 potest
670 2490 724 2506 csse.
743 2483 798 2506 Cod.
817 2484 834 2506 0
851 2485 877 2506 ut
891 2485 974 2513 potens
991 2490 1047 2507 esse.

404 2522 414 2535 2
430 2522 485 2544 Dist.
504 2522 540 2544 27.
559 2528 581 2550 p.
599 2522 613 2544 1.
631 2529 653 2551 q.
672 2523 692 2544 2.
710 2522 740 2544 ad
758 2523 778 2544 3.
799 2535 830 2538 —
842 2523 890 2545 Mox
903 2526 955 2550 post
972 2522 1079 2546 caritatis
1096 2523 1188 2545 additur

342 2561 364 2582 in
383 2561 433 2582 Vat.
451 2560 531 2583 euclem
548 2561 647 2584 essentia
664 2561 743 2584 divina.
760 2563 805 2589 est,
825 2562 887 2590 quod
905 2562 970 2585 abest
981 2568 993 2584 a
1006 2568 1061 2584 mss.
1073 2564 1096 2584 et
1112 2561 1147 2584 ed.
1167 2562 1187 2583 1.

346 2598 394 2621 Cod
412 2599 429 2621 R
447 2599 521 2621 verbo
539 2599 686 2622 beatitudinis
703 2601 826 2628 praemittit
843 2600 958 2623 bonitatis.

408 2637 417 2651 ³
435 2638 583 2660 Restituimus
601 2639 719 2661 lectionem
738 2639 784 2661 sere.
801 2640 905 2661 omnium
928 2641 1076 2668 antiquorum
1093 2645 1148 2661 mss.
1166 2641 1188 2661 et

340 2675 379 2698 ed.
402 2676 406 2697 1
428 2676 588 2699 substituendo
596 2677 696 2706 ponitur
709 2678 759 2701 loco
768 2677 892 2706 ponendus
905 2679 940 2700 esc
950 2681 972 2700 et
983 2678 1090 2700 addendo
1101 2684 1184 2707 neque,

346 2714 409 2742 quod
428 2715 477 2736 Vat.
495 2721 548 2737 cum
565 2716 690 2738 recentiore
708 2716 758 2738 cod.
783 2722 809 2738 cc
826 2716 927 2739 indebite
945 2718 1033 2739 omittit.

408 2752 417 2767 4
435 2754 484 2775 Vat.
507 2755 632 2783 liic,‹.sicuti
651 2761 728 2783 supra,
747 2758 824 2778 contra
841 2756 981 2783 antiquiores
998 2755 1066 2778 codd.
1083 2759 1105 2778 et
1121 2755 1157 2777 ed.
1179 2755 1184 2776 1

345 2797 417 2820 aeque
432 2791 504 2820 plena
521 2794 544 2815 et
555 2792 660 2821 perfecta
676 2794 711 2815 est
732 2792 756 2816 in
772 2799 821 2816 mio
843 2795 871 2816 ut
886 2794 911 2816 m
926 2794 1051 2823 pluribus,
1071 2795 1122 2816 licet
1139 2795 1187 2822 ipsa

344 2830 367 2853 in
385 2830 536 2858 sequentibus
553 2837 645 2859 semper
662 2832 771 2854 adhibeat
787 2832 925 2855 adverbium
942 2833 1015 2862 plene.

407 2868 417 2883 ⁵
433 2869 488 2891 Dist.
507 2870 527 2891 8.
546 2876 568 2897 p.
586 2870 609 2891 11.
631 2876 650 2891 a.
670 2871 690 2892 l.
713 2877 734 2899 q.
757 2871 774 2892 1.
793 2874 815 2892 et
831 2871 853 2893 d.
872 2872 908 2893 23.
927 2878 946 2893 a.
965 2873 985 2893 2.
1004 2879 1025 2901 (1.
1048 2873 1065 2894 1.
1083 2875 1104 2894 et
1121 2872 1142 2894 2.
1159 2883 1190 2887 -—-

346 2908 417 2930 Paulo
435 2911 486 2930 ante
503 2908 554 2930 cod.
572 2908 593 2930 X
610 2908 688 2931 solum
705 2909 754 2931 loeo
768 2909 855 2938 potius.

1306 2483 1316 2498 ὃ
1333 2484 1355 2505 10
1373 2483 1423 2506 Vat.
1441 2486 1463 2505 et
1480 2483 1605 2505 recentiore
1623 2482 1673 2504 cod.
1692 2488 1718 2504 cc
1735 2482 1799 2505 deest
1821 2474 1859 2510 et,
1880 2482 1943 2511 quod
1968 2485 2043 2505 tamen
2065 2483 2087 2504 in

1245 2522 1343 2550 antiquis
1370 2527 1424 2543 mss.
1447 2524 1469 2543 et
1491 2520 1526 2543 ed.
1549 2521 1553 2542 1
1576 2520 1685 2548 habetur,
1703 2522 1726 2543 et
1751 2521 1846 2549 quidem
1863 2520 1930 2543 bene.
1948 2520 2017 2542 Paulo
2035 2523 2088 2548 post

1245 2561 1295 2583 cod.
1314 2561 1334 2583 X
1352 2560 1420 2583 nulla
1437 2566 1480 2588 pro
1496 2559 1571 2582 mallo.

1306 2599 1316 2614 ⁷
1333 2599 1393 2621 Libr.
1412 2599 1425 2620 l.
1444 2599 1473 2621 de
1489 2598 1564 2620 Doctr.
1583 2599 1659 2620 christ.
1677 2604 1696 2620 c.
1714 2598 1735 2620 5.
1757 2605 1778 2620 0.
1805 2598 1832 2620 5:
1850 2599 1872 2620 ln
1890 2598 1955 2621 Patre
1967 2599 2052 2626 unitas,
2065 2598 2086 2620 in

1245 2638 1298 2660 Filio
1316 2638 1453 2666 aequalitas,
1471 2638 1493 2659 in
1511 2637 1596 2664 Spiritu
1614 2637 1636 2659 S.
1654 2638 1745 2659 unitatis
1757 2637 1944 2666 aequalitatisque
1957 2636 2085 2659 concordia.

1306 2675 1316 2690 ³
1333 2676 1362 2698 lta
1380 2675 1447 2698 codd.
1470 2675 1550 2698 et.ed.
1577 2676 1582 2697 1
1597 2693 1602 2703 ,
1624 2675 1681 2697 (11101
1699 2676 1749 2698 Vat.
1767 2676 1879 2699 creatura
1896 2681 1951 2698 eum
1967 2674 1997 2697 sit
2012 2673 2087 2704 finita.

1245 2715 1313 2737 Paulo
1331 2717 1382 2742 post
1399 2714 1449 2736 cod.
1467 2720 1492 2736 cc
1510 2713 1629 2744 infinitum
1646 2720 1688 2742 pro
1705 2713 1801 2744 infinite.
1814 2714 1863 2736 Mox
1879 2713 1946 2736 codd.
1964 2713 1981 2735 A
1992 2713 2020 2735 W
2037 2713 2087 2735 loeo

1245 2753 1351 2784 infinitus
1368 2753 1452 2775 habent
1463 2752 1567 2782 infimte;
1579 2753 1648 2781 aliqui
1661 2756 1737 2775 autem
1750 2753 1816 2775 codd.
1829 2756 1854 2776 ut
1863 2753 1881 2774 M
1890 2753 1908 2774 Τ
1918 2753 1937 2775 V
1948 2752 1968 2774 X
1986 2758 2038 2774 cum
2050 2752 2086 2774 ed.

1249 2794 1253 2815 1
1276 2794 1351 2815 minus
1368 2796 1420 2821 apte
1437 2793 1508 2814 erunt
1523 2791 1628 2821 l'nfim'lue
1645 2798 1687 2820 pro
1704 2792 1750 2815 erit
1771 2791 1894 2822 [nfinitus;
1911 2791 1952 2814 sed
1969 2791 2022 2813 nihil
2039 2797 2088 2813 mu-

1236 2832 1340 2857 ‚tandum
1357 2832 1472 2854 duximus.
1633 2827 1635 2829 ¹

1306 2871 1316 2885 ⁹
1333 2871 1377 2894 Csr.
1395 2871 1497 2899 August..
1515 2870 1544 2892 (le
1562 2870 1643 2898 Quant.
1662 2871 1751 2892 animae
1763 2877 1782 2892 e.
1801 2871 1822 2892 3.
1839 2873 1861 2893 et
1877 2876 1941 2899 seqq.
1958 2882 1990 2886 -
2001 2868 2056 2892 Cod.
2069 2869 2088 2891 R

1245 2910 1282 2932 1110
1300 2916 1345 2932 non
1362 2910 1420 2931 male
1438 2909 1501 2931 addit
1518 2908 1544 2931 si.
