2253 3317
196 624 294 641 Conclusio
306 623 320 640 l.

195 763 292 781 Conclusio
301 762 318 780 2,

196 995 293 1013 Conclusio
303 995 319 1013 ³.

339 122 394 150 ‘2⁹24

338 206 437 228 musae
459 198 573 235 prioris.
596 198 643 226 sed
658 205 707 234 per
728 196 851 225 medinm
870 196 983 224 omnino
1004 195 1178 233 producitur,

339 245 423 282 priori
445 252 498 272 non
526 247 689 280 cooperante
704 243 727 277 ’ς
749 245 776 271 et
800 243 868 271 haee
896 243 962 271 dicit
992 242 1123 270 ordinem
1152 245 1178 270 et

337 291 531 319 diversitatem
554 289 695 326 agentium
716 292 742 317 et
762 288 984 325 separationem.
1007 287 1073 315 Alto
1094 287 1178 315 modo

337 338 439 367 dicitnr
460 336 598 367 mediatio,
610 338 692 372 prout
707 335 773 364 dicit
787 335 918 364 ordinem.
930 342 1079 363 causarum
1091 334 1125 362 ad
1142 334 1178 361 in-

337 384 433 413 vicem.
448 391 501 411 non
516 382 730 418 separationem
746 382 772 409 in
787 382 902 418 agendo,
918 381 967 409 sed
982 381 1072 409 solnm
1088 381 1179 408 diver-

335 430 449 457 sitatem.
470 428 632 465 agentium²
655 431 681 457 et
702 428 837 456 ordinem.
865 427 958 455 Tertio
978 427 1073 459 modo,
1095 429 1178 463 prout

336 475 402 504 (licit
429 475 573 507 ordinem,
596 482 649 502 uon
677 477 770 502 tamen
797 473 1013 510 separationem
1041 473 1176 501 virtutum

336 521 476 558 agentium
497 528 547 549 nec.
568 520 773 548 [aversantem.

414 567 520 595 Prima
542 567 672 595 mediatio
698 574 752 594 non
774 566 847 594 eadit
869 566 895 594 in
924 566 995 597 Deo,
1017 565 1082 602 quia
1102 565 1177 593 Deus

335 616 377 641 est
390 621 474 641 causa.
488 612 650 649 simpliciter
664 612 767 649 prima,
782 612 862 640 euius
877 611 1020 640 influentia
1038 614 1079 640 est
1093 613 1177 645 tanta,

335 661 409 697 quod
431 660 508 688 mitta.
529 663 657 688 creatura
677 659 783 696 aliquid
808 659 872 695 agit,
891 659 952 687 eius
974 658 1116 686 influentia
1137 665 1178 685 re.-

336 710 424 741 mota3
445 709 472 735 et
492 706 554 734 ideo
569 706 637 734 nihil
658 706 694 733 a³
714 706 771 734 Deo
786 705 844 733 exit
860 705 979 734 mediate
1001 707 1117 733 tantum.
1134 704 1178 732 Se-

335 753 432 782 cunda
454 753 584 781 mediatio
605 752 678 781 cadit
706 752 733 780 in
754 752 811 780 Deo
833 754 960 788 respectu
982 751 1097 779 effeetus
1117 758 1178 787 pro-

335 800 410 828 ducti
431 808 447 828 a
468 807 551 827 causa
573 802 677 833 creata,
699 798 764 835 quia
780 798 816 826 ibi
838 801 879 826 est
894 797 965 826 ordo
986 805 1134 825 causarum
1151 799 1177 825 et

335 846 490 874 diversitas
512 846 664 877 virtutum.
686 845 733 873 sed
756 848 847 873 tamen
870 853 924 872 non
949 847 991 872 est
1010 843 1176 880 separatio,

335 894 400 931 quia
427 893 500 921 Deus
522 893 616 920 intime
640 893 710 929 agit,
739 892 805 929 quia
832 900 882 929 per
910 899 939 919 se
965 891 1070 928 ipsum:
1102 890 1177 927 agit⁴

334 939 514 968 nihilominus
528 946 577 975 per
599 938 731 966 virtutem
753 941 887 972 creatam,
909 945 981 974 quae
1000 937 1035 965 ab
1053 937 1112 974 ipso
1127 939 1176 965 est.

342 986 438 1014 Tertia
459 985 589 1014 mediatio
616 985 689 1013 cadit
711 985 737 1013 in
759 985 917 1022 operatione
945 984 1051 1017 divina,
1074 984 1100 1012 in
1122 992 1177 1021 qua

335 1036 399 1061 sunt
427 1035 539 1069 agentes
566 1039 712 1069 personae,
735 1031 762 1059 in
790 1031 893 1068 quibus
914 1031 1067 1059 attenditur
1095 1031 1176 1063 ordo,

334 1079 399 1116 quia
420 1087 475 1107 una
497 1079 580 1107 habet
594 1079 629 1107 ab
649 1078 702 1106 alia
717 1078 792 1115 quod
807 1081 878 1115 agat,
901 1077 949 1106 sed
965 1081 1056 1105 tamen
1071 1085 1121 1106 nec
1136 1080 1176 1105 est

334 1126 371 1154 ihi
394 1126 530 1154 virtutum
549 1125 705 1153 diversitas
733 1132 783 1153 net:
803 1124 953 1161 separatio
974 1124 1018 1152 vel
1047 1124 1177 1152 distantia

333 1172 435 1209 aliqua,
457 1172 542 1200 immo
564 1180 619 1200 una
640 1172 743 1200 virtute
762 1174 789 1199 et
809 1178 898 1207 aeque
914 1171 1009 1199 intime
1030 1173 1124 1207 agunt.
1148 1170 1178 1198 Et

334 1219 372 1247 sic.
394 1219 472 1247 Pater
495 1218 632 1247 mediante
654 1218 719 1246 Filio
741 1217 870 1255 producit
885 1217 1017 1254 Spiritum
1037 1219 1176 1248 sanctum,

334 1273 387 1293 uon
408 1265 473 1302 quia
495 1265 529 1293 sit
550 1264 673 1293 medium
697 1264 842 1292 distantiae
864 1264 907 1292 vet
929 1263 1109 1293 differentiae.
1129 1263 1177 1291 sed

1029 118 1280 146 SENTENTmRUM
1301 117 1360 146 LIB.
1382 118 1400 145 l.

1233 194 1313 231 quia,
1335 195 1409 231 quod
1431 194 1515 223 Filius
1536 195 1686 232 producat,
1708 196 1760 224 hoc
1781 196 1865 224 habet
1886 204 1902 224 a
1923 196 2015 231 Patre,
2038 197 2075 225 ita
2245 232 2246 235 Ἰ

1234 241 1308 278 quod
1331 244 1372 269 est
1387 240 1423 269 ibi
1445 241 1559 278 quidam
1579 242 1656 270 ordo.
1680 243 1710 271 Et
1730 243 1769 271 sic
1784 245 1858 280 patet
1880 243 2022 280 responsio
2040 244 2074 271 ad
2110 251 2166 277 ,miei
2187 257 2219 270 re-
2245 270 2246 273 ,

1234 294 1368 323 sequens,
1390 294 1453 314 eum
1476 286 1556 321 dicit,
1578 288 1652 324 quod
1676 288 1827 317 mediatum
1842 291 1869 318 et
1883 288 2075 317 immediatum
2089 273 2180 320 Εἷῖξὲεῑῖἓ,
2199 275 2216 293 ¹'

1235 336 1299 361 sunt
1320 333 1461 369 opposita3
1483 341 1581 361 verum
1597 337 1638 362 est
1652 335 1725 363 enim
1748 335 1838 372 primo
1854 335 1944 363 niodo.
1959 335 2008 363 sed
2023 343 2075 363 non

1235 379 1358 407 secundo
1379 386 1428 407 nec
1450 379 1560 407 tertio-⁵.

1313 427 1338 454 2.
1361 426 1399 454 Ad
1425 426 1494 454 illud
1515 426 1590 463 quod
1616 427 1755 461 obiicitur.
1776 428 1851 464 quod
1876 428 1950 456 Deus
1972 428 2076 456 nullius
2105 436 2219 462 sunnon„-

1234 475 1275 501 est
1297 480 1380 501 causa
1395 480 1445 509 per
1467 473 1606 507 accidens,
1622 481 1688 510 ergo
1706 481 1756 502 nec
1771 474 1903 508 mediate3
1918 474 2077 506 dicendum.
2092 460 2200 482 ¹³⁰³¹‘⁰”¹¹¹¹'

1234 518 1309 555 quod
1320 527 1374 555 per
1395 519 1530 547 accidens
1544 519 1659 557 aliquid
1680 528 1807 548 causare
1823 520 1938 557 derogat
1952 521 2078 549 veritati⁶

1234 573 1334 594 causae
1356 574 1513 602 supremae.
1534 566 1611 595 Illius
1638 566 1711 595 enim
1738 566 1839 595 dieitur
1861 566 1966 604 aliquid
1994 575 2078 596 causa,

1234 620 1294 640 esse
1315 620 1365 649 per
1379 612 1520 646 accidens,
1535 613 1615 641 euius
1636 616 1678 641 est
1699 621 1782 641 eausa
1796 621 1847 650 per
1867 612 1970 650 aliquid
1987 613 2076 648 aliud,
2113 621 2172 648 causa
2185 626 2221 644 per

1234 658 1308 695 quod
1330 666 1384 686 non
1406 661 1447 687 est
1461 659 1496 686 ab
1511 659 1579 696 ipso,
1601 651 1649 687 sed
1664 659 1790 693 aliunde3
1812 659 1834 687 si
1856 667 1922 696 ergo
1936 659 2011 688 Deus
2031 644 2182 688 ali-³⁰⁰¹d⁸¹¹⁵'

1234 704 1314 733 cuins
1335 707 1408 733 esset
1422 712 1506 733 eausa
1521 712 1571 741 per
1591 705 1731 739 accidens,
1753 713 1807 733 non
1828 708 1901 734 esset
1915 713 1999 734 causa
2020 705 2079 734 uni-

1235 750 1422 779 versalissima
1443 753 1470 779 et
1490 751 1595 788 prima,
1617 753 1643 779 et
1666 751 1702 779 ita
1723 759 1774 779 nec
1799 751 1979 780 nobilissima.
2002 751 2053 780 Sed
2068 751 2076 766 ⁷

1233 797 1370 825 mediatio
1391 805 1445 825 nou
1474 800 1611 834 repugnat
1632 797 1767 825 nobilitati
1792 805 1892 826 causae
1920 806 2077 835 supremae.

1233 844 1354 872 Causare
1369 843 1441 872 enim
1457 843 1579 880 aliquid8
1591 852 1644 880 per
1658 852 1688 872 se
1708 847 1736 872 et
1756 852 1807 881 per
1822 844 1848 872 id
1871 844 1946 881 quod
1961 844 1997 873 ab
2015 845 2077 882 ipso

1233 894 1273 918 est
1294 898 1347 918 non
1374 890 1440 918 dic-it
1462 889 1668 926 indignitatem,
1697 890 1782 918 immo
1807 890 1985 927 dignitatem,
2012 891 2078 928 quia

1234 936 1353 973 dignitas
1374 939 1416 964 est
1440 944 1493 964 non
1516 939 1623 964 tantum
1649 944 1700 973 per
1721 944 1750 965 se
1771 936 1877 973 aliquid
1905 944 2000 974 posse,
2029 937 2078 966 sed

1233 990 1314 1020 posse
1334 982 1379 1010 alii
1402 982 1620 1017 communicare,
1643 983 1676 1011 ita
1701 985 1793 1011 tamen
1808 983 1884 1020 quod
1905 982 1951 1011 ille
1973 983 2031 1012 sine
2045 990 2078 1011 eo

1233 1029 1302 1058 nihil
1324 1029 1418 1066 possit.

1312 1075 1338 1104 3.
1359 1075 1398 1104 Ad
1420 1075 1489 1104 illud
1511 1076 1585 1113 quod
1612 1075 1710 1104 ultimo
1731 1075 1868 1109 obiicitur,
1897 1075 1972 1112 quod
1994 1075 2079 1104 Filius

1233 1126 1275 1152 est
1299 1123 1485 1152 immediatior
1508 1131 1607 1157 causa;
1629 1123 1791 1158 dicendum,
1813 1123 1888 1160 quod
1916 1131 1970 1151 non
1991 1123 2078 1158 valet,

1233 1169 1299 1206 quia
1320 1169 1370 1197 ista
1386 1169 1530 1203 mediatio,
1545 1177 1617 1206 quae
1631 1168 1774 1206 praedicta
1795 1172 1848 1203 est,
1864 1177 1918 1198 non
1939 1171 2078 1207 repugnat

1234 1215 1445 1247 immediationi.
1467 1218 1494 1244 et
1515 1216 1577 1245 ideo
1597 1224 1652 1244 non
1674 1215 1804 1244 diminuit
1824 1223 1894 1245 eam.

1077 1376 1336 1411 SGHOLION.

397 1491 411 1512 Ι.
429 1491 471 1512 Pro
488 1490 638 1512 elucidatione.
655 1490 723 1512 huius
739 1490 880 1518 quaestionis
897 1489 984 1511 servire.
1009 1491 1084 1516 potest
1113 1488 1176 1517 quod

314 1546 316 1550 ,
335 1530 388 1552 dicit
404 1530 461 1551 Petr.
479 1536 491 1551 a
509 1529 561 1551 Tar.
580 1528 637 1557 (hic
655 1535 676 1557 q.
698 1529 716 1550 l.
734 1535 754 1550 a.
772 1528 826 1555 3.):
848 1527 1019 1555 «Respieiendo
1045 1527 1074 1549 ad
1096 1528 1177 1555 princi-

334 1569 399 1596 pium
426 1573 473 1596 quo
498 1568 597 1595 spirant,
616 1573 688 1596 aeque
706 1567 837 1589 immediate
854 1566 957 1594 procedit
974 1566 1071 1593 Spiritus
1086 1568 1178 1588 sanctus

334 1613 346 1629 a
364 1607 438 1635 Patre,
457 1607 514 1629 sicut
526 1613 537 1628 a
551 1606 619 1633 Filio;
637 1606 780 1633 respiciendo
797 1605 827 1627 ad
844 1606 906 1633 ipsos
922 1604 1056 1633 spirantes,
1076 1605 1178 1627 similiter

333 1652 407 1674 aeque
424 1646 554 1668 immediate
572 1645 673 1673 procedit
692 1651 704 1667 a
722 1645 800 1672 Patre,
818 1645 875 1666 sieut
893 1650 905 1666 a
923 1644 989 1671 titio,
1007 1643 1048 1666 sed
1066 1644 1176 1665 nihilomi-

334 1691 377 1706 nus
394 1685 461 1706 etiam
480 1683 578 1706 mediate
594 1684 695 1711 procedit
714 1690 726 1705 a
744 1684 823 1709 Patre,
842 1683 895 1711 quia
922 1689 965 1704 non
991 1683 1066 1704 solum
1090 1688 1131 1709 per
1153 1688 1177 1703 st·

333 1724 418 1751 spirat,
436 1723 477 1745 sed
493 1724 561 1745 etiam
579 1723 694 1745 mediante
712 1723 797 1744 Filio».

396 1763 419 1784 lt.
436 1763 548 1784 Locutio:
571 1761 697 1791 procedere
722 1761 840 1784 mediante
866 1760 925 1783 Filio
951 1762 973 1782 in
998 1760 1081 1783 eodem
1107 1766 1176 1782 sensu

333 1801 457 1829 explicatur
474 1808 486 1823 a
503 1802 525 1823 S.
543 1801 625 1823 Thom.
644 1801 682 1827 (S.
700 1801 714 1823 l.
732 1807 754 1829 q.
774 1801 809 1822 36.
828 1807 847 1822 a.
869 1800 889 1822 3.
910 1800 940 1822 ad
965 1800 982 1821 t.
1005 1799 1048 1827 2.).
1071 1811 1101 1815 ——
1120 1799 1177 1821 Tres

333 1840 395 1862 modi
413 1840 570 1867 mediationis,
595 1840 633 1868 qui
660 1841 681 1861 in
707 1840 773 1862 solut.
801 1839 830 1862 ad
859 1840 876 1861 l.
902 1841 1040 1863 occurrunt.
1066 1838 1177 1866 exemplis

332 1880 407 1906 magis
424 1879 529 1901 illustrari
546 1881 649 1906 possunt.
667 1879 734 1900 Primi
748 1878 810 1900 modi
823 1878 954 1905 exemplum
967 1880 1001 1899 est
1012 1883 1078 1905 avus,
1092 1877 1131 1905 qui
1144 1879 1176 1898 est

333 1924 400 1939 causa
420 1920 506 1940 tantum
524 1918 621 1940 mediata
639 1917 737 1939 fitiorum
764 1918 799 1939 sui
817 1917 869 1942 fitii;
888 1919 908 1939 et
926 1918 958 1939 sie
975 1915 1073 1939 mediate
1090 1919 1112 1937 et
1137 1915 1177 1938 im-

334 1955 434 1978 mediate
450 1956 623 1978 contradictorie
641 1958 803 1983 opponuntur,
816 1961 858 1977 nec
871 1955 919 1977 talis
932 1954 1039 1977 mediatio
1051 1954 1097 1976 Deo
1109 1953 1177 1975 tribui

334 1997 414 2022 potest.
433 1995 531 2017 Secundi
553 1995 616 2017 modi
638 1995 769 2022 exemplum
792 1995 814 2016 in
839 1995 889 2022 ipso
906 1996 966 2015 textu
984 1993 1112 2020 adducitur,
1130 1993 1177 2014 scil.

334 2034 464 2061 cooperatio
482 2034 521 2056 Dei
539 2039 592 2055 cum
609 2033 698 2055 actibus
715 2035 880 2055 creaturarum.
898 2033 958 2054 Deus
975 2033 1035 2054 enim
1053 2032 1085 2054 sic
1097 2037 1179 2059 opera-

334 2074 370 2093 tur
395 2071 548 2094 mediantibus
566 2072 641 2093 causis
657 2071 779 2098 secundis,
797 2074 822 2093 ut
846 2074 921 2093 tamen
939 2072 980 2093 ista
1005 2071 1113 2093 medIatio
1133 2076 1177 2092 non

1234 1488 1340 1510 excludat
1356 1488 1513 1510 immediatam
1530 1489 1686 1516 operationem
1705 1488 1821 1517 divinam,
1835 1493 1880 1517 qua
1896 1488 1975 1509 intimo
1991 1488 2081 1515 attingit

1234 1531 1256 1550 et
1272 1534 1366 1550 causam
1384 1528 1510 1550 secundam
1528 1529 1550 1549 et
1566 1528 1671 1549 effectum
1688 1528 1752 1555 eius;
1774 1528 1807 1550 sic
1822 1530 1925 1550 sumtum
1949 1526 2079 1550 mediatam

1234 1569 1256 1589 et
1272 1566 1434 1589 immediatum
1459 1573 1503 1588 non
1529 1569 1684 1594 opponuntur.
1712 1566 1802 1589 Tertius
1827 1566 1911 1589 modus
1935 1565 2080 1588 mediationis

1234 1606 1326 1633 respicit
1343 1608 1429 1627 tantuin
1442 1604 1549 1627 ordinem
1561 1605 1692 1627 divinarum
1704 1611 1857 1632 personarum
1869 1604 1898 1627 ad
1910 1605 2016 1632 invicem,
2029 1605 2078 1627 sive

1234 1644 1363 1665 attendatur
1380 1644 1401 1665 in
1420 1643 1530 1671 operibus
1548 1643 1631 1665 divinis
1648 1643 1678 1665 ad
1694 1645 1771 1670 extra,
1790 1649 1849 1672 quae
1866 1645 1919 1665 sunt
1935 1643 2043 1671 indivisa,
2057 1646 2079 1665 et

1235 1684 1310 1703 tamen
1328 1684 1450 1709 operantes
1467 1687 1579 1709 personae
1597 1680 1682 1703 hahent
1699 1681 1803 1703 ordinem
1821 1682 1878 1703 inter
1894 1681 1994 1708 se,sive
2011 1684 2078 1704 atten-

1236 1720 1304 1742 datur
1321 1721 1342 1742 in
1361 1721 1484 1748 spiratione
1502 1720 1599 1748 Spiritus
1616 1721 1693 1748 sancti,
1711 1721 1732 1742 in
1751 1727 1795 1749 qna
1813 1723 1847 1743 est
1863 1721 1920 1743 ordo
1936 1722 2079 1749 spirantium.

1299 1759 1331 1780 ill.
1349 1758 1413 1781 Circa
1430 1759 1453 1781 id
1472 1759 1535 1787 quod
1552 1759 1606 1780 dicit
1623 1759 1652 1781 ad
1671 1760 1699 1787 2,
1717 1759 1790 1781 Deum
1808 1765 1852 1781 non
1869 1765 1920 1782 esse
1931 1765 2024 1782 causam
2036 1766 2078 1788 pei·

1234 1798 1356 1825 accidens,
1374 1798 1414 1820 cfr.
1432 1797 1456 1819 ll.
1473 1798 1533 1819 Sent.
1552 1797 1573 1819 d.
1593 1797 1629 1819 37.
1648 1804 1669 1826 (1.
1688 1798 1708 1819 2.
1727 1804 1746 1819 a,
1766 1798 1791 1825 2,
1810 1797 1849 1819 ubi
1867 1797 1934 1820 dicit:
1952 1797 2025 1821 Causa
2037 1805 2079 1827 per

1205 1839 1207 1842 “
1236 1836 1342 1858 accidens
1360 1836 1442 1858 dicitnr
1460 1838 1565 1863 respectu
1583 1836 1727 1864 intentionis,
1740 1842 1784 1858 non
1798 1839 1911 1865 quatenus
1928 1837 2034 1860 accidens
2045 1840 2080 1860 est

1235 1875 1360 1897 differentia
1378 1875 1443 1897 entis,

1297 1914 1331 1936 lv.
1350 1913 1431 1942 Quoad
1456 1914 1642 1936 conclusionem:
1660 1913 1705 1936 Ctr.
1723 1914 1784 1936 Alex.
1806 1915 1869 1943 Hah,
1887 1915 1908 1937 S.
1926 1921 1949 1943 p.
1968 1915 1982 1937 1.
2000 1921 2022 1944 q.
2040 1914 2077 1937 46.

1235 1959 1264 1975 m.
1283 1953 1304 1975 6.
1320 1965 1352 1969 -
1369 1953 1390 1974 S.
1409 1953 1507 1981 Tliom.‚
1526 1953 1562 1975 liic
1580 1960 1602 1982 q.
1630 1954 1647 1975 1.
1666 1960 1685 1975 a.
1705 1954 1730 1982 3;
1749 1954 1770 1975 S.
1799 1954 1812 1976 l.
1830 1960 1851 1982 q.
1871 1954 1907 1976 36.
1930 1960 1950 1976 a.
1968 1954 1989 1976 3.
2005 1965 2037 1970 —
2054 1954 2078 1976 B.

1206 1999 1208 2007 r
1234 1991 1318 2013 Albert.
1329 2009 1334 2018 ‚
1352 1992 1388 2013 liic
1405 1997 1424 2013 a.
1447 1991 1464 2013 1.
1481 2002 1513 2007 -
1530 1991 1586 2013 Petr.
1603 1998 1616 2013 a
1629 1992 1694 2019 Tan,
1708 1992 1744 2014 liic
1756 1998 1777 2021 q.
1791 1993 1850 2014 unic.
1863 1999 1882 2014 a.
1896 1993 1917 2015 3.
1927 2004 1960 2009 —
1970 1992 2077 2015 Richard.

1234 2036 1246 2052 a
1264 2030 1320 2052 Med.
1332 2048 1337 2058 ,
1356 2031 1392 2052 liic
1407 2037 1431 2059 q.
1449 2030 1470 2052 3.
1487 2042 1519 2046 —
1536 2030 1609 2058 AEgid.
1627 2031 1653 2052 R.
1664 2048 1669 2059 ‚
1682 2031 1719 2052 hic
1731 2031 1751 2053 2.
1764 2031 1836 2059 princ.
1853 2037 1875 2060 q.
1893 2031 1914 2053 2.
1926 2031 2077 2057 —Du1·and.‚

1236 2070 1273 2091 liic
1290 2076 1311 2097 q.
1331 2070 1351 2091 3.

397 2213 403 2226 ¹
422 2212 477 2235 eod.
494 2213 512 2234 Α
529 2213 646 2241 operante.
665 2212 703 2234 Ed.
724 2212 731 2233 t
752 2212 821 2239 paulo
839 2212 895 2233 intra
914 2215 966 2239 post
982 2210 1034 2233 Alto
1051 2210 1120 2233 modo
1138 2211 1177 2232 lia—

335 2251 373 2273 bet
388 2252 423 2274 est
438 2257 480 2279 pro
497 2250 591 2274 dicitur.

396 2290 405 2304 ²
423 2291 559 2312 Auctoritate
576 2296 630 2311 mss.
647 2292 669 2311 et
686 2289 739 2312 edd.
762 2289 782 2317 l,
801 2289 814 2310 -2
825 2307 830 2317 ,
848 2289 874 2317 3,
896 2289 909 2310 6
932 2289 1084 2316 expunximus
1107 2287 1177 2310 virtu-

335 2330 397 2356 tum,
415 2329 479 2357 quod
495 2329 545 2351 Vat.
562 2329 683 2356 praemittit
702 2327 774 2350 verbo
791 2327 919 2357 aqentinm.
945 2327 995 2349 Mox
1022 2330 1073 2354 post
1100 2326 1176 2349 Tertio

335 2367 403 2390 modo
420 2368 470 2390 cod.
489 2368 509 2389 X
526 2368 607 2395 repetit
623 2366 710 2390 dicitur
726 2365 847 2389 mediatio.

396 2406 406 2420 ³
424 2406 476 2428 Fide
493 2412 547 2428 mss.
565 2409 587 2428 et
603 2406 639 2428 ed.
661 2406 666 2428 1
688 2405 847 2428 substituimus
864 2411 879 2427 a
897 2405 947 2426 ioco
964 2410 1002 2427 ea:

397 2444 405 2458 ⁴
424 2445 473 2467 Vat.
484 2463 489 2471 ,
507 2445 688 2472 interpunctione
705 2446 806 2471 mutata,
824 2444 892 2465 refert
909 2443 1008 2465 verbum
1025 2442 1074 2472 apii
1092 2442 1121 2464 ad
1134 2448 1177 2471 per
1204 2458 1206 2464 .

1204 2469 1206 2496 ἕ
1233 2482 1317 2503 domus
1335 2487 1376 2508 pei*
1392 2488 1416 2503 se
1433 2481 1527 2510 quidem
1545 2488 1613 2504 eausa
1631 2484 1664 2503 est
1682 2482 1863 2509 aedificativum,
1882 2481 2010 2504 secundum
2022 2482 2077 2503 acei-

1204 2521 1206 2523 '
1235 2520 1291 2542 dens
1309 2524 1385 2543 autem
1403 2520 1480 2542 album
1498 2523 1537 2542 aut
1554 2520 1676 2542 musicum.
1694 2520 1771 2548 ltaque
1787 2526 1829 2548 per
1846 2526 1870 2542 se
1887 2526 1967 2548 causa,
1984 2519 2076 2543 definita

335 2489 360 2505 se
371 2482 454 2512 ipsum,
467 2487 535 2511 atque
548 2483 633 2505 deinde
645 2483 749 2510 adiungit
765 2484 792 2510 el,
812 2482 852 2504 sed
864 2488 918 2504 mss.
931 2481 1100 2509 obnitentibus3
1113 2481 1149 2503 ed.
1167 2481 1172 2502 t

335 2522 385 2544 loco
402 2523 423 2544 et
440 2522 497 2544 bene
515 2523 596 2550 repetit
611 2521 678 2551 aqit‚·
696 2522 746 2543 cod.
762 2522 777 2543 F
795 2522 871 2543 minus
888 2521 947 2543 benc
959 2524 1010 2548 post
1021 2519 1175 2543 nihilominus

334 2561 398 2583 addit
414 2562 447 2583 est
463 2560 536 2589 actio,
556 2562 650 2588 insuper
666 2560 796 2583 secundam
813 2561 876 2588 ponit
893 2567 935 2588 pro
949 2566 1000 2589 per.

396 2599 405 2613 ⁵
423 2600 483 2621 Varii
501 2599 567 2621 codd.
585 2599 648 2621 varie
666 2599 761 2626 tegunt3
779 2599 829 2621 cod.
847 2599 862 2620 F
888 2599 937 2620 loco
955 2598 1017 2621 enim
1034 2599 1098 2626 ponit
1119 2597 1160 2620 sed
1168 2606 1177 2625 ,·
1204 2606 1206 2610 ⁴

335 2638 385 2659 cod.
404 2638 420 2659 H
438 2640 489 2665 post
506 2637 567 2660 enim
584 2638 647 2660 addit
664 2637 743 2666 aliquo
761 2637 829 2660 modo
847 2636 948 2662 scilicet:
966 2637 1030 2659 multi
1044 2637 1110 2659 codd.
1124 2643 1176 2658 rum

334 2675 386 2697 edd.
406 2676 413 2698 t
428 2694 433 2704 ,
451 2677 479 2704 2,
498 2676 510 2697 3
529 2676 638 2698 mendose
656 2682 738 2699 reram
750 2677 782 2698 est
793 2675 870 2702 enim,
889 2675 929 2698 sed
945 2681 992 2698 noa
1008 2674 1086 2705 primo
1098 2674 1174 2702 modo,

333 2713 374 2736 sed
394 2714 495 2737 secundo
513 2714 548 2737 vel
564 2714 646 2741 tertim
664 2715 713 2736 rod.
733 2715 751 2736 T
773 2715 908 2742 incomptete
934 2720 1016 2737 veram
1040 2715 1073 2736 est
1097 2713 1174 2740 enim,

333 2752 374 2775 sed
389 2758 437 2775 nou
453 2752 514 2775 cadit
531 2752 639 2775 mediatio
657 2753 680 2775 in
697 2753 744 2775 Deo
760 2752 838 2781 primo
855 2752 939 2778 modo.
959 2752 999 2775 sed
1022 2752 1123 2775 secundo
1143 2751 1177 2774 rel

334 2791 417 2819 terlio,
436 2798 495 2819 quae
513 2792 577 2814 lectio
595 2798 606 2813 a
625 2792 750 2819 posteriore
762 2798 830 2813 manu
849 2794 933 2813 mutata
951 2792 1017 2813 estin
1035 2797 1085 2813 eam
1106 2797 1175 2819 qnam

335 2829 403 2852 habet
420 2831 534 2852 Vaticana.
552 2830 722 2858 Coniectamus,
741 2830 859 2852 tectionem
876 2831 1000 2858 genuinam
1017 2835 1174 2852 essezvermn
1203 2857 1204 2862 1

334 2869 369 2890 est
384 2868 445 2890 em'm
461 2868 538 2897 primo
555 2869 642 2897 modo‚·
659 2868 700 2891 sed
717 2875 763 2891 uon
781 2868 843 2891 cadit
859 2868 968 2891 medullio
985 2868 1008 2890 in
1036 2868 1081 2890 Deo
1098 2867 1175 2897 primo
1202 2864 1205 2893 Ξ

1234 2209 1318 2238 modo,
1338 2209 1379 2232 sed
1394 2209 1498 2233 seeundo
1514 2209 1551 2232 vel
1568 2209 1634 2232 tertio
1644 2228 1650 2238 ‚
1671 2216 1716 2238 qua
1734 2210 1829 2232 tectione
1845 2213 1867 2232 ot
1891 2210 1982 2232 codices
1998 2215 2079 2232 recon-

1232 2249 1343 2271 ciliantur.

1295 2286 1303 2298 ⁵
1322 2287 1343 2309 ln
1362 2287 1413 2309 cod.
1430 2287 1449 2308 H
1466 2287 1558 2309 additur
1581 2289 1603 2310 et
1627 2286 1744 2310 nobilitati
1752 2296 1761 2316 ,·
1778 2288 1799 2309 in
1826 2287 1876 2309 cod.
1895 2288 1913 2309 T
1940 2294 1951 2309 a
1977 2287 2078 2309 secunda

1233 2332 1302 2347 manu
1321 2332 1403 2348 nomen
1415 2325 1509 2348 veritati
1520 2329 1634 2348 mutatum
1646 2330 1680 2349 est
1692 2327 1713 2348 in
1726 2325 1907 2349 universalitati.
1918 2338 1951 2343 —
1961 2326 1993 2348 De
2005 2331 2078 2350 causa

1204 2384 1206 2394 ,
1232 2370 1275 2393 per
1291 2370 1315 2387 se
1331 2367 1353 2386 ct
1368 2371 1411 2394 per
1427 2364 1535 2387 accidens
1552 2366 1592 2387 cir.
1610 2365 1699 2387 Aristot.
1711 2383 1716 2393 ‚
1734 2366 1757 2387 lt.
1775 2365 1842 2392 Phys.
1861 2368 1913 2388 text.
1934 2365 1970 2387 50.
1989 2365 2017 2393 (c.
2031 2365 2061 2393 5.)
2072 2383 2077 2393 ,

1234 2403 1273 2425 ubi
1291 2404 1335 2425 ait:
1354 2403 1381 2425 Ut
1397 2404 1457 2425 enim
1475 2406 1498 2425 et
1514 2410 1569 2431 ens,
1587 2404 1648 2426 atiud
1666 2404 1761 2433 quidem
1778 2410 1820 2432 per
1831 2411 1855 2426 se
1868 2406 1915 2430 est,
1928 2404 1990 2427 atiud
2002 2407 2077 2426 autem

1234 2442 1362 2464 secundum
1381 2442 1497 2470 accidens,
1515 2443 1548 2465 sic
1565 2445 1587 2464 ot
1612 2449 1705 2465 cansam
1731 2444 1841 2471 contingit
1865 2449 1930 2470 esse,
1956 2446 1981 2465 ut
2005 2443 2077 2470 ipsius

1234 2562 1282 2587 est,
1301 2566 1360 2588 qnae
1377 2565 1433 2581 vero
1454 2559 1582 2581 secundum
1608 2559 1728 2587 accidens,
1755 2559 1885 2587 indefinita;
1908 2558 1993 2580 infinita
2015 2560 2076 2581 enim

1234 2598 1273 2619 uni
1290 2597 1403 2619 accidunt.
1422 2598 1484 2619 Sicut
1501 2598 1570 2625 igitur
1586 2597 1673 2620 dietum
1690 2600 1736 2625 est,
1754 2603 1808 2619 cum
1825 2598 1847 2619 in
1865 2597 1899 2624 iis,
1912 2603 1970 2625 quae
1983 2599 2079 2625 propter

1235 2636 1321 2664 aliquid
1339 2636 1426 2663 (tinem)
1446 2637 1516 2663 liunt,
1535 2637 1577 2658 hoc
1596 2636 1645 2663 tiat,
1663 2639 1717 2658 tune
1733 2636 1816 2658 dicitur
1833 2642 1908 2657 acasu
1921 2638 1943 2657 et
1954 2642 1965 2657 a
1979 2636 2075 2657 fortuna.

1295 2674 1304 2689 ⁷
1322 2675 1388 2696 Pauci
1406 2675 1473 2696 codd.
1491 2678 1516 2697 ut
1533 2675 1604 2697 VXZ
1622 2675 1710 2697 addunt
1726 2674 1801 2702 ltaec‚·
1818 2674 1869 2696 eod.
1887 2674 1905 2696 Y
1928 2674 2009 2696 melius
2024 2677 2077 2701 post

1204 2714 1205 2723 ¹
1232 2712 1342 2735 mediatio
1359 2713 1463 2740 adiungit
1479 2719 1540 2742 quae
1556 2713 1580 2735 in.
1597 2713 1644 2736 Deo
1658 2713 1763 2742 ponitur.

1294 2751 1303 2765 ⁸
1321 2752 1350 2773 Ex
1368 2751 1534 2779 antiquioribus
1552 2758 1605 2775 mss.
1624 2756 1645 2774 et
1661 2753 1714 2774 edd.
1736 2753 1761 2777 ί,
1780 2753 1793 2774 6
1810 2752 1971 2775 substituimus
1988 2750 2079 2780 aliquid

1203 2796 1205 2805 ν
1232 2790 1281 2811 loeo
1298 2789 1370 2812 aliud.
1390 2791 1438 2812 Mox
1456 2791 1524 2819 aliqui
1542 2791 1609 2812 codd.
1628 2795 1652 2814 ut
1669 2791 1744 2813 BTX
1761 2791 1822 2813 illud
1846 2797 1888 2818 pro
1913 2790 1944 2817 id,
1963 2793 1986 2812 et
2008 2789 2077 2817 paulo

1232 2829 1287 2850 intra
1306 2829 1357 2851 eod.
1376 2829 1394 2850 Υ
1412 2835 1464 2851 enm
1482 2829 1517 2851 ed.
1540 2830 1545 2851 t
1566 2829 1687 2858 dimittatis
1704 2831 1753 2852 loco
1770 2829 1880 2859 diffinitas.
