2253 3317
0 579 2 589 t

0 590 2 604 Ι

24 617 97 641 Duplex
110 622 153 635 con-

47 640 140 659 conelusio
143 654 147 658 .

22 1033 112 1060 Probatio
124 1038 153 1051 ra-

0 1062 2 1064 ’
50 1059 98 1075 tione
104 1061 153 1075 ema-

51 1080 112 1099 tionis.

735 114 817 142 DIST.
838 114 880 141 IX.
903 114 974 141 ΛΒΤ.
998 113 1111 142 UNlCUS
1132 113 1267 149 QUAEST.
1288 113 1316 140 11.
1439 121 1444 125 ’
1842 111 1895 139 ’183

501 199 659 220 CONCLUSIO.

165 287 273 315 Contra
295 285 453 314 Sabelliani
470 283 637 321 probatur,
659 284 735 321 qaod
746 283 895 321 yeneratio
917 282 948 310 in
962 282 1002 310 di-

240 331 318 360 vinis
339 330 415 368 facit
438 330 546 358 realem
577 329 789 357 distinctionem
819 329 894 357 inter
923 336 1001 365 yene-

240 381 356 406 rantem
370 380 395 405 et
406 376 558 414 yenitum;
573 379 676 404 contra
697 375 805 403 Ariam
820 384 904 408 vero,
926 374 1003 412 qaod

242 423 311 452 haec
333 423 479 451 distinctio
500 424 538 450 sit
552 426 695 460 quantam
711 422 751 450 ad
761 430 929 459 personam,
944 430 1002 449 non.

241 474 384 508 quantum
406 470 446 498 ad
466 469 626 498 essentiam.

241 564 416 591 Responnno:
439 562 602 597 Dicendum,
623 562 697 599 quod
720 561 861 598 generatio
882 560 908 588 in
937 559 1003 588 divi·
1030 595 1031 598 Ἰ

165 609 216 643 nis,
238 609 309 637 sicut
330 611 472 637 ostensum
492 608 568 642 est¹,
590 607 654 636 facit
674 607 778 635 realem
800 606 1003 635 distinctionem

165 655 236 684 inter
257 657 436 691 generantem
456 658 484 683 et
504 657 683 691 generatum,
704 662 759 682 non
774 652 937 681 rationalem
958 651 1003 680 vel

163 700 379 730 intellectualem
401 700 510 734 solum,
533 700 604 729 sicut
618 699 690 729 dixit
704 699 859 732 Sabellius3
879 698 925 726 et²
946 706 1004 726 rea-

163 748 218 777 lem
239 750 375 785 quantum
397 747 432 776 ad
443 756 612 784 personam,
633 755 687 775 non
702 749 837 783 quantum
859 745 894 773 ad
916 752 1005 772 essen-

164 795 253 828 tiam,
275 795 347 823 sicut
369 794 440 823 dixit
460 794 550 822 Arius.

241 840 320 877 Quod
342 840 381 869 sic
402 843 486 877 patet.
501 840 645 868 Generatio
659 840 688 868 in
703 838 839 868 creaturis
853 838 919 866 dicit
934 845 1005 865 ema-

163 887 302 916 nationem
333 894 383 923 per
414 887 528 915 modum
554 886 678 914 actionis
700 886 757 914 sive
779 884 954 918 mutationis,
977 884 1004 912 in

164 933 241 962 Deo²³
263 933 465 962 emanationem
485 941 537 970 per
557 932 674 961 modum
694 932 853 960 relationis.

241 980 270 1008 In
292 982 429 1016 quantum
443 978 605 1012 emanatio,
627 978 693 1007 dicit
707 977 840 1016 aliquam
858 976 1006 1006 distinctio-

164 1033 228 1055 nem
241 1036 247 1060 3
268 1026 296 1054 in
310 1028 447 1062 quantum
463 1025 530 1053 tatis
544 1025 682 1054 emanatio
692 1047 699 1059 ,
721 1024 787 1053 dicit
802 1023 1005 1052 distinctionem

164 1072 193 1100 in
214 1080 342 1109 persona
353 1072 370 1099 ⁴¹.
402 1072 514 1100 Ratione
545 1071 740 1100 emanationis
770 1074 812 1099 est
842 1069 1006 1103 distinctio,-

164 1119 242 1156 quia,
263 1118 335 1147 sicut
355 1118 422 1147 dicit
442 1118 621 1152 Anselmus⁵‚
649 1125 722 1146 «nec
744 1117 899 1146 intellectus
920 1115 1006 1153 capit,

164 1172 215 1194 nec
235 1167 336 1193 natura
356 1165 504 1201 permittit,
526 1164 625 1199 illum,
645 1164 693 1201 qui
718 1166 760 1192 est
790 1163 826 1192 ab
846 1163 914 1197 alio,
945 1170 1006 1190 esse

164 1212 260 1246 illum,
281 1220 298 1240 a
318 1220 374 1248 quo
394 1214 474 1246 est»,
496 1211 652 1240 secundum
673 1211 747 1248 quod
766 1210 883 1247 positive
904 1209 1006 1238 dicitur

164 1258 266 1295 aliquis
286 1265 347 1286 esse
367 1257 403 1286 ab
423 1257 477 1286 alio
497 1274 535 1278 -
555 1265 620 1286 nam
642 1258 721 1286 Pater
742 1256 878 1294 privative
904 1256 1006 1284 dicitur

165 1312 226 1333 esse
246 1312 263 1332 a
283 1312 330 1338 se,
362 1304 390 1332 id
411 1306 453 1332 est
483 1312 538 1332 non
569 1304 604 1332 ab
624 1303 687 1332 alio.
720 1303 748 1331 ln
770 1305 907 1340 quantum
939 1302 1006 1331 tatis

165 1350 315 1384 emanatio,
336 1350 414 1387 ponit
434 1350 638 1379 distinctionem
659 1350 687 1378 in
703 1358 840 1387 persona.
862 1349 1006 1378 Generatio

165 1396 240 1425 enim
260 1399 302 1425 est
322 1397 469 1433 productio
490 1396 678 1425 convenientis
699 1396 726 1424 in
748 1398 861 1430 natura;
881 1394 1008 1423 ratione⁶

164 1446 292 1471 naturae
312 1451 367 1471 non
387 1445 478 1480 potest
498 1450 559 1472 esse
580 1442 730 1472 distinctio:
752 1450 820 1479 ergo
834 1442 878 1471 vel
900 1441 952 1470 erit
966 1449 1008 1469 ra-

165 1489 238 1518 tione
259 1489 419 1526 suppositi,
451 1489 495 1518 vel
522 1489 723 1526 proprietatis.
755 1489 781 1517 Si
801 1488 1006 1525 proprietatis,

165 1538 215 1564 aut
244 1535 382 1570 absolute,
413 1538 462 1564 aut
492 1536 659 1573 respective;
691 1543 746 1564 non
771 1534 915 1568 absolute,
942 1534 1007 1571 quia

164 1584 231 1611 tunc
252 1585 324 1611 esset
344 1582 483 1611 distinctio
504 1583 531 1611 in
552 1584 672 1616 natura;
693 1582 762 1610 nec⁷
784 1581 954 1618 respective,
976 1582 1008 1608 ut

165 1631 234 1665 puta
255 1629 414 1663 relationis,
435 1629 500 1666 quia
521 1629 548 1657 in
570 1628 703 1657 relatione
725 1627 880 1656 secundum
903 1634 932 1655 se
952 1634 1007 1655 non

166 1678 208 1704 est
228 1677 321 1703 motus
342 1675 369 1703 in
390 1675 547 1704 creaturis⁸
567 1682 617 1703 nec
638 1675 715 1711 origo
737 1674 764 1702 in
789 1673 908 1708 divinis;
933 1673 1008 1702 unde

166 1721 262 1750 filiatio
283 1729 337 1749 non
358 1724 508 1758 generatur
527 1721 579 1750 nisi
600 1721 629 1749 in
649 1721 711 1749 alio.
734 1720 804 1757 Ergo
824 1727 937 1748 necesse
958 1722 1007 1753 est,

167 1767 243 1805 quod
265 1767 299 1796 sit
320 1767 459 1796 d1stinctio
480 1768 508 1796 in
528 1767 684 1804 supposito.

246 1814 386 1842 Similiter
406 1815 513 1843 ratione
534 1814 685 1842 relationis
700 1816 742 1842 est
762 1811 920 1846 distinctio,
942 1812 1008 1849 quia

30 1861 237 1909 lterrglafflfflfenihil
257 1861 292 1889 ad
323 1868 353 1889 se
378 1861 499 1889 refertur
530 1868 580 1889 nec
610 1860 765 1888 ordinatur.
797 1859 910 1887 Ratione
941 1866 1008 1887 vero

169 1906 236 1935 talis
257 1906 399 1935 relationis
420 1909 461 1935 est
481 1906 620 1935 distinctio
637 1905 803 1942 personatis
814 1915 824 1938 ;
845 1905 910 1941 quia
929 1913 1009 1941 qene-

168 1962 239 1981 rare
252 1956 280 1982 et
294 1952 449 1990 generari,
465 1960 528 1981 cum
545 1952 637 1981 dicant
651 1952 813 1981 relationem
828 1959 878 1988 per
892 1951 1007 1979 modum

168 2000 282 2029 actionis
302 2002 330 2028 et
350 1999 485 2036 passionis
497 1999 516 2034 ⁹,
538 1998 634 2028 dicunt
664 2006 725 2027 eam
752 1998 778 2026 in
807 1998 951 2034 supposito
981 2000 1008 2026 et

166 2049 295 2083 respectu
317 2046 462 2083 suppositi.
488 2046 519 2074 Et
549 2045 623 2080 ideo,
653 2045 718 2082 quia
748 2044 847 2073 relatio
868 2043 940 2072 inter
961 2051 1008 2072 ex·
1034 2040 1036 2042 ’

168 2095 257 2121 trema
277 2095 353 2120 notat
375 2092 591 2126 distinctionem,
612 2094 688 2128 patet
708 2091 782 2128 quod
805 2091 945 2119 distinctio
966 2093 1007 2119 est

230 2238 238 2254 1
256 2240 297 2261 Hic
313 2240 335 2261 in
353 2240 454 2261 fundam.

229 2278 239 2293 ²
256 2278 306 2301 Vat.
324 2282 402 2301 contra
424 2284 479 2301 mss.
504 2281 527 2301 et
550 2285 588 2300 sex
614 2279 701 2306 primas
725 2278 778 2300 edd.
795 2277 836 2301 sed
851 2278 901 2300 loco
924 2279 958 2306 et,
983 2284 1009 2299 ac

167 2317 236 2345 paulo
253 2320 306 2345 post
322 2316 376 2340 cltctt
392 2323 434 2345 pro
451 2316 519 2340 dixit.
536 2316 591 2340 Cod.
614 2317 633 2339 Μ
657 2316 824 2340 accidentalem
852 2317 902 2339 loco
925 2316 1010 2339 intelle·

168 2355 276 2379 ctualem.

229 2394 239 2409 ³
256 2394 311 2417 Cod.
328 2394 360 2417 bb
378 2395 441 2417 addit
460 2396 546 2417 autem.

229 2433 239 2448 ⁴
255 2434 396 2456 Praeclaram
418 2435 476 2456 hanc
500 2434 684 2456 emendationem
708 2433 822 2456 dehemus
845 2433 1013 2462 antiquioribus

169 2479 223 2495 mss.
235 2474 257 2495 et
268 2472 305 2495 ed.
319 2473 338 2501 l,
348 2472 405 2495 dum
416 2473 466 2495 Vat.
483 2472 555 2495 verba
571 2472 597 2495 in
613 2473 731 2502 quantum
748 2479 822 2501 usque
838 2472 935 2495 Ratione
949 2473 1012 2495 omit-

168 2512 204 2540 tit,
222 2514 307 2534 mutata
325 2513 420 2539 insuper
436 2512 626 2540 interpunctione.
643 2512 748 2534 Nonnulli
769 2511 836 2534 codd.
854 2512 933 2534 antem
949 2518 1013 2539 prac-

169 2551 260 2573 mittunt
277 2551 329 2573 voci
346 2550 408 2573 talis.

231 2589 241 2604 ⁵
258 2589 290 2611 De
306 2589 408 2611 Process.
427 2590 485 2617 Spir.
498 2590 520 2611 S.
533 2595 552 2611 c.
565 2589 590 2611 3:
603 2589 694 2618 Quippe
705 2595 747 2612 nec
759 2591 838 2611 natura
850 2590 960 2617 permittit
971 2595 1013 2611 nec

168 2628 294 2651 intellectus
311 2629 383 2656 capit,
403 2629 535 2650 existentem
547 2628 576 2650 de
588 2628 664 2656 aliquo
675 2634 725 2650 esse
737 2628 766 2650 de
778 2634 824 2657 quo
836 2629 921 2655 existit,
934 2630 973 2650 aut
984 2627 1013 2650 de

170 2673 216 2696 quo
233 2667 307 2689 existit
323 2673 374 2688 csse
391 2668 525 2689 existentem
536 2666 565 2689 de
576 2673 608 2689 se.
619 2679 651 2683 —
661 2666 706 2689 Cfr.
723 2667 791 2690 etiam
809 2667 921 2694 ltlonolog.
939 2672 958 2688 c.
976 2666 1013 2688 38.

231 2705 241 2719 ⁶
258 2705 309 2728 Vat.
327 2708 405 2727 eontra
423 2711 478 2728 mss.
495 2708 517 2727 et
533 2711 571 2727 sex
589 2706 676 2733 primas
698 2705 750 2728 edd.
776 2705 840 2728 addit
862 2705 951 2735 iqitar,
970 2711 1013 2733 pro

170 2750 217 2773 quo
233 2743 300 2766 codd.
319 2750 345 2766 aa
362 2743 394 2766 bb
410 2745 537 2771 incongrue
553 2746 642 2772 ponunt
657 2743 727 2767 enim.

232 2782 242 2797 ⁷
259 2782 298 2805 Ed.
317 2783 325 2804 l
346 2788 401 2805 non.

232 2820 242 2835 ⁸
258 2820 317 2843 Vide
334 2821 440 2849 Ariston,
458 2821 485 2843 V.
503 2821 579 2848 Phys.⁴
588 2823 640 2843 text.
661 2821 694 2843 10.
712 2820 741 2849 (c.
759 2820 798 2849 2.).

232 2858 242 2873 ⁹
259 2859 352 2881 Plurimi
369 2859 437 2881 codd.
455 2865 509 2881 cum
525 2858 561 2881 ed.
580 2859 588 2880 ¹¹
611 2859 717 2881 omittunt
732 2859 755 2881 ct
778 2858 910 2888 passionis.
936 2859 975 2886 qui
993 2861 1015 2880 et

1058 190 1094 218 ihi
1120 190 1337 227 suppositorum.
1359 190 1404 218 His
1434 189 1501 218 visis
1513 189 1546 223 ¹⁰,
1568 189 1647 218 facile
1668 191 1710 217 est
1731 188 1838 217 solvere
1859 188 1895 216 ad

1057 236 1170 265 obiecta.

1139 283 1162 310 l.
1178 282 1257 318 Quod
1279 289 1345 318 ergo
1366 281 1509 310 obiicitur:
1531 282 1609 310 Pater
1630 282 1815 310 communicat
1830 281 1895 309 Filio
1903 287 2037 334 ροξῇιὲιτιιῑὲουι

1058 330 1145 356 totum
1167 328 1242 364 quod
1264 328 1366 362 hahet3
1397 335 1496 356 verum
1517 331 1576 362 est,
1603 330 1714 365 praeter
1746 328 1896 364 generatio-

1058 382 1121 402 nem
1142 377 1169 402 et
1191 374 1375 410 generationis
1395 374 1617 408 distinctionem;
1638 375 1698 411 ipsa
1723 374 1795 403 enim
1818 374 1896 402 ratio

1058 420 1298 448 communicandi
1326 420 1374 448 dat
1406 420 1560 457 intelligere
1581 421 1800 449 distinctionem.
1831 420 1897 457 quia

1058 466 1154 494 nullus
1175 466 1361 494 communicat
1386 465 1452 500 sibi,
1484 466 1533 495 sed
1554 467 1616 494 alii:
1639 470 1665 495 et
1691 467 1752 495 ideo
1765 467 1780 481 ¹¹
1815 467 1841 495 id
1869 467 1895 495 in

1059 520 1114 548 quo
1135 512 1298 548 distinguit,
1318 520 1373 540 non
1395 511 1588 540 communicat.

1137 559 1163 586 2.
1185 558 1223 586 Ad
1246 558 1315 586 illud
1330 558 1404 595 quod
1419 558 1563 592 obiicitur,
1584 559 1659 595 quod
1674 566 1762 596 aeque
1777 559 1897 595 simplex

1059 607 1100 632 est
1121 612 1257 641 persona,
1280 607 1311 632 ut
1331 605 1465 639 essentia:
1494 605 1652 639 dicendum,
1674 606 1748 642 quod
1770 606 1899 642 simplici-

1059 653 1101 679 tas
1121 651 1256 679 essentiae
1277 654 1331 685 est,
1352 651 1427 688 quod
1449 651 1484 680 sit
1505 651 1532 679 in
1547 651 1691 688 pluribus,
1707 651 1755 680 sed
1771 652 1899 688 simplici-

1059 700 1101 726 tas
1122 697 1258 734 suppositi
1279 700 1338 732 θεῖ,
1359 697 1434 734 quod
1452 705 1506 725 non
1532 698 1567 726 sit
1587 698 1615 725 in
1628 698 1649 710 ¹²
1671 698 1808 735 pluribus.
1830 698 1916 726 Nam.

1061 743 1237 780 suppositum
1259 743 1317 771 sive
1348 743 1543 778 individuum,
1575 746 1712 780 quantum
1733 747 1775 772 est
1794 744 1829 772 de
1850 752 1898 776 se,

1060 789 1162 817 dicitur
1183 789 1258 825 quod
1286 791 1328 817 est
1356 789 1383 817 in
1403 798 1460 818 uno
1481 789 1558 823 solo;
1579 790 1643 818 ideo
1662 798 1716 818 non
1738 792 1780 818 est
1800 790 1897 818 simile.

1139 834 1164 863 3.
1186 835 1225 863 Ad
1247 835 1317 864 illud
1338 836 1413 872 quod
1435 835 1583 870 obiicitur,
1604 837 1678 873 quod
1704 837 1840 865 idem‘est
1860 844 1899 865 es-

1061 882 1148 910 sentia
1169 885 1196 910 et
1226 889 1363 919 persona3
1394 882 1563 917 dicendum,
1594 883 1668 919 quod
1697 883 1824 919 quamvis
1845 883 1899 911 sint

1061 929 1149 961 idem,
1171 936 1225 956 non
1246 931 1339 957 tamen
1361 931 1426 957 sunt
1446 929 1487 957 ad
1508 929 1600 957 idem:
1623 929 1689 966 quia
1709 937 1829 966 persona
1858 932 1900 957 θεῖ

1061 975 1096 1004 ad
1123 975 1228 1010 alium,
1259 975 1321 1004 ideo
1352 978 1501 1012 generatur
1512 975 1531 990 ¹³
1561 978 1588 1004 et
1619 975 1740 1004 refertur
1749 986 1755 1010 ς
1782 975 1901 1004 essentia

1061 1029 1128 1050 vero
1148 1029 1218 1056 non,
1240 1021 1302 1050 ideo
1333 1021 1452 1050 essentia
1482 1021 1705 1050 communicatur
1725 1024 1752 1050 et
1783 1029 1901 1058 persona

1061 1068 1251 1105 distinguitur.
1273 1068 1348 1096 Sicut
1368 1075 1447 1105 ergo,
1469 1068 1597 1105 quamvis
1618 1068 1692 1096 idem
1713 1068 1748 1096 sit
1769 1068 1796 1096 in
1822 1068 1901 1096 Patre

1061 1115 1180 1143 essentia
1201 1117 1228 1143 et
1248 1122 1386 1151 persona,
1408 1117 1501 1142 tamen
1522 1121 1641 1151 persona
1663 1116 1784 1150 generat,
1813 1121 1902 1142 essen-

1062 1161 1099 1189 tia
1120 1169 1194 1195 non;
1216 1161 1255 1189 sic
1275 1168 1290 1189 e
1310 1168 1445 1189 converso
1472 1160 1592 1189 essentia
1622 1160 1845 1189 communicatur
1875 1162 1902 1188 et

1061 1216 1180 1245 persona
1201 1216 1264 1236 non.

1140 1255 1167 1282 4.
1188 1254 1227 1283 Ad
1248 1254 1318 1283 illud
1340 1253 1414 1291 quod
1436 1253 1565 1282 obiicitur
1586 1253 1620 1282 de
1641 1253 1777 1290 principio
1801 1256 1827 1282 et
1848 1253 1902 1282 fine

1062 1301 1090 1329 in
1121 1303 1239 1337 puncto,
1270 1303 1346 1337 patet
1376 1300 1534 1337 responsio,
1564 1300 1629 1337 quia
1660 1299 1722 1328 illae
1753 1308 1807 1328 non
1839 1303 1903 1329 sunt

1062 1350 1182 1375 mataae
1203 1346 1361 1381 relationes,
1381 1346 1457 1383 quod
1478 1346 1591 1383 proprie
1617 1346 1770 1383 requiritur
1800 1346 1835 1375 ad
1867 1347 1905 1375 di-

1062 1394 1252 1428 stinetionem3
1274 1393 1349 1421 unde
1370 1401 1424 1421 non
1446 1393 1527 1421 valet.
1549 1392 1629 1429 Quod
1657 1392 1755 1420 obiicit
1765 1392 1783 1407 ¹⁴
1810 1393 1843 1421 de
1864 1393 1904 1421 in-

1063 1440 1200 1477 telligente
1221 1443 1247 1468 et
1266 1439 1420 1473 intellecto,
1442 1439 1505 1468 dico
1526 1439 1601 1476 quod
1625 1447 1680 1467 non
1695 1442 1736 1468 est
1750 1439 1787 1467 ibi
1806 1439 1904 1468 relatio

1063 1486 1218 1515 secundum
1240 1494 1315 1520 esse,
1337 1486 1386 1514 sed
1408 1485 1563 1514 secundum
1590 1486 1656 1514 dici.
1677 1485 1715 1514 Ad
1737 1485 1789 1514 hoc
1810 1488 1903 1514 autem

1063 1533 1139 1571 quod
1159 1533 1258 1562 relatio
1279 1533 1446 1569 distinguat,
1468 1535 1577 1569 oportet
1607 1532 1681 1569 quod
1713 1532 1768 1560 sint
1798 1532 1906 1561 relatio-

1063 1588 1112 1609 nes
1133 1582 1263 1614 mutuae,
1285 1580 1351 1616 quia
1376 1579 1457 1608 aliter
1487 1587 1542 1607 non
1573 1579 1764 1616 distinguunt3
1795 1582 1905 1616 oportet

1063 1627 1162 1661 etiam,
1184 1626 1259 1663 quod
1281 1626 1373 1655 dicant
1394 1626 1557 1654 relationem
1579 1626 1733 1655 secundum
1755 1634 1821 1654 esse.

1143 1674 1168 1701 5.
1190 1673 1228 1701 Ad
1250 1673 1321 1701 illud
1342 1673 1419 1710 quod
1444 1672 1575 1701 obiicitur
1596 1673 1630 1701 de
1661 1673 1789 1701 albedine
1820 1675 1847 1701 et
1867 1673 1905 1701 ni-

1064 1720 1193 1757 gredine,
1215 1719 1384 1753 dicendum,
1406 1719 1481 1756 quod
1503 1719 1581 1747 nulla
1595 1722 1637 1747 est
1650 1719 1786 1756 oppositio
1806 1719 1905 1747 forma-

1064 1774 1143 1800 rum,
1165 1765 1216 1794 nisi
1239 1765 1450 1794 considerentur
1463 1765 1480 1779 ¹⁵
1502 1767 1631 1801 respectu
1651 1764 1777 1793 eiusdem
1802 1767 1905 1801 tempo-

1064 1813 1118 1845 ris;
1139 1815 1166 1841 et
1187 1811 1357 1849 impossibile
1379 1815 1435 1846 est,
1450 1811 1525 1848 quod
1540 1811 1613 1839 idem
1635 1811 1792 1839 subiectum
1806 1811 1904 1839 eodem

1064 1861 1189 1895 tempore
1208 1858 1243 1886 sit
1263 1858 1360 1886 album
1382 1860 1409 1886 et
1428 1857 1560 1894 nigrum;
1582 1856 1731 1885 relationes
1751 1859 1844 1885 autem
1877 1857 1903 1884 in

1063 1904 1165 1933 divinis
1186 1904 1270 1933 simul
1291 1906 1363 1932 sunt.

1143 1952 1169 1979 6.
1183 1951 1222 1979 Ad
1238 1951 1307 1979 illud
1322 1950 1397 1987 quod
1411 1950 1510 1979 ultimo
1524 1950 1689 1988 quaeritur,
1710 1957 1797 1986 quare
1818 1950 1906 1986 magis
1918 1957 2044 2003 ‘1333ng

1064 1997 1213 2026 relationes
1227 1997 1331 2026 faciunt
1343 1997 1361 2011 ¹⁶
1376 1997 1579 2025 distinctionem
1591 1996 1618 2024 in
1633 1996 1759 2033 personis
1779 2004 1864 2032 quam
1878 1996 1906 2024 in
1919 2003 1989 2021 cidens.

1064 2044 1198 2077 essentia;
1218 2046 1295 2080 patet
1315 2051 1350 2072 ex
1373 2043 1427 2071 iam
1443 2043 1523 2071 dictis
1544 2042 1694 2079 responsio.
1716 2042 1806 2070 Potest
1823 2042 1905 2070 etiam

1064 2090 1117 2118 alia
1140 2090 1210 2118 ratio
1230 2089 1323 2124 reddi,
1345 2089 1411 2126 quia
1431 2088 1578 2126 pluralitas
1604 2090 1770 2116 naturarum
1792 2087 1907 2124 impedit

1065 2238 1101 2261 bis
1118 2244 1160 2266 pro
1178 2238 1259 2266 plurali
1277 2240 1366 2265 ponunt
1382 2237 1522 2265 singularem
1543 2241 1666 2258 numerum
1683 2234 1746 2258 dicat
1759 2238 1781 2258 et
1797 2234 1858 2257 dicit.
1877 2246 1908 2251 ·-

1066 2276 1111 2299 Csr.
1129 2276 1219 2298 Aristot.
1230 2294 1236 2303 ,
1253 2276 1281 2298 V.
1299 2276 1395 2303 Metaph.
1419 2277 1470 2297 text.
1494 2275 1530 2296 20.
1552 2273 1597 2302 (IV.
1623 2279 1642 2295 c.
1661 2273 1706 2301 45.)
1717 2291 1722 2301 ‚
1740 2272 1779 2295 ubi
1796 2275 1841 2295 tres
1858 2278 1907 2300 spe-

1067 2317 1114 2338 cies
1129 2316 1244 2338 relationis
1254 2333 1258 2343 ‚
1277 2316 1335 2337 inter
1345 2320 1403 2343 quas
1415 2316 1449 2336 est
1460 2312 1520 2336 actio
1532 2314 1553 2335 et
1563 2312 1642 2342 passio
1651 2331 1658 2340 ,
1672 2312 1804 2334 afferuntur.

1130 2354 1149 2369 ¹⁰
1165 2354 1215 2376 Vat.
1234 2359 1287 2376 cum
1304 2353 1384 2381 paucis
1401 2352 1468 2374 codd.
1485 2352 1611 2379 incongrue
1628 2353 1650 2372 et
1667 2353 1744 2372 contra
1769 2350 1824 2371 alios
1840 2349 1907 2371 codd.

1067 2395 1089 2415 et
1105 2393 1140 2415 ed.
1159 2393 1167 2414 ¹1
1191 2394 1227 2414 liic
1244 2392 1307 2414 addit
1317 2392 1387 2421 patet,
1401 2397 1501 2419 moxque
1517 2390 1598 2412 omittit
1613 2390 1653 2412 est.
1670 2389 1773 2411 Nonnulli
1791 2388 1858 2410 codd.
1875 2393 1908 2410 re-

1066 2431 1181 2461 spondere
1197 2437 1240 2459 pro
1257 2430 1354 2453 solvere.

1130 2470 1148 2484 ¹¹
1167 2470 1268 2498 Supple:
1286 2470 1356 2491 Pater.
1374 2480 1405 2484 —
1421 2467 1476 2490 Cod.
1494 2468 1511 2489 R
1529 2469 1551 2489 et
1567 2467 1603 2489 ed.
1627 2467 1635 2488 sl
1657 2467 1740 2489 elarius
1756 2464 1909 2495 distinguitur

1068 2510 1118 2532 loco
1135 2508 1263 2538 distz'nynit.
1281 2508 1351 2530 Paulo
1368 2509 1419 2529 ante
1435 2506 1485 2529 cod.
1503 2506 1520 2528 N
1537 2508 1589 2534 post
1604 2504 1649 2528 sibi
1664 2505 1727 2527 addit
1743 2504 1793 2533 ipsi.

1131 2548 1150 2562 ¹2
1167 2548 1227 2570 Multi
1245 2547 1312 2569 codd.
1330 2549 1354 2568 ut
1370 2546 1411 2568 BD
1420 2546 1436 2567 E
1445 2546 1460 2567 S
1470 2545 1489 2567 V
1499 2545 1519 2567 X
1530 2544 1548 2566 Y
1557 2545 1573 2566 Z
1590 2551 1617 2566 aa
1634 2543 1666 2566 bb
1678 2549 1731 2565 cum
1743 2543 1779 2565 ed.
1792 2543 1800 2564 ‘l
1817 2548 1848 2565 ea·
1859 2542 1909 2564 loco

1068 2587 1107 2615 in,
1127 2586 1168 2609 sed
1185 2586 1256 2613 salso,
1274 2588 1299 2608 ut
1315 2587 1377 2613 patet
1393 2590 1419 2606 ex
1437 2586 1549 2606 contextu.
1565 2583 1614 2605 Mox
1632 2585 1684 2610 post
1703 2581 1790 2605 (licitur
1806 2581 1851 2603 fide
1872 2587 1909 2603 an-

1068 2626 1193 2655 tiquiorum
1211 2630 1266 2646 mss.
1283 2626 1305 2646 et
1321 2623 1357 2645 ed.
1376 2623 1384 2644 l
1405 2622 1558 2650 expunximus
1574 2627 1629 2644 esse.

1132 2663 1151 2678 ¹³
1170 2664 1218 2686 Vat.
1240 2662 1328 2691 absque
1353 2662 1485 2684 auctoritate
1510 2666 1564 2682 mss.
1589 2661 1611 2681 et
1642 2665 1680 2681 sex
1705 2659 1832 2686 primarum
1857 2657 1909 2679 edd.

1068 2703 1173 2732 generat.

1132 2740 1150 2755 ¹⁴
1169 2740 1218 2762 Vat.
1235 2742 1326 2768 praeter
1342 2738 1412 2761 tidem
1429 2744 1483 2760 mss.
1500 2740 1523 2760 et
1538 2736 1590 2759 edd.
1617 2736 1643 2764 l,
1662 2736 1688 2763 2,
1714 2735 1742 2761 3,
1764 2735 1777 2756 6
1794 2733 1909 2757 obiicitur,

1069 2779 1125 2802 Cod.
1143 2779 1161 2800 Y
1178 2778 1313 2806 particulam
1329 2777 1361 2800 Et
1376 2776 1499 2804 praemittit
1514 2775 1608 2797 relativo
1625 2773 1694 2803 qaod.

1132 2818 1151 2832 ¹⁵
1167 2817 1223 2840 Cod.
1240 2817 1258 2838 R
1276 2816 1380 2844 adiungit
1395 2814 1525 2839 secandum
1541 2813 1608 2836 idem.

1132 2856 1151 2871 ¹⁰
1168 2855 1223 2878 Cod.
1242 2855 1260 2877 Y
1276 2854 1373 2884 faciant.
