2253 3317
53 809 161 828 Subiectum

26 832 162 859 zriplieiterac-

41 858 117 879 cipitur.

48 1134 157 1158 Exemplum

40 1157 59 1175 iu
80 1162 170 1181 gramma-

41 1181 85 1199 tica.

43 1639 88 1657 item
94 1638 113 1656 in
119 1643 164 1662 qua-

29 1661 149 1681 driviaiibus.

341 159 352 171 1
821 142 1014 172 PROOEMII

173 217 247 246 circa
268 216 368 251 fidem,
397 217 435 245 ita
466 218 549 246 etiam
564 218 571 230 ¹
594 218 667 247 circa
695 226 773 256 spem
802 222 829 248 et
856 219 1013 248 caritatem:

173 272 240 301 ergo
270 264 292 292 si
321 264 492 300 sperandum
520 265 563 294 vel
593 265 766 303 diligendum
795 266 853 295 sive
882 266 1015 303 diligibile

173 320 228 341 non
259 314 300 341 est
331 311 489 340 subiectum
518 312 603 341 huius
632 312 714 347 libri,
741 313 802 350 pari
830 313 937 342 ratione
965 321 1015 342 nec

173 357 305 386 credibile
327 360 369 386 est
390 357 548 386 subiectum
569 357 598 386 in
618 365 659 387 eo.

484 458 696 480 CONCLUSIO.

170 534 249 562 Deus
276 539 316 563 est
343 535 505 564 subiectum
533 535 689 573 theoloyicte
708 536 856 570 radicale,
880 535 1013 565 Cltristtts

249 584 289 609 est
320 581 481 610 subiectum
513 581 670 619 integrale,
701 590 748 610 res
779 586 805 610 et
831 582 918 619 siqom
945 585 1013 610 Steitl

249 626 410 655 Subiectum
439 627 604 656 universale
641 627 701 655 sive
728 628 816 656 etiam
856 628 990 657 credibile
1003 651 1011 662 ,

246 675 339 708 prout
359 672 468 700 transit
488 672 520 700 in
540 673 685 701 rationem
707 673 903 711 intelligibilis.

244 763 416 792 RESPONDEo:
432 765 598 800 Dicendum,
613 765 688 802 quod
705 765 862 795 subiectum
877 767 904 795 10
919 768 1013 805 aliqua

171 811 284 840 scientia
312 812 356 840 vel
384 812 510 841 doctrina
538 812 684 849 tripliciter
713 816 803 850 potest
830 814 925 851 accipi.
954 815 1012 844 Uno

169 857 251 886 modo
273 858 375 887 dicitur
397 859 554 888 subiectum
569 859 597 887 in
612 859 725 888 scientia
738 860 747 873 ²
757 882 764 894 ,
779 860 814 888 ad
828 862 904 898 quod
920 862 1012 890 omnia

168 903 345 933 reducuntur
359 905 431 934 sicut
445 904 481 933 ad
491 905 677 942 principium
690 906 837 940 radicula
851 907 905 935 alio
920 908 1011 942 modo,

169 949 205 978 ad
220 950 296 987 quod
310 950 403 979 omnia
417 950 593 979 reducuntur
609 951 680 979 sicut
695 951 730 979 ad
747 955 836 980 totum
852 953 1012 990 iniecisti&

168 997 250 1026 tertio
278 997 377 1031 modo,
398 998 432 1026 ad
464 998 539 1035 quod
566 998 659 1027 omnia
685 999 860 1028 reducuntur
882 999 954 1029 sicut
975 1000 1011 1029 ad

169 1046 259 1072 totum
280 1044 453 1072 universale.

248 1089 415 1126 Exemplum
437 1089 522 1118 1101115
543 1090 688 1119 manifeste
708 1093 784 1127 patet
806 1091 834 1119 111
860 1100 1012 1128 9107117110,-

172 1134 237 1163 tiea.
259 1134 327 1163 Nam
348 1135 505 1164 subiectum
526 1136 618 1173 primo
638 1136 737 1170 modo,
758 1136 792 1165 ad
822 1137 896 1173 quod
918 1137 1011 1166 omnia

168 1179 344 1208 reducuntur
365 1180 436 1209 sicut
457 1181 492 1209 ad
514 1181 684 1218 principium
699 1182 889 1211 0100100111103
912 1184 956 1212 vel
970 1192 1012 1211 ra-

169 1225 273 1259 dicate,
294 1229 335 1254 θ5ῖ
356 1226 464 1261 littera,
485 1234 570 1264 quam
585 1226 647 1255 ideo
668 1231 747 1256 vocat
763 1228 941 1257 Priscianus*
963 1228 1012 1257 ele-

169 1275 313 1306 mentum,
336 1273 401 1309 quia
424 1276 465 1302 est
486 1273 650 1309 minimum,
671 1274 700 1302 in
721 1283 776 1312 quo
804 1278 857 1304 stat
877 1275 1011 1304 resolutio

169 1318 350 1354 grammatici.
374 1318 543 1354 Subiectum,
565 1319 601 1348 ad
622 1320 697 1356 quod
719 1321 812 1349 omnia
832 1321 1010 1350 reducuntur

170 1363 242 1391 sicut
262 1363 299 1391 ad
319 1366 409 1392 totum
431 1364 579 1401 integrale,
598 1368 640 1394 est
654 1366 742 1394 oratio
757 1374 881 1403 congrua
902 1369 929 1395 et
950 1374 1011 1403 per-

170 1408 247 1437 fecta.
270 1409 433 1439 Subiectum
453 1418 535 1445 vero,
557 1411 593 1440 ad
621 1412 696 1448 quod
722 1413 814 1441 omnia
835 1413 1011 1441 reducuntur

170 1455 243 1484 sicut
262 1455 298 1483 ad
318 1458 408 1484 totum
429 1456 596 1491 universale,
612 1460 654 1486 est
675 1466 731 1486 vox
752 1458 889 1494 litterata,
911 1460 1012 1488 articu-

170 1501 226 1530 lata
243 1502 253 1515 ⁵
292 1503 455 1532 ordinabilis
490 1503 525 1532 ad
554 1504 767 1541 significandum
789 1505 895 1542 aliquid
927 1506 955 1534 in
982 1514 1012 1535 se

170 1549 215 1578 vel
235 1549 264 1578 in
284 1549 346 1578 alio.

248 1596 299 1625 Per
319 1597 395 1625 hunc
415 1597 531 1625 modum
553 1601 595 1626 est
609 1598 781 1635 distinguere
795 1599 822 1627 in
843 1599 1013 1637 qttctdrivict-

172 1641 256 1671 libus.
279 1643 354 1671 Nam·
369 1643 527 1672 subiectum
542 1644 570 1673 in
585 1645 751 1681 geometria,
773 1645 809 1674 ad
824 1646 899 1683 quod
920 1646 1012 1675 omnia

1042 140 1210 176 QUAEST.
1239 140 1257 168 I.
1896 147 1911 172 7

1072 217 1252 246 resolvuntur
1265 218 1274 231 ⁶
1296 220 1327 246 ut
1348 218 1383 246 ad
1404 218 1588 256 principium,
1610 224 1651 250 est
1671 224 1800 258 punctus.
1821 222 1913 251 Subie-

1072 266 1163 298 ctum,
1184 264 1220 292 ad
1241 265 1317 301 quod
1338 266 1431 293 omnia
1459 266 1634 295 reducuntur
1656 270 1688 296 ut
1708 268 1743 297 ad
1765 271 1854 297 totum
1875 268 1913 296 in-

1071 313 1198 347 tegrum,
1213 314 1254 340 est
1269 319 1384 348 corpus,
1400 312 1475 349 quod
1494 313 1615 343 continet
1629 314 1657 342 in
1676 322 1705 344 se
1726 322 1808 344 omne
1825 323 1912 352 genus

1071 357 1260 387 dimensionis.
1282 358 1458 393 Subiectum,
1480 359 1515 387 ad
1531 360 1606 397 quod
1624 361 1717 390 onmia
1737 362 1912 391 reducuntur

1071 407 1102 433 ut
1123 405 1159 433 ad
1179 408 1269 433 totum
1290 405 1464 440 universale,
1486 409 1528 436 est
1549 408 1689 444 quantitas
1704 409 1842 443 continua,
1864 409 1913 437 101-

1071 451 1189 480 mobilis.

1148 491 1199 520 Per
1219 490 1294 519 hunc
1315 491 1431 520 modum
1453 494 1479 520 et
1500 492 1528 520 in
1550 493 1602 521 1100
1623 493 1695 522 libro
1709 497 1750 523 est
1770 494 1912 531 assignare

1070 537 1227 566 subiectum
1260 537 1416 565 secundum
1447 538 1584 575 triplicem
1620 539 1812 568 differentiam.

1147 583 1216 611 Nam
1232 583 1389 612 subiectum
1402 606 1409 619 ,
1436 584 1471 613 ad
1498 585 1573 621 quod
1593 585 1686 613 omnia
1699 585 1708 599 ⁷
1736 585 1911 615 reducuntur

1070 632 1102 657 ut
1123 630 1157 658 ad
1176 630 1375 667 principium,
1398 633 1440 660 est
1459 631 1519 668 ipse
1540 632 1626 660 Deus.

1149 676 1311 705 Subiectum
1332 685 1459 714 quoque,
1475 677 1510 705 ad
1526 677 1600 714 quod
1615 677 1708 706 omnia
1726 678 1910 713 reducuntur,

1071 730 1143 759 quae
1164 722 1388 752 determinantur
1409 723 1437 751 in
1458 724 1510 752 hoc
1532 723 1612 758 libro,
1628 726 1659 753 ut
1676 724 1711 753 ad
1733 728 1824 753 totum
1846 725 1912 753 inte-

1066 776 1174 804 fflwn,
1197 771 1238 797 est
1263 767 1413 802 Clu-istus,
1435 772 1519 806 prout
1541 770 1753 807 comprehendit
1781 774 1911 799 naturam

1070 813 1193 841 divinam
1218 817 1245 842 et
1272 814 1425 842 humanam
1440 814 1498 843 sive
1519 818 1645 844 creatum
1666 818 1693 845 et
1714 816 1868 845 increatum
1892 816 1910 851 Β,

1069 859 1103 888 110
1124 860 1227 896 quibus
1244 863 1309 889 sunt
1324 860 1381 889 duo
1399 861 1482 898 primi
1498 861 1575 896 libri,
1590 864 1617 890 et
1631 865 1715 899 caput
1734 865 1761 891 et
1776 863 1910 898 membra,

1069 906 1103 935 de
1130 907 1233 943 quibus
1257 910 1322 935 sunt
1350 907 1406 936 duo
1435 911 1591 945 sequentes.
1614 908 1645 936 Et
1668 908 1773 946 accipio
1805 909 1882 946 large
1900 909 1909 923 ⁰

1069 957 1159 982 totum
1181 954 1343 991 integrum,
1365 955 1440 991 quod
1462 955 1551 984 multa
1581 956 1774 993 complectitur
1795 964 1850 985 000
1871 964 1911 985 50-

1067 999 1128 1027 11101
1156 1007 1205 1036 per
1228 1000 1469 1037 compositionem,
1492 1001 1541 1030 sed
1562 1009 1612 1038 per
1641 1001 1773 1030 unionem
1791 1004 1832 1030 ‘et
1860 1009 1910 1038 per

1068 1045 1204 1073 ordinem.

1146 1090 1307 1119 Subiectum
1328 1099 1454 1128 quoque,
1476 1092 1511 1120 ad
1533 1092 1607 1129 quod
1628 1093 1720 1121 omnia
1734 1093 1910 1121 reducuntur

1068 1136 1139 1165 sicut
1161 1137 1196 1165 ad
1220 1140 1309 1164 lotum
1330 1137 1512 1171 universale,
1536 1146 1686 1175 possumus
1700 1139 1845 1167 nominare
1860 1146 1910 1175 per

1069 1183 1345 1212 circumlocutionem
1359 1183 1381 1196 ¹⁰
1404 1183 1463 1212 sive
1480 1184 1532 1212 sul]
1549 1184 1748 1219 disiunctione,
1769 1188 1796 1214 et
1810 1185 1849 1213 sic
1869 1188 1910 1213 est

1068 1237 1113 1258 res
1128 1230 1171 1258 vel
1187 1230 1298 1266 signum
1307 1241 1313 1263 3
1330 1233 1357 1258 et
1372 1233 1487 1258 vocatur
1502 1231 1546 1259 hic
1561 1231 1679 1268 siynttm
1691 1232 1909 1260 Sacramentum.

1069 1275 1220 1304 Possumus
1244 1278 1270 1304 et
1291 1276 1373 1305 unico
1395 1276 1531 1305 vocabulo
1552 1277 1715 1311 nominare3
1747 1280 1774 1305 et
1805 1278 1844 1306 sic
1871 1280 1912 1305 est

1068 1322 1218 1356 credibile,
1234 1325 1318 1359 prout
1339 1325 1432 1351 tamen
1452 1323 1584 1352 credibile
1606 1324 1706 1352 transit
1726 1324 1754 1352 in
1776 1324 1912 1352 rationem

1067 1368 1264 1406 intelligibilis,
1284 1372 1311 1398 et
1326 1370 1379 1399 hoc
1395 1377 1445 1407 per
1467 1370 1637 1399 additionem
1658 1370 1788 1405 rationis;
1809 1373 1836 1399 et
1860 1371 1912 1399 hoc

1067 1416 1160 1450 modo,
1171 1417 1285 1453 proprie
1300 1417 1449 1454 loquendo,
1463 1417 1532 1445 est¹¹
1549 1417 1707 1446 subiectum
1722 1417 1749 1445 in
1764 1418 1817 1446 hoc
1831 1417 1911 1445 libro.

1146 1462 1343 1491 Concedendae
1376 1471 1442 1499 ergo
1464 1466 1529 1491 sunt
1551 1464 1671 1491 rationes
1692 1463 1856 1500 probantes,
1885 1466 1912 1492 et

1070 1508 1162 1536 Deum
1192 1517 1252 1537 esse
1281 1509 1439 1538 subiectum
1470 1512 1497 1538 et
1518 1518 1565 1538 res
1597 1512 1624 1538 et
1645 1510 1748 1547 siqua,
1769 1512 1796 1538 et
1823 1510 1912 1538 eredi-

1070 1555 1136 1589 0110,
1159 1555 1362 1590 diversimode,
1384 1556 1456 1585 sicut
1477 1556 1583 1585 dictum
1606 1559 1654 1585 est.

1150 1602 1172 1629 1.
1196 1601 1275 1637 Quod
1307 1609 1373 1638 ergo
1405 1602 1535 1630 obiicitur
1567 1602 1595 1630 in
1617 1602 1804 1636 contrarium,
1836 1601 1911 1638 quod

1069 1654 1124 1675 non
1138 1649 1249 1675 tantum
1264 1647 1298 1676 de
1313 1647 1370 1676 Deo
1380 1646 1402 1660 ¹²
1424 1647 1516 1684 agitur
1531 1647 1559 1675 in
1573 1647 1625 1676 hoc
1640 1647 1727 1682 libro
1743 1648 1893 1677 dicendum
1906 1671 1911 1683 ,

234 1759 242 1773 ¹
259 1760 282 1782 In
306 1759 355 1781 Vat.
379 1762 401 1781 et
417 1760 536 1782 recentiori
553 1759 604 1782 cod.
622 1766 648 1782 cc
660 1766 704 1783 non
716 1760 775 1784 bene
787 1761 851 1784 deest
862 1762 939 1790 etiam,
952 1763 1015 1791 quod

171 1800 246 1821 tamen
263 1799 285 1820 in
303 1797 470 1826 antiquioribus
487 1804 541 1820 mss.
559 1801 581 1820 et
597 1799 633 1821 cd.
652 1799 660 1820 »1
679 1799 782 1822 liabetur.
796 1801 845 1822 Mox
858 1801 908 1823 cod.
926 1801 941 1822 F
955 1800 1016 1823 sicut

171 1843 214 1865 pro
231 1836 257 1860 si.
275 1837 331 1859 Dein
348 1837 393 1859 fide
411 1838 515 1859 omnium
533 1837 599 1860 codd.
617 1841 639 1860 et
655 1838 691 1860 ed.
706 1839 713 1860 l
731 1841 883 1868 expunximus
900 1839 1015 1870 sperabile

171 1875 221 1903 vel,
239 1875 302 1904 quod
319 1876 369 1898 Vat.
388 1877 512 1903 praemittit
528 1876 601 1899 verbo
618 1876 735 1907 (liliqibile.

234 1914 244 1929 ²
262 1913 316 1936 Cod.
341 1914 359 1935 U
384 1914 420 1936 liic
437 1914 491 1936 satis
506 1913 566 1936 bene
583 1915 647 1937 addit
667 1915 734 1938 illud.
757 1916 820 1945 Mox,
847 1917 1015 1945 postulantibus

172 1953 219 1976 sere
236 1953 344 1975 omnibus
361 1959 415 1975 mss.
433 1956 455 1976 01
471 1953 507 1975 ed.
526 1954 551 1982 ¹1,
570 1954 730 1977 substituimus
747 1955 794 1978 alio
811 1962 854 1984 pro
871 1956 980 1979 secundo.

232 1991 242 2007 ³
259 1992 308 2014 Vat.
333 1991 440 2021 primum
461 1991 603 2015 elementale.
620 1993 759 2016 Auctoritate
776 1994 843 2017 codd.
861 2001 888 2017 ce
905 1996 923 2017 ff
937 1998 959 2018 et
976 1995 1012 2017 ed.

171 2030 179 2052 1
201 2031 223 2052 in
241 2032 326 2052 textum
343 2031 474 2057 recepimus
482 2030 627 2061 principium
636 2049 642 2059 ‚
655 2035 734 2059 utpote
747 2032 810 2061 quod
823 2033 1013 2061 praecedentibus

170 2071 191 2091 et
208 2067 402 2096 subsequentibus
419 2069 493 2096 magis
516 2069 696 2097 correspondcre
722 2070 827 2099 videtum
854 2072 919 2094 multi
945 2072 1012 2094 codd.

169 2110 264 2135 propter
280 2107 475 2130 abbreviationem
493 2106 596 2135 ambigui
613 2111 677 2136 sunu
696 2114 776 2131 omnes
794 2112 869 2132 tamen
883 2116 936 2132 cum
948 2110 984 2132 ed.
998 2111 1006 2131 4

169 2146 249 2173 legunt
264 2145 412 2169 elementare.

231 2184 240 2198 ⁴
256 2184 317 2206 Libr.
339 2184 353 2205 l.
377 2183 500 2207 Grainmat.
526 2191 545 2208 c.
572 2186 585 2207 2
611 2185 654 2214 (de
679 2186 784 2215 Littera).
809 2198 840 2203 —
864 2187 912 2209 Non
938 2187 1011 2211 multo

169 2226 223 2252 post
238 2224 289 2246 cod.
302 2223 323 2245 X
335 2224 506 2253 yranzmaticae
523 2231 565 2252 pro
577 2225 734 2255 qrtzmmatici.

231 2261 241 2276 ⁵
257 2263 433 2291 Explicationem
455 2265 537 2287 horum
562 2264 689 2287 verborum
707 2267 787 2294 accipe
813 2272 826 2288 a
847 2265 978 2295 Prisciano,
995 2266 1010 2288 1.

169 2303 293 2325 Grammat.
312 2309 331 2325 c.
350 2304 357 2325 i
373 2308 378 2325 :
397 2303 519 2326 Articulata
541 2306 589 2332 est,
607 2310 667 2333 quae
690 2308 819 2333 coarctata,
839 2305 883 2327 1100
904 2308 953 2333 051,
976 2311 1012 2328 co-

169 2342 247 2369 pulata
259 2347 312 2364 cum
325 2342 402 2371 aliquo
415 2348 483 2365 sensu
502 2343 584 2365 mentis
602 2344 665 2371 eius,
684 2345 724 2372 qui
743 2344 855 2373 loquitur⁷
873 2345 1011 2371 protertur...

169 2381 275 2404 Litterata
299 2383 351 2410 est,
375 2387 434 2410 quae
454 2381 522 2404 scribi
540 2385 620 2410 potest.
641 2395 673 2399 —
690 2382 755 2405 Unus
772 2383 857 2406 alterve
874 2383 925 2406 cod.
943 2387 968 2407 ut
985 2390 1011 2406 aa

169 2422 225 2444 haec
241 2421 287 2443 duo
304 2420 417 2443 adiectiva
434 2423 551 2449 coniungit
568 2428 609 2450 per
626 2422 762 2450 particulam
780 2423 807 2446 et.

229 2461 239 2476 ⁶
256 2460 327 2483 Codd.
351 2460 415 2482 HIK
437 2460 592 2484 reducuntur.
610 2461 660 2483 Mox
682 2465 734 2490 post
746 2461 893 2492 principium
910 2462 976 2484 codd.
995 2462 1010 2484 P

168 2499 216 2527 QX
234 2499 253 2521 ff
266 2499 367 2527 addunt,
386 2502 411 2522 ut
427 2502 449 2522 et
465 2506 535 2528 supra
560 2500 583 2522 in
608 2503 669 2523 textu
695 2500 798 2523 additum
823 2503 872 2528 est,
897 2499 1009 2524 radicale.

168 2538 236 2560 Paulo
254 2541 305 2565 post
322 2537 389 2560 codd.
407 2538 426 2560 H
437 2538 456 2566 Q
471 2537 586 2567 intem-ale
603 2544 646 2567 pro
662 2538 788 2568 intem-um.

229 2575 239 2590 ⁷
256 2575 311 2598 Cod.
329 2576 348 2597 D
371 2577 407 2598 1110
430 2575 507 2604 addit,
525 2577 590 2599 sicuti
613 2579 635 2599 et
651 2577 720 2605 paulo
738 2579 790 2604 post
806 2577 828 2598 in
846 2579 908 2599 textu
925 2579 1010 2605 reperi-

166 2616 218 2642 tur,
236 2620 297 2644 quae
314 2613 502 2637 determinantur
517 2614 542 2637 in
559 2614 601 2637 hoc
627 2614 686 2638 libro
694 2623 703 2643 ,·
729 2615 796 2638 codd.
822 2623 878 2639 vero
895 2617 941 2639 ΒΚ
958 2620 1011 2645 post

165 2652 309 2682 principium
327 2652 436 2675 adiiciunt
452 2651 558 2675 radicale
574 2652 611 2675 vel
627 2652 717 2676 initiale
734 2656 756 2676 et
773 2653 823 2676 cod.
841 2655 860 2676 ff
874 2657 1011 2678 1001110170-

168 2690 256 2719 dicale,
275 2697 335 2720 quae
352 2690 464 2713 adiectiva
482 2697 535 2713 cum
553 2691 744 2720 praecedentibus
768 2693 949 2721 correspondent
965 2696 1010 2716 tex-

167 2733 262 2759 tumque
280 2730 444 2753 distinctiorem
462 2729 568 2753 reddunt.
586 2730 655 2753 Paulo
672 2734 724 2759 post
744 2731 811 2754 codd.
829 2732 878 2760 KQ
894 2731 1010 2762 integrale

167 2768 217 2791 1000
233 2768 359 2798 intem-am.

228 2806 238 2821 S
254 2807 329 2829 Lectio
347 2807 397 2829 Vat.
415 2806 462 2829 sire
479 2807 584 2829 creatam
600 2807 621 2829 et
637 2806 783 2836 increatam,
796 2815 855 2837 quae
868 2809 936 2831 nimis
947 2812 1008 2832 arcia

165 2844 271 2872 videtur,
290 2845 414 2873 castigatur
431 2845 564 2867 auctoritate
580 2851 634 2867 mss.
652 2848 674 2868 et
690 2845 726 2868 ed.
745 2847 765 2868 sl.

1137 1764 1147 1778 ⁰
1165 1763 1273 1786 Consulto
1291 1764 1345 1786 dicii
1363 1762 1445 1793 large,
1472 1765 1526 1793 quia
1554 1765 1629 1787 totum
1646 1763 1767 1793 inteyrttm
1793 1765 1815 1786 in
1841 1771 1912 1787 sensu

1071 1802 1149 1824 stricto
1177 1802 1231 1824 dicit
1251 1803 1407 1830 compositum
1433 1809 1459 1824 cx
1485 1802 1604 1830 partibus;
1622 1802 1663 1825 5011
1685 1803 1745 1825 duae
1770 1807 1863 1825 naturae
1890 1804 1912 1825 in

1071 1840 1159 1863 Christo
1194 1841 1278 1863 iaciunt
1303 1845 1374 1864 totum
1399 1841 1516 1869 integrum
1542 1841 1670 1863 secundum
1697 1842 1847 1864 Scholasticos
1872 1848 1914 1869 per

1071 1881 1179 1902 unionem
1206 1881 1385 1908 hypostaticam,
1412 1886 1456 1902 000
1475 1886 1517 1908 per
1541 1881 1642 1902 strictam
1668 1881 1864 1908 compositionem.
1882 1892 1914 1897 —-—

1075 1917 1124 1940 Vat.
1144 1919 1266 1946 praemittit
1283 1918 1418 1946 particulam
1436 1917 1472 1941 hic
1489 1921 1511 1941 et
1527 1925 1580 1940 mox
1597 1922 1650 1947 post
1665 1918 1707 1941 sed
1733 1918 1796 1941 addit
1825 1918 1895 1941 etiam
1908 1937 1913 1947 ,

1071 1956 1135 1984 quod
1153 1957 1189 1978 1110
1205 1956 1297 1979 01011111
1315 1957 1408 1985 saepius
1433 1963 1513 1979 omncs
1538 1963 1592 1979 mss.
1619 1958 1740 1985 omittunt,
1763 1958 1815 1980 licet
1838 1958 1914 1979 minus

1070 2000 1179 2022 congrue.

1134 2033 1153 2047 1⁰
1171 2033 1254 2056 Contra
1271 2035 1429 2056 auctoritatem
1446 2034 1513 2056 codd.
1532 2037 1554 2057 et
1570 2034 1606 2057 011.
1625 2035 1633 2056 ¹1
1655 2034 1705 2057 loco
1729 2040 1772 2064 per
1793 2033 1915 2057 circumlo-

1069 2072 1186 2096 cutionem
1204 2073 1254 2095 Vat.
1273 2074 1337 2101 ponii
1354 2072 1427 2103 dupla
1444 2072 1620 2101 nominatione,
1633 2074 1727 2096 sortasse
1739 2076 1834 2101 propter
1846 2074 1914 2105 111010-

1071 2117 1121 2134 rem
1139 2113 1308 2139 oppositionem
1326 2118 1379 2134 cum
1396 2112 1475 2134 verbis
1497 2112 1567 2140 paulo
1592 2116 1644 2140 post
1669 2112 1818 2141 sequentibus
1842 2112 1913 2136 unico

1068 2149 1190 2173 vocabulo.

1132 2189 1150 2203 n
1168 2190 1260 2212 Praeter
1277 2189 1347 2212 fidem
1364 2196 1418 2212 mss.
1436 2193 1459 2213 et
1475 2190 1510 2212 ed.
1530 2191 1538 2212 1
1568 2191 1649 2218 repetit
1667 2191 1703 2213 1110
1720 2190 1770 2213 Vat.
1788 2189 1911 2218 credibile,

1067 2228 1130 2257 quod
1148 2231 1208 2251 certe
1226 2229 1248 2250 in
1265 2232 1324 2251 textu
1348 2224 1566 2257 subintelligendum
1583 2232 1623 2252 est.
1641 2229 1691 2252 Mox
1713 2229 1779 2252 codd.
1797 2230 1841 2258 ΡΩ
1858 2236 1911 2253 cum

1067 2267 1119 2290 edd.
1138 2266 1151 2289 4
1169 2270 1191 2290 01
1208 2267 1221 2289 5
1239 2270 1291 2295 post
1307 2267 1461 2291 diversimode
1478 2269 1531 2291 satis
1548 2268 1607 2290 bene
1624 2268 1711 2291 addunt
1727 2269 1812 2291 tamen.

1130 2305 1150 2320 ¹²
1166 2306 1216 2329 Vat.
1229 2306 1292 2336 quod
1305 2306 1332 2329 cle
1348 2306 1396 2329 Deo
1413 2312 1460 2330 non
1480 2306 1560 2336 aqitw·
1576 2313 1619 2337 per
1636 2308 1711 2330 totum
1728 2306 1752 2329 in
1770 2306 1813 2331 1100
1831 2306 1890 2331 libro
1902 2316 1910 2335 ,-

1067 2350 1121 2367 mss.
1139 2350 1192 2366 cum
1209 2344 1245 2366 ed.
1265 2345 1272 2366 11
1295 2349 1373 2367 contra
1390 2345 1440 2367 Vat.
1458 2345 1480 2367 in
1498 2351 1525 2367 eo
1543 2346 1696 2374 conveniunt,
1722 2345 1786 2374 quod
1808 2347 1912 2368 omittant

1064 2389 1109 2413 per
1127 2384 1219 2411 totum;
1238 2383 1305 2406 codd.
1323 2390 1379 2406 vero
1396 2384 1414 2406 R
1426 2384 1443 2406 T
1461 2391 1487 2406 cc
1505 2384 1524 2406 ff
1537 2387 1559 2406 et
1575 2384 1611 2406 ed.
1630 2385 1638 2406 1
1653 2402 1658 2412 ,
1676 2385 1818 2412 transpositis
1835 2384 1912 2407 verbis

1067 2425 1089 2444 ct
1105 2422 1211 2444 addendo
1230 2423 1339 2449 tantum,
1356 2422 1504 2450 suppeditant
1521 2422 1654 2450 lectionem,
1681 2428 1751 2451 quam
1777 2423 1798 2444 in
1825 2426 1911 2445 textum

1066 2461 1196 2489 recepimus
1206 2479 1210 2489 ,
1229 2467 1287 2489 111100
1305 2464 1327 2483 01
1338 2461 1360 2482 in
1372 2467 1396 2483 50.
1408 2461 1490 2483 clarior
1502 2464 1536 2484 est
1547 2463 1568 2483 et
1582 2460 1612 2483 ad
1624 2461 1734 2483 amussim
1747 2461 1911 2489 correspondet

1068 2501 1219 2528 propositioni
1237 2500 1318 2522 minori
1336 2506 1406 2527 supra
1425 2500 1446 2521 in
1464 2499 1591 2522 obiectione
1603 2500 1697 2527 positae.
1710 2500 1760 2522 Mox
1772 2503 1824 2528 post
1834 2501 1912 2523 tamen

1067 2545 1093 2561 ex
1111 2538 1178 2560 codd.
1198 2538 1215 2560 T
1234 2541 1256 2560 et
1272 2544 1298 2560 ee
1315 2538 1477 2566 supplevimus
1494 2537 1521 2561 de
1538 2538 1598 2563 Deo,
1616 2544 1675 2567 quae
1692 2538 1764 2561 rerba
1782 2542 1842 2561 certe
1859 2538 1912 2562 sub—

1066 2576 1179 2599 audienda
1197 2579 1256 2599 sunt.
1273 2576 1329 2598 Dein
1351 2576 1401 2599 cod.
1419 2576 1435 2598 F
1452 2579 1504 2605 post
1521 2575 1678 2599 substantium
1696 2576 1759 2599 addit
1783 2578 1806 2600 et
1828 2583 1910 2607 opera·

1067 2615 1160 2638 tionem.
1177 2615 1256 2637 Plures
1273 2615 1340 2637 codd.
1358 2621 1385 2637 ex
1402 2616 1537 2643 repetitione
1553 2615 1618 2637 vocis
1640 2613 1797 2638 substantiam
1819 2615 1909 2644 decepti

1066 2655 1246 2683 propositionem
1268 2654 1347 2676 mutile
1364 2653 1477 2676 exhibent.
1495 2652 1550 2676 Cod.
1568 2653 1588 2675 K
1607 2659 1663 2675 vero
1685 2656 1756 2675 totam
1781 2655 1909 2682 responsio-

1066 2699 1118 2715 nem
1135 2693 1210 2720 magis
1227 2693 1342 2714 succincte
1359 2692 1388 2714 ita
1405 2692 1526 2720 proponit:
1546 2690 1614 2719 Quod
1630 2697 1686 2721 erqo
1704 2690 1811 2714 obiicitur
1821 2691 1845 2714 in
1857 2698 1909 2715 con-

1066 2730 1185 2757 trarium,
1204 2729 1268 2760 quod
1284 2729 1346 2753 Dens
1363 2736 1411 2753 non
1428 2729 1591 2759 complectitur
1611 2729 1706 2757 omnia,
1724 2736 1784 2759 qnae
1801 2729 1837 2753 hic
1854 2736 1910 2753 con-

1066 2770 1205 2793 siderantur
1215 2788 1221 2797 ,
1240 2768 1365 2792 (licendum
1374 2788 1380 2796 ,
1398 2768 1462 2798 qnod
1478 2775 1508 2791 ex
1526 2768 1568 2792 hoc
1579 2774 1627 2791 non
1640 2768 1760 2798 sequitur,
1773 2768 1836 2798 qued
1847 2768 1909 2792 Deus

1064 2815 1115 2832 non
1132 2808 1163 2832 sit
1177 2807 1307 2831 subiectum
1323 2807 1348 2830 in
1365 2807 1409 2831 hac
1426 2807 1521 2830 scientia
1533 2826 1539 2835 ,
1556 2806 1597 2830 sed
1614 2808 1708 2830 rantum
1725 2807 1775 2835 (510
1792 2808 1908 2835 primitus,

1065 2850 1144 2876 postea
1163 2850 1292 2870 correctum
1310 2847 1332 2868 in
1350 2847 1428 2869 tamen
1435 2846 1448 2874 )
1465 2845 1584 2875 seqnitur,
1597 2844 1660 2875 qnod
1670 2851 1719 2868 non
1735 2846 1770 2868 est
1780 2844 1910 2868 subiectum

1938 501 2036 519 Conciusio

1949 525 2023 548 triplex.

1935 1618 2008 1645 Solutio
2021 1623 2054 1641 op-

1925 1644 2035 1665 posnorum.
