2253 3317
181 1432 316 1450 Fundamenta.

316 141 351 168 76

315 216 471 254 propriata.
496 214 560 251 quia
592 213 699 241 bonitas
730 212 851 240 maxime
883 210 962 239 nobis
993 209 1099 237 relucet
1130 208 1158 235 in

315 265 460 291 creatura:
483 269 549 297 ergo
577 262 712 296 quantum
745 258 780 286 ad
806 257 936 294 propria:
969 263 1034 292 ergo
1060 254 1157 283 saltem

316 309 387 337 duas
408 314 541 344 personas
562 307 758 342 cognoverunt.

394 354 418 382 3.
451 354 532 386 Item,
564 352 615 380 hoc
644 351 738 380 idem¹
771 350 882 379 videtur
913 356 963 386 per
994 350 1157 377 rationem:

315 400 380 437 quia
402 399 565 435 vestigium,
587 405 650 426 cum
672 397 745 426 dicat
768 396 987 426 distinctionem,
1016 398 1058 423 est
1089 395 1159 423 ratio

315 445 496 483 cognoscendi
517 444 606 472 Deum
638 443 795 472 distinctive
822 443 879 471 sive
905 442 933 470 in
966 441 1159 474 distinctione3

316 492 363 521 sed
385 499 440 520 non
462 494 503 519 est
524 490 551 518 in
573 490 629 518 Deo
650 490 701 518 nisi
725 488 864 518 distinctio
879 496 1078 526 personarum:
1094 496 1160 524 ergo

315 546 366 575 per
397 537 545 574 vestigimn
576 538 728 573 potuerunt
759 542 925 572 cognoscere
956 535 1160 564 distinctionem
1189 545 1190 555 ¹

316 591 507 621 personarum.

393 631 420 658 [ι.
442 630 524 663 116111,
546 636 596 666 per
618 628 766 665 imaginem
798 631 839 657 est
870 628 988 665 cognitio
1020 628 1160 657 Trinitatis

317 680 452 713 quantum
483 675 518 704 ad
550 675 692 709 ordinem,
725 674 928 703 distinctionem
957 677 984 702 et
1011 674 1161 711 aequalita—

318 727 372 752 tem
386 734 393 756 3
415 722 463 751 sed
485 721 603 758 cognitio
628 729 678 758 per
710 721 858 758 imaginem
889 724 930 750 est
961 721 1079 757 cognitio
1110 729 1160 758 per

317 772 489 798 creaturam:
512 775 577 804 ergo
592 775 642 804 per
657 771 814 796 creaturam
829 770 980 804 potuerunt
995 775 1160 804 cognoscere

318 815 488 843 Trinitatem.

397 861 527 894 5-116111,
549 859 687 888 difficilior
708 863 749 888 est
764 860 882 896 cognitio
902 860 1104 897 proprietatum
1119 868 1161 889 oc-
1189 867 1191 880 ⁴

318 907 457 936 cultarum
479 910 624 935 creaturae
645 914 729 943 quam
751 906 869 943 cognitio
888 906 1056 943 pluralitatis
1070 914 1162 943 perso-

319 961 435 987 narum,
457 953 522 990 quia
544 952 591 981 illa
612 960 667 980 non
690 952 798 989 capitur
819 952 870 981 nisi
893 961 909 980 a
930 953 1037 989 magnis
1052 956 1078 981 et
1100 952 1162 981 51111-

318 999 428 1033 tilibus,
451 999 518 1027 haec
543 1002 637 1027 autem
669 999 777 1036 capitur
809 998 911 1027 etiam²
943 1007 959 1027 a
992 999 1111 1027 rudibus
1135 1002 1163 1028 et
1191 1010 1192 1025 1

320 1045 531 1082 insipientibus:
563 1053 629 1082 ergo
660 1045 682 1074 si
714 1048 866 1082 potuerunt
897 1053 947 1082 per
979 1045 1163 1082 proprietates

320 1095 515 1120 creaturarum
536 1091 659 1120 visibiles
680 1091 827 1128 pervenire
841 1092 877 1120 ad
893 1091 1060 1126 invisibiles,
1075 1091 1163 1120 multo

320 1138 419 1167 fortius
440 1138 474 1167 ad
496 1138 734 1175 cognoscendum,
756 1146 890 1175 personas
918 1146 978 1167 esse
1006 1138 1110 1175 plures.
1134 1138 1164 1166 Et

321 1185 372 1213 hoc
394 1187 435 1213 est
456 1185 530 1221 quod
552 1185 654 1213 dicitur
676 1185 831 1221 Sapientiae
853 1184 960 1213 decimo
989 1184 1101 1213 1611103ε
1132 1184 1166 1213 Si
1193 1203 1194 1216 1

322 1231 397 1259 enim.
419 1234 533 1259 tantiam
550 1235 711 1268 potueruut
731 1231 817 1265 seire,
832 1235 866 1259 111
876 1235 994 1268 pos-sent
1013 1231 1164 1259 saeculzmz

324 1278 490 1311 aestimare,
512 1278 653 1315 quomodo
676 1277 764 1316 lucius
786 1278 944 1306 Dominum
965 1286 1023 1305 11011
1042 1276 1165 1314 facilius
1194 1283 1195 1308 i

323 1323 516 1352 invenerunt?

400 1370 526 1399 CONTnaz
552 1371 575 1398 1.
591 1370 713 1407 Cognitio
733 1371 873 1399 Trinitatis
888 1373 928 1399 est
943 1370 1061 1407 cognitio
1082 1370 1145 1399 fidei
1160 1381 1166 1405 ;

324 1417 372 1446 5611
393 1416 511 1453 cognitio
532 1417 596 1445 fidei
618 1420 659 1445 est
672 1417 681 1429 ⁴
705 1417 739 1445 de
755 1417 798 1445 his
812 1425 883 1454 quae
906 1420 971 1445 sunt
985 1425 1071 1453 supra
1086 1417 1167 1445 ratio-

325 1510 450 1546 cognosci
472 1517 522 1546 per
543 1512 700 1538 creaturas:
717 1517 783 1546 ergo
803 1513 853 1539 etc.

404 1557 430 1584 ⁹2.
452 1556 534 1590 Item,
551 1564 604 1584 non
620 1559 661 1584 est
676 1556 727 1585 nisi
745 1556 855 1585 duobus
877 1556 967 1585 modis
978 1557 987 1571 5
1002 1556 1036 1584 de
1052 1556 1108 1584 Deo
1129 1564 1170 1584 co-
1197 1564 1198 1587 ἕ

326 1610 457 1639 gnoscere
478 1611 528 1640 per
549 1605 719 1637 creaturam,
741 1606 789 1631 aut
810 1602 975 1631 affirmando
996 1603 1070 1639 quod
1085 1602 1167 1631 estin

326 1652 455 1678 creatura
476 1649 519 1678 vel
535 1649 639 1683 simile,
654 1653 702 1677 aut
716 1650 901 1683 removendo,
917 1649 963 1678 sed
981 1649 1100 1677 Trinitas
1114 1657 1169 1677 non

327 1742 376 1770 sed
398 1742 425 1770 in
447 1742 523 1770 nulla
544 1745 673 1770 creatura
694 1742 835 1770 invenitur
856 1742 1002 1778 pluralitas
1017 1741 1170 1778 supposito-

327 1796 390 1816 rum
412 1796 475 1817 cum
498 1788 602 1817 unitate
623 1789 775 1817 essentiae:
798 1796 864 1825 ergo
885 1790 935 1816 etc.

407 1834 432 1863 3.
445 1835 521 1869 ltem,
534 1835 580 1863 lex
592 1835 695 1872 scripta
706 1838 747 1864 est
762 1835 864 1871 super⁶
875 1834 963 1871 legem
975 1837 1101 1867 naturae,
1113 1833 1171 1862 sive

328 1881 398 1910 liber
420 1889 514 1910 sacrae
531 1881 689 1918 Scripturae
705 1889 789 1918 super
805 1881 909 1910 librum
924 1881 1083 1909 mundanae
1098 1888 1172 1909 crea-

328 1930 407 1956 turae
420 1939 426 1962 3
448 1928 497 1956 sed
519 1928 613 1956 nullus
629 1927 683 1956 fide
698 1935 796 1956 carens
810 1936 861 1964 per
876 1935 983 1956 sacram
999 1927 1172 1964 Scripturam

327 1975 403 2003 venit
424 1974 451 2002 in
473 1974 656 2011 cognitionem
678 1974 844 2011 pluralitatis
871 1981 1074 2011 personarimi:
1105 1981 1172 2009 ergo

327 2021 416 2049 multo
438 2021 530 2049 minus
551 2028 601 2057 per
622 2020 727 2049 librum
748 2020 906 2049 mundanae
927 2023 1080 2049 creaturae.

999 129 1249 160 SENTENTIARUM
1272 128 1330 156 LIB.
1352 127 1370 155 1.

1529 211 1739 233 CONCLUSIO.

1224 298 1355 327 Trinitas
1383 306 1581 334 persomcrum
1614 307 1672 326 11011
1702 302 1742 326 est
1778 297 1977 336 coyowseibilis
2006 306 2058 335 per

1297 348 1463 378 creaturas,
1475 345 1525 373 sed
1536 348 1647 373 {ctutum
1659 345 1777 374 trinitas
1785 345 2057 382 1101111011νίατονανη,

1297 391 1406 419 seilicet
1425 391 1542 425 unitas,
1563 391 1689 425 writers,
1713 391 1833 420 bonitas.

1298 485 1476 513 Rnsrormao:
1499 485 1668 519 Dicendum,
1690 485 1765 522 quod
1793 485 1938 522 pluralitas
1968 493 2060 522 perso-

1219 539 1320 559 narum
1341 539 1404 560 611111
1427 532 1532 560 unitate
1553 532 1687 560 essentiae
1709 534 1750 560 est
1775 532 1921 569 proprium
1951 531 2061 561 divinae

1218 581 1334 607 naturae
1356 578 1458 612 solius,
1480 578 1560 607 cuius
1582 578 1670 607 simile
1691 586 1741 607 nec
1763 578 1904 615 reperitur
1936 578 1963 606 111
1988 586 2061 607 0160-

1218 628 1282 653 tura
1302 632 1353 653 nec
1374 627 1464 662 potest
1486 625 1603 662 reperiri
1629 632 1679 653 nec
1708 624 1907 653 rationabiliter
1929 624 2061 661 cogitari:

1219 671 1280 700 ideo
1295 671 1373 699 nullo
1388 671 1470 700 modo
1493 672 1600 700 trinitas
1615 679 1799 708 personarum
1814 675 1855 700 est
1871 670 2062 708 cognoscibilis

1189 752 1190 763 ἵ
1218 726 1268 755 per
1290 720 1463 751 creaturam,
1485 718 1685 747 rationabiliter
1706 718 1880 747 ascendendo
1901 726 1918 747 a
1932 719 2061 747 creatura

1219 765 1265 793 in⁷
1286 764 1385 793 Deum.
1407 764 1459 792 Sed
1482 764 1544 793 licet
1565 773 1619 793 non
1641 765 1742 793 habeat
1763 765 1874 793 omnino
1896 765 2001 799 51111116,
2015 764 2061 793 ha-

1217 811 1264 840 bet
1284 814 1377 839 tamen
1397 811 1491 847 aliquo
1511 811 1594 839 modo
1608 811 1683 847 quod
1698 811 1827 839 creditur
1843 811 1931 840 simile
1946 812 1974 839 in
1989 819 2062 840 crea-

1217 860 1289 885 tura.
1312 857 1387 886 Unde
1409 857 1484 889 dico,
1506 857 1581 893 quod
1602 857 1759 894 philosophi
1781 865 1924 895 nunquam
1947 865 1997 895 per
2021 866 2062 886 ra-

1218 904 1320 932 tionem
1332 906 1521 940 cognoverunt
1532 911 1714 940 personarum
1729 904 1881 933 trinitatem
1896 911 1946 933 nec
1960 904 2043 933 etiam
2053 905 2063 919 ⁸

1219 950 1423 987 pluralitatem,
1446 950 1497 979 nisi
1519 950 1654 979 haberent
1681 950 1802 987 aliquem
1833 951 1960 979 habitum
1981 950 2061 986 fidei⁷

1220 997 1291 1026 sicut
1302 996 1406 1025 habent
1420 996 1505 1033 aliqui
1520 996 1667 1030 haeretici;
1682 997 1757 1025 unde
1771 1005 1842 1034 quae
1857 997 1999 1032 dixerunt,
2014 1000 2063 1026 aut

1221 1044 1305 1072 locuti
1326 1045 1391 1071 sunt
1406 1051 1461 1071 11011
1476 1043 1674 1079 intelligenteS,
1690 1046 1739 1072 aut
1752 1043 1817 1072 fidei
1832 1044 1911 1072 radio
1925 1044 2063 1072 illustrati.

1301 1090 1344 1118 Est
1366 1089 1420 1118 alia
1441 1089 1549 1117 trinitas
1574 1090 1833 1127 appropriatorum,
1855 1090 1958 1119 scilicet
1979 1091 2066 1119 unita-

1222 1137 1265 1171 tis,
1288 1136 1412 1165 veritatis
1433 1138 1460 1164 et
1481 1135 1646 1170 bonitatis⁹‚
1662 1139 1688 1165 et
1703 1137 1774 1165 hanc
1789 1139 1986 1173 cognoverunt,
2001 1137 2066 1174 quia

1222 1182 1305 1211 habet
1326 1182 1424 1211 simile.
2054 1206 2059 1209 .

1302 1230 1325 1257 1.
1348 1229 1387 1257 Ad
1409 1228 1479 1257 illud
1501 1236 1567 1265 ergo
1588 1229 1662 1266 quod
1684 1229 1826 1264 obiicitur,
1852 1229 1927 1266 quod
1949 1237 1999 1267 per
2022 1230 2067 1258 tri-

1224 1276 1353 1313 partitam
1377 1275 1582 1312 philosophiam
1604 1278 1794 1312 cognoverunt
1808 1275 1967 1313 philosophi
1982 1276 2068 1305 Trini-

1223 1326 1324 1357 tatem:
1346 1322 1509 1356 dicendum⁷
1534 1322 1607 1358 quod
1631 1330 1730 1350 verum
1752 1325 1808 1356 est,
1830 1322 1905 1359 quod
1926 1330 1976 1360 per
1997 1323 2067 1352 illud

1224 1372 1250 1398 et
1280 1377 1330 1406 per
1352 1369 1406 1397 alia
1428 1372 1564 1397 venerunt
1590 1368 1617 1396 in
1630 1369 1647 1383 ¹⁰
1668 1368 1852 1405 cognitionem
1881 1369 2069 1406 appropriato-

1195 1445 1197 1450 ,
1224 1424 1304 1449 rum,
1326 1415 1471 1444 credentes
1492 1422 1559 1443 vero
1581 1415 1608 1443 in
1630 1415 1813 1451 cognitionem
1845 1416 1993 1453 utriusque
2024 1416 2070 1444 tri-

323 1471 403 1497 nem,
435 1466 461 1492 et
492 1471 563 1499 quae
589 1466 653 1492 sunt
685 1471 770 1500 supra
802 1463 936 1492 rationem
965 1472 1020 1492 non
1051 1466 1167 1500 possunt
1196 1462 1197 1468 ¹

1225 1462 1326 1491 nitatis.

1304 1510 1329 1537 2.
1352 1508 1388 1537 Ad
1412 1508 1481 1537 illud
1504 1508 1579 1545 quod
1600 1508 1730 1538 obiicitur
1751 1508 1786 1537 de
1808 1508 1890 1536 tertio
1911 1508 2005 1545 siquo,
2031 1509 2069 1537 di-

1226 1556 1298 1583 citur
1319 1558 1346 1583 et
1368 1555 1453 1589 116116,
1471 1555 1536 1591 quia
1551 1554 1688 1591 sapientes
1713 1554 1775 1583 ideo
1789 1555 1921 1583 dicuntur
1938 1555 2070 1584 defecisse

1227 1602 1254 1630 iu
1275 1601 1356 1630 tertio
1371 1601 1464 1637 signo,
1486 1601 1552 1637 quia
1567 1601 1727 1629 defecerunt
1742 1601 1769 1629 in
1788 1601 1941 1638 cognitione
1956 1601 2069 1630 effectus

1198 1666 1199 1676 1
1226 1648 1362 1685 potissimi
1375 1648 1391 1662 ¹¹
1414 1648 1555 1681 bonitatis,
1576 1648 1680 1677 scilicet
1700 1647 1906 1684 redemptionis.

327 1696 501 1732 cognoscitur
522 1703 572 1732 per
598 1695 791 1729 remotionem,
824 1696 872 1724 sed
904 1703 953 1732 per
986 1695 1169 1732 positionem;
1199 1725 1200 1734 ¹

1307 1694 1332 1722 3.
1355 1694 1393 1722 Ad
1415 1694 1491 1723 aliud
1519 1694 1687 1728 dicendum,
1719 1694 1793 1731 quod
1824 1695 1972 1731 vestigium
2004 1694 2070 1723 dicit

1230 1740 1432 1769 distinctionem
1455 1740 1656 1777 proprietatum
1679 1740 1883 1775 essentialium,
1905 1743 1931 1769 et
1950 1741 2015 1769 huic
2030 1748 2070 1769 re-

1229 1787 1347 1823 spondet
1362 1786 1470 1815 trinitas
1484 1787 1736 1824 appropriatorum,
1752 1795 1806 1815 non
1822 1788 2001 1824 propriorum
2013 1787 2070 1815 sive

1229 1841 1421 1870 personarum.

1307 1880 1333 1908 [1.
1355 1880 1394 1908 Ad
1416 1880 1486 1908 1111111,
1507 1880 1581 1916 quod
1604 1879 1733 1908 obiicitur
1754 1880 1788 1908 de
1817 1880 1950 1917 imagine,
1982 1879 2072 1909 dicen-

1230 1927 1314 1961 dum,
1336 1926 1411 1963 quod
1439 1929 1481 1955 est
1510 1934 1675 1963 cognoscere
1706 1927 1827 1955 animam
1858 1927 2013 1956 secundum
2043 1926 2071 1955 id

1230 1973 1305 2010 quod
1327 1977 1384 2006 οδω
1404 1976 1431 2001 61
1453 1973 1570 2009 cognitio
1593 1973 1644 2002 ista
1669 1976 1710 2002 est
1737 1973 1870 2007 rationis;
1902 1973 1946 2002 vel
1977 1981 2072 2002 secun-

1230 2020 1298 2048 dum
1312 2019 1333 2032 ¹²
1356 2019 1430 2056 quod
1452 2020 1570 2057 imdym
1591 2024 1618 2048 et
1639 2020 1757 2056 cognitio
1772 2020 1823 2049 ista
1838 2022 1879 2049 est
1893 2020 1979 2048 solius
1998 2019 2071 2049 fidei.

393 2222 400 2236 1
419 2223 476 2250 Vat.y
495 2222 658 2245 reluctantibus
676 2228 730 2244 mss.
743 2225 763 2244 et
776 2228 815 2244 sex
827 2223 907 2250 primis
924 2222 984 2250 edd,
1003 2223 1084 2245 omittit
1101 2221 1170 2250 idem,

330 2267 373 2289 pro
390 2267 436 2289 quo
454 2261 504 2283 cod.
522 2261 537 2282 Z
555 2261 624 2283 habet
640 2260 724 2290 ipsum.

392 2300 401 2314 ⁴2
418 2300 556 2322 faventibus
582 2306 635 2322 mss.
661 2303 683 2322 et
701 2300 736 2322 ed.
754 2299 923 2327 l‚addidimus
939 2299 1023 2327 etiam,
1042 2299 1104 2328 quod
1122 2299 1172 2322 Vat.
1202 2312 1203 2316 =

331 2340 407 2361 minus
424 2338 481 2361 bene
499 2340 586 2361 omittit.
605 2339 654 2361 Mox
679 2339 730 2361 cod.
748 2339 765 2360 R
792 2342 843 2367 post
868 2339 889 2361 si
906 2339 1010 2367 adlungit
1024 2338 1171 2368 philosophi,

332 2384 358 2400 ac
380 2378 472 2405 plurimi
496 2377 562 2400 codd.
589 2380 612 2399 ut
629 2378 671 2399 AF
681 2378 772 2399 GHlK
783 2378 797 2399 S
809 2378 826 2399 T
837 2378 856 2399 Y
873 2381 914 2400 etc.
933 2380 984 2406 post
1006 2378 1175 2401 creaturarum

332 2417 419 2439 addunt
435 2423 531 2445 rerum,
553 2418 574 2438 in
593 2423 638 2445 qua
656 2417 751 2439 lectione
763 2418 933 2440 creaturarum
950 2417 1006 2439 salso
1024 2418 1124 2445 positum
1142 2419 1175 2439 est

333 2456 382 2478 1060
400 2457 543 2479 creatarum.

394 2494 404 2508 ³
421 2494 485 2516 Vers.
505 2495 533 2522 9,
551 2494 590 2516 uhi
608 2494 658 2517 Vat.
677 2498 728 2522 post
744 2494 805 2518 scire
822 2496 886 2523 ponit
898 2494 961 2525 011011
969 2495 1082 2524 poterant
1096 2499 1175 2517 saecu-

335 2531 384 2554 lum
400 2538 553 2560 mensurare,
573 2532 696 2562 quomodo.

396 2570 405 2584 ⁴
422 2571 461 2593 Ed.
481 2572 488 2592 1
511 2572 547 2593 1116
571 2572 652 2599 repetit
677 2571 785 2601 cognitio.
802 2584 834 2588 —
850 2572 882 2594 De
907 2573 950 2594 hoc
975 2574 1111 2600 argumento
1136 2571 1175 2593 cfr.

334 2608 439 2636 Dionys.y
458 2610 486 2632 de
503 2610 553 2632 Dix'.
571 2611 635 2633 Nom.
654 2617 672 2633 c.
695 2612 711 2633 1.
730 2611 750 2640 2}-
769 2612 789 2633 2.

397 2648 406 2662 5
423 2647 477 2670 Cod.
495 2649 515 2671 K
533 2650 586 2671 satis
603 2649 662 2672 hene
673 2650 777 2678 adiungit
793 2649 895 2680 aliquid.
914 2650 964 2673 cod.
983 2650 1003 2672 X
1021 2649 1096 2673 Deum
1114 2650 1177 2677 ponit
1203 2657 1205 2662 =

336 2686 385 2708 loco
402 2686 428 2708 dc
445 2687 498 2710 Deo.
516 2688 565 2710 Mox
577 2689 669 2716 plurimi
687 2689 753 2711 codd.
772 2692 796 2711 ut
813 2689 830 2711 Α
840 2688 856 2711 C
865 2689 880 2710 F
890 2690 908 2711 G
918 2689 936 2711 H
946 2689 953 2711 1
962 2689 977 2711 L
988 2689 1005 2711 O
1015 2689 1029 2711 S
1040 2689 1058 2710 T
1068 2688 1086 2710 U
1096 2688 1116 2710 X
1134 2691 1175 2711 ete.

336 2723 372 2747 ‘rel
389 2724 463 2747 simile
482 2725 516 2748 rel
533 2727 686 2755 removendo,
707 2733 749 2755 pro
767 2734 813 2756 quo
830 2728 880 2750 Vnt.
894 2729 937 2751 aut
952 2727 1028 2751 simile
1044 2729 1087 2750 aut
1104 2733 1177 2750 remo-

336 2763 426 2791 venda*
447 2766 565 2792 sequimur
590 2766 656 2788 codd.
683 2766 761 2794 quoad
785 2767 883 2794 primam
902 2771 991 2795 partem
1008 2766 1115 2795 ponendo
1142 2765 1178 2788 *rel

337 2801 419 2830 simile,
434 2805 456 2825 et
467 2803 517 2825 Vat.
530 2804 607 2832 quoad
624 2805 749 2827 secundam
767 2806 884 2827 retinendo
896 2807 940 2828 aut
949 2805 1088 2829 removendo
1098 2824 1104 2833 ‚
1124 2806 1177 2834 quia

338 2841 359 2862 in
377 2842 419 2863 hac
436 2842 529 2864 lectione
548 2843 652 2865 membra
669 2844 788 2866 divisionis
805 2848 827 2866 ct
844 2844 1007 2867 subdivisionis
1019 2845 1102 2867 clarius
1119 2845 1178 2866 exhi-
1204 2869 1205 2876 ἵ

336 2879 426 2901 1161111111
445 2879 499 2902 Cod.
518 2881 536 2902 Y
554 2882 635 2904 omittit
652 2882 687 2905 rel
703 2886 725 2905 et
741 2883 777 2905 ed.
800 2884 804 2904 1
835 2884 884 2905 loco
904 2883 938 2906 rel
955 2884 1018 2911 ponit
1035 2884 1061 2905 ut
1078 2886 1129 2905 ante
1146 2882 1177 2905 si·
1204 2890 1205 2905 1

1230 2221 1290 2245 mile.
1308 2234 1339 2238 —
1355 2222 1387 2244 De
1405 2222 1447 2244 hoc
1465 2224 1601 2250 argumento
1618 2221 1671 2244 vide
1689 2222 1788 2249 Dionys.y
1802 2221 1830 2244 de
1845 2221 1937 2244 Caelest.
1955 2221 2070 2244 Hierarch.

1230 2267 1249 2283 0.
1268 2262 1281 2277 ⁶>

1293 2299 1302 2314 ⁸
1321 2299 1398 2321 Plures
1416 2299 1482 2321 codd.
1500 2302 1525 2321 ut
1542 2299 1581 2320 ΒΞ
1593 2298 1625 2321 bl)
1642 2302 1664 2321 et
1675 2299 1711 2321 ed.
1731 2299 1738 2320 1
1760 2300 1796 2321 1110
1808 2303 1830 2321 61
1846 2299 1915 2327 paulo
1927 2302 1979 2327 post
1989 2305 2071 2328 supra.

1292 2338 1302 2353 7
1318 2338 1358 2360 Ed.
1380 2338 1385 2359 1
1407 2337 1444 2360 ad.
1463 2337 1517 2360 Cod.
1536 2338 1553 2359 R
1572 2338 1640 2366 paulo
1653 2340 1704 2366 post
1716 2338 1765 2360 loco
1782 2337 1845 2367 quod
1861 2338 1929 2361 habet
1945 2339 1966 2361 et
1983 2344 2009 2361 ac
2021 2338 2071 2361 cod.

1232 2377 1250 2398 T
1268 2376 1375 2400 cei-nitur
1391 2382 1433 2404 pro
1451 2375 1561 2399 creditur.

1293 2415 1303 2430 ⁸
1320 2416 1467 2439 Desideratur
1485 2416 1506 2437 in
1525 2416 1574 2437 Vat.
1593 2415 1676 2443 etium,
1694 2416 1757 2444 quod
1769 2418 1844 2438 tamen
1862 2417 1883 2438 in
1901 2422 1954 2438 mss.
1972 2418 1994 2437 et
2010 2415 2067 2438 eddi

1233 2456 1336 2478 habetur.
1354 2456 1423 2478 Paulo
1441 2458 1493 2483 post
1509 2455 1560 2477 Vat.
1577 2454 1639 2478 mide
1664 2455 1705 2484 qui
1726 2454 1839 2477 dixerim!
1856 2454 1917 2478 110710
1937 2454 2072 2477 Trinitatem

1231 2494 1289 2521 απ,-
1306 2498 1386 2514 omnes
1403 2492 1470 2514 codd.
1489 2498 1542 2514 011111
1559 2492 1594 2514 ed.
1614 2492 1622 2514 ·1
1644 2493 1665 2514 in
1679 2498 1706 2514 eo
1724 2492 1870 2520 conveniunt,
1889 2491 1953 2521 quod
1969 2492 2072 2514 omittant

1232 2531 1294 2554 110110
1314 2531 1464 2559 Trinitatem,
1492 2531 1628 2554 dissentiunt
1652 2534 1727 2554 10111611
1754 2533 1811 2554 inter
1828 2537 1867 2559 56,
1886 2531 1949 2560 quod
1965 2531 2001 2553 alii
2019 2536 2073 2553 cum

1233 2571 1282 2593 Vat.
1301 2570 1399 2592 habeant
1416 2569 1457 2600 qui
1473 2569 1600 2598 dixerunt,
1624 2570 1674 2592 cod.
1693 2570 1699 2591 l
1717 2569 1758 2599 qni
1775 2569 1818 2593 1100
1841 2569 1966 2598 diverunt,
1987 2569 2022 2591 alii
2048 2572 2073 2592 ut

1233 2609 1250 2631 O
1261 2609 1279 2631 T
1292 2612 1333 2631 etc.
1346 2615 1407 2638 quae
1423 2608 1547 2636 dimerzmt,
1563 2615 1621 2637 quos
1634 2609 1766 2637 sequimur;
1780 2608 1815 2631 ed.
1830 2609 1837 2630 Ἰ1
1855 2608 1947 2631 tandem
1964 2609 2018 2636 legit
2033 2607 2075 2637 qui

1232 2647 1323 2678 aliquid
1338 2647 1391 2671 inde
1407 2647 1526 2671 diret-unt.

1294 2687 1304 2701 ⁹
1321 2687 1370 2709 Vat.
1389 2691 1479 2714 praeter
1504 2686 1573 2709 fidem
1596 2693 1650 2709 mss.
1668 2690 1689 2709 et
1706 2687 1742 2710 ed.
1772 2688 1777 2709 1
1807 2688 1883 2709 11110115
1908 2689 1961 2715 apte
1979 2685 2071 2713 veritas,

1232 2726 1314 2749 unitas
1331 2727 1353 2748 et
1368 2725 1458 2748 bonitas
1475 2730 1496 2748 61
1514 2727 1582 2753 paulo
1600 2730 1652 2754 post
1669 2725 1759 2749 habent.

1296 2765 1315 2779 ¹⁰
1332 2765 1381 2787 Vat.
1400 2768 1477 2787 contra
1495 2771 1549 2787 mss.
1568 2768 1588 2787 et
1605 2765 1640 2787 ed.
1663 2766 1667 2787 1
1690 2765 1726 2788 ud.

1296 2803 1313 2818 1¹
1332 2804 1390 2832 Vat.⁷
1408 2803 1563 2826 obnitentibus
1580 2810 1634 2826 mss.
1648 2808 1670 2826 ct
1681 2804 1716 2827 ed.
1739 2805 1844 2832 1,]11111115
1861 2803 1919 2825 bene
1930 2801 2071 2832 potissimae.

1234 2843 1282 2865 Mox
1300 2843 1350 2865 cod.
1370 2842 1387 2864 O
1405 2846 1455 2864 ante
1472 2841 1636 2871 redemptionis
1654 2843 1776 2870 praemittit
1793 2840 1964 2865 incarnationis
1981 2841 2008 2862 et.

1297 2881 1316 2895 1²
1333 2881 1382 2903 Vat.
1401 2885 1477 2903 contra
1497 2881 1608 2909 plurimos
1626 2881 1692 2903 codd.
1710 2882 1786 2903 minus
1803 2880 1861 2902 bene
1878 2879 1940 2901 addit
1957 2878 1986 2901 ι’[Ι.

2076 672 2175 691 Conclusio
2184 672 2200 690 1.

2080 1136 2179 1155 Conclusio
2187 1136 2205 1154 ⁶2.

2079 1229 2150 1255 Salutio
2163 1234 2195 1252 op-

2091 1254 2201 1276 [1051101010.
