2253 3317
788 167 819 194 ΙΝ
841 166 858 194 l.
883 165 1001 194 LIBRUM
1024 164 1282 193 SENTENTIARUM.

162 250 236 270 1110115
253 254 265 270 a
283 248 388 276 plurimis
405 246 506 274 mendis,
525 252 624 275 quorum
652 245 758 267 nonnulla
776 246 829 267 satis
847 245 925 272 gravia
944 245 1002 266 sunt,

161 294 218 317 Cum
236 296 312 316 autem
340 297 433 321 propter
459 293 597 321 paucitatem
621 291 740 319 codicum,
758 296 816 319 quos
834 290 1002 317 consuluimuS,

162 341 225 363 labor
242 342 282 363 iste
300 342 376 362 noster
393 345 437 361 non
455 340 482 361 sit
507 339 569 360 omni
595 344 623 360 cx
648 340 712 366 parte
729 337 870 365 completus,
889 336 1003 358 ordinarie

162 388 215 409 1111111
232 387 373 409 mutavimus
389 387 410 408 in
429 388 489 407 textu
506 385 553 407 sola
571 385 703 407 anctoritate
720 385 817 407 istorum
835 383 948 410 codicum,
961 382 1002 404 nisi

161 440 241 456 eorum
262 433 327 455 lectio
352 434 431 455 saltem
457 438 501 454 una
526 432 626 453 alterave
643 431 742 453 editione
759 431 808 453 sive
826 430 936 458 Magistri,
954 429 1003 450 sive

161 481 219 502 illius
236 480 347 507 auctoris,
365 486 391 501 ex
408 485 455 508 quo
473 479 521 507 ipse
538 484 563 500 ea
582 477 652 500 verba
670 478 764 503 sumsit,
782 475 930 504 comprobata
953 481 1003 497 0550

162 526 289 549 videbatur.
307 526 372 548 Unde
389 526 476 554 aliquas
494 525 601 547 lectiones
618 524 745 551 variantes,
764 523 814 545 licet
831 521 897 544 nobis
923 521 1004 549 proba-

162 573 252 595 biliores
269 572 402 594 riderentur
413 589 418 599 ,
432 571 461 593 ad
478 571 563 593 calcem
581 570 709 592 reiecimus.
728 569 861 591 Notavimus
879 571 954 590 autem
972 566 1003 589 ibi

161 625 241 641 omnes
258 619 370 641 variantes
387 618 505 644 lectiones,
524 622 583 645 quae
600 616 696 638 alicuius
713 615 823 637 momenti
840 618 905 641 sunt,
928 613 1004 635 multis

160 666 208 687 aliis
232 664 348 687 inutilibus
370 664 479 690 omissis,
504 663 640 690 praesertim
668 662 714 683 sere
742 660 949 683 innumerabilibus
978 660 1004 681 iis

162 710 298 733 verborum-
313 708 527 737 transpositionibus
540 726 545 736 ,
571 714 630 736 quae
650 707 727 736 quoad
752 713 846 729 sensum
871 706 907 728 vel
927 706 1004 728 stilum

162 757 208 778 sere
224 755 378 778 indifferentes
394 754 540 776 videbantur.
558 754 675 781 Elegimus
692 756 767 775 tamen
788 759 814 775 ex
832 752 859 774 iis
876 752 931 774 etin
944 754 1003 773 textu

161 802 307 824 exhibuimus
329 807 388 830 quae
414 800 480 823 nobis
497 801 571 828 magis
585 799 759 828 probabantur,
786 798 894 827 quamvis
911 797 940 819 de
957 798 1005 820 istis

162 849 231 870 rebus
243 848 335 870 minutis
346 853 415 875 saepe
427 847 511 869 nullam
523 847 545 868 in
558 847 616 869 notis
629 846 711 868 nostris
723 845 862 867 mentionem
875 844 1004 871 fecerimus,

162 896 220 918 sicut
236 896 281 917 iam
306 901 375 923 supra
393 894 470 923 quoad
487 896 573 916 textum
591 894 612 916 S.
630 893 804 915 Bonavcnturae
821 891 1005 914 observavimus.

162 942 301 969 (loll-egimus
311 946 334 964 et
345 942 475 964 notavimus
492 941 514 962 in
532 941 590 963 notis
608 940 686 968 plures
698 940 812 962 variantes
824 939 892 961 etiam
909 944 936 960 eo
949 938 1005 966 tine,

163 990 186 1009 111
202 988 221 1009 51
238 988 290 1016 quis
307 987 363 1009 forte
380 987 446 1009 novis
470 986 551 1008 studiis
576 986 643 1008 aliam
668 989 690 1008 0-1
707 984 802 1007 omnino
819 985 944 1012 perfectam
961 984 1006 1006 edi-

161 1036 246 1057 tionem
264 1035 320 1056 Petri
338 1033 461 1056 Lembardi
478 1033 582 1055 editurus
599 1033 633 1061 sit,
652 1032 788 1055 lectionibus
808 1032 951 1055 variantibus
969 1038 1006 1054 110-

146 1076 261 1105 ’511-011101
278 1082 384 1104 codicum
402 1081 433 1103 uti
451 1081 528 1108 possit.
555 1079 681 1107 Opinamnr
699 1083 787 1107 tamen,
806 1082 890 1102 textum
909 1085 920 1101 a
940 1078 1006 1101 nobis

162 1128 288 1151 exhibitum
305 1129 359 1151 satis
375 1134 425 1150 esse
443 1130 578 1150 correctum.

225 1176 361 1197 Auctoritate
378 1177 509 1196 nostrorum
526 1173 632 1196 codicum
649 1176 671 1195 et
688 1173 777 1194 illarum
794 1173 940 1201 antiquarum
958 1171 1006 1194 edi-

164 1223 258 1248 tionum,
275 1227 335 1249 quae
351 1226 411 1248 opus
427 1218 550 1241 Lombardi
568 1218 674 1241 exhibent
691 1219 823 1246 separatim,
839 1218 901 1240 nullo
918 1218 1006 1240 adiecto

158 1268 341 1295 conmentario,
366 1267 446 1296 quales
466 1269 519 1289 sunt
535 1272 595 1294 quae
612 1272 624 1287 a
648 1264 714 1287 nobis
737 1265 838 1287 numeris
860 1265 880 1292 l,
900 1265 924 1293 2,
942 1265 968 1292 7,
993 1265 1006 1287 9

163 1315 336 1342 distinguuntur
344 1312 353 1341 ‚'
366 1314 507 1336 restituimus
523 1312 600 1335 titulos
617 1311 761 1339 singulorum
779 1312 879 1339 capitum
893 1313 945 1339 post
956 1311 1007 1333 Pro-

159 1354 242 1388 vlogum
261 1361 347 1388 positos
362 1362 385 1382 et
400 1358 430 1381 ab
447 1359 495 1381 aliis
512 1358 651 1380 editionibus
664 1357 694 1379 ibi
712 1358 822 1385 omissos,
840 1363 893 1379 cum
911 1364 923 1379 a
941 1357 1007 1385 Magi-

163 1411 210 1430 stro
227 1407 258 1429 ibi
276 1407 342 1435 positi
359 1407 410 1434 sint,
427 1409 452 1428 ut
468 1407 489 1427 in
507 1405 552 1428 tine
576 1405 666 1432 Prologi
684 1405 733 1432 ipse
750 1407 850 1427 testatur.
868 1404 914 1427 Hos
932 1405 1007 1427 titulos

164 1455 231 1476 etiam
248 1453 304 1475 aliae
320 1453 431 1475 editiones
448 1453 469 1474 in
495 1453 545 1480 ipso
569 1457 640 1479 opere
657 1452 704 1473 suis
721 1451 776 1473 locis
793 1451 948 1479 inseruerunt;
966 1451 1007 1474 sed

164 1499 231 1522 valde
248 1502 347 1523 mutatos
363 1503 385 1521 et
409 1500 533 1527 permixtos
554 1504 607 1521 cum
632 1498 737 1527 plurimis
754 1498 803 1521 aliis
819 1497 930 1525 rubricis,
948 1504 1007 1526 quae

164 1548 209 1568 iam
235 1551 274 1567 sua
301 1546 373 1567 forma
399 1545 553 1573 manifestant,
579 1550 618 1567 eas
636 1550 680 1567 non
705 1550 717 1566 a
740 1544 846 1572 Magistro
863 1550 913 1566 esse
930 1544 1006 1566 factas.

166 1593 221 1615 Nam
237 1593 323 1620 passim
341 1592 369 1614 de
386 1592 493 1620 Magistro
509 1594 534 1614 ut
550 1591 579 1614 de
596 1592 660 1614 tertia
677 1597 775 1619 persona
792 1591 917 1619 loquuntur
935 1591 966 1618 (v.
985 1597 1006 1618 g.

165 1639 197 1662 ttd
212 1639 272 1662 idem
288 1638 367 1666 redit).
379 1639 435 1661 Istae
446 1638 552 1661 rubricae
569 1639 707 1667 marginales
719 1639 837 1660 manifeste
849 1637 939 1659 additae
956 1640 1009 1660 sunt

167 1692 208 1713 pro
220 1692 263 1708 usu
275 1685 413 1713 scholarum,
426 1688 448 1707 et
457 1685 566 1708 ridentur
577 1685 599 1707 in
612 1685 715 1712 margine
727 1684 844 1712 appositae
856 1690 906 1706 0550.
918 1684 966 1706 5110.
979 1683 1008 1705 ab

166 1731 371 1755 innumerabilibus
383 1731 601 1754 commentatoribus
610 1733 632 1753 et
641 1730 803 1759 interpretibus
814 1731 882 1753 liuius
891 1729 949 1758 libri,
959 1731 1008 1752 sive

167 1779 196 1801 ab
208 1779 306 1801 alumnis
317 1779 454 1806 scholarum,
467 1779 516 1800 sive
527 1777 556 1799 ab
567 1778 624 1805 ipsis
635 1777 769 1800 rubricistis.
782 1777 890 1799 Paulatim
902 1782 957 1798 cum
971 1782 1009 1804 ge·

166 1827 240 1848 nuinis
257 1826 409 1854 capitulorum
427 1825 495 1847 titulis
511 1825 637 1852 permixtae
655 1826 714 1846 sunt.
733 1823 839 1845 Germani
858 1825 935 1844 antem
953 1822 1009 1845 tituli

167 1878 211 1894 000
225 1875 322 1899 possunt
338 1878 388 1894 esse
400 1872 448 1899 alii,
461 1876 530 1900 quam
541 1871 582 1899 (1111
594 1869 623 1892 ab
635 1871 685 1897 ipso
697 1869 803 1897 Magistro
816 1869 837 1890 in
850 1868 962 1896 principio
974 1868 1008 1889 sni

1780 159 1902 187 Lxxxttt

1061 243 1137 270 operis
1161 242 1303 265 exhibentur.
1327 242 1382 270 Quis
1408 242 1468 264 0111111
1491 240 1596 263 dubitare
1614 239 1708 267 poterit,
1725 238 1780 266 quin
1798 237 1902 264 Magister

1061 289 1176 311 titulorum
1198 288 1318 310 elenchum
1336 288 1450 315 scripserit
1476 291 1498 310 et
1523 286 1620 314 Prologo
1645 284 1787 308 subiunxerit
1802 289 1829 305 eo
1847 282 1901 311 line,

1061 339 1085 357 ut
1102 336 1196 363 proprio
1214 335 1263 357 loco
1281 335 1337 357 tituli
1355 335 1450 362 singulis
1467 334 1571 361 capitulis
1588 334 1609 355 in
1626 332 1708 355 eadem
1730 332 1802 355 Forma
1820 338 1902 361 propo·

1060 383 1183 404 nerentur?
1200 382 1317 403 Genuinos
1333 382 1402 409 igitur
1414 381 1456 403 lios
1467 380 1550 408 titulos,
1562 382 1614 408 post
1625 379 1748 408 Prologum
1760 386 1773 402 a
1785 378 1904 401 codicibus

1060 432 1081 451 01
1098 429 1197 458 antiquis
1213 427 1352 450 editionibus
1368 427 1487 456 exhibitos,
1499 433 1541 450 suo
1559 427 1608 449 loco
1625 426 1758 449 inserendos
1775 430 1797 448 01
1814 425 1843 447 ab
1855 426 1903 447 aliis

1060 474 1356 502 rubricistarum*plurimis
1373 473 1486 496 adiunctis
1508 474 1598 502 penitus
1624 472 1765 500 separandos
1787 478 1844 499 0550,
1866 477 1903 493 no<

1061 522 1150 544 bisctnn
1168 523 1256 544 censuit
1280 522 1302 543 P.
1328 521 1421 549 Fidelis,
1439 522 1477 549 qui
1503 521 1582 548 etiam,
1601 522 1625 542 ut
1650 520 1691 542 1105
1708 519 1785 542 1110105
1801 518 1905 541 securius

1060 575 1115 591 suae
1131 569 1233 591 sincerae
1250 568 1337 590 formae
1354 568 1495 594 restitueret,
1512 567 1568 589 alios
1585 566 1716 595 quindecim
1734 565 1825 587 codices
1842 570 1906 592 prae-

1061 618 1094 637 ter
1111 616 1165 637 istos
1191 615 1293 643 quinque
1317 614 1457 636 Florentinos
1482 614 1503 635 10
1528 614 1569 635 hac
1587 615 1650 641 parte
1667 612 1764 634 conferri
1783 612 1865 639 10111117
1883 614 1906 633 01

1061 663 1120 684 iuxta
1138 662 1180 684 lios
1197 661 1288 684 codices
1305 662 1382 689 ipsum
1405 663 1488 683 textum
1515 660 1537 681 in
1563 659 1660 687 capitula
1677 658 1799 681 distribuit.
1817 658 1904 679 Verum

1061 712 1104 736 051,
1123 708 1220 735 capitula
1237 714 1250 729 a
1267 708 1289 729 S.
1307 707 1466 729 Bonavcntura
1484 707 1549 728 citata
1560 724 1565 733 ,
1583 705 1697 727 interdum
1715 705 1782 726 aliam
1800 703 1905 726 distribu-

1062 756 1144 777 tionem
1158 757 1231 776 textns
1242 759 1381 781 supponere.
1398 753 1446 775 Hoc
1457 755 1533 774 autem
1547 752 1600 774 1111111
1612 751 1674 774 aliud
1686 750 1775 779 probat,
1788 751 1830 772 nisi
1842 750 1905 778 quod

1061 803 1120 824 circa
1138 801 1240 823 medium
1257 800 1374 822 saeculum
1392 799 1446 821 xlll.
1461 800 1500 821 ista
1513 798 1658 821 rubricarum
1675 798 1770 820 mutatio
1781 799 1803 819 ct
1820 796 1908 819 additio

1062 849 1107 870 iam
1123 849 1246 876 inceperat.
1266 847 1361 870 Videtur
1377 847 1457 874 etiam,
1476 845 1539 874 quod
1557 845 1640 872 codex,
1658 850 1704 873 (1110
1722 844 1744 865 S.
1757 843 1840 865 Doctor
1857 846 1908 865 ute—

1062 895 1142 923 batur,
1160 895 1247 923 aliquas
1264 893 1370 916 habuerit
1387 893 1494 915 lectiones
1506 892 1610 914 diversas
1627 891 1656 913 ab
1668 892 1706 918 iis,
1725 897 1783 919 quas
1799 890 1907 912 exbibue—

1062 943 1116 964 runt
1132 941 1201 963 nostri
1219 940 1310 962 codices
1326 942 1348 961 et
1364 938 1476 961 editiones
1494 938 1607 959 meliores.
1624 936 1680 959 Nam
1698 936 1768 958 verba
1786 936 1903 964 Magistri,

1063 987 1092 1010 ab
1109 988 1159 1015 ipso
1177 987 1198 1008 in
1217 986 1329 1008 divisione
1345 987 1418 1008 textus
1435 987 1457 1007 01
1473 985 1494 1006 10
1512 983 1589 1006 dubiis
1605 983 1706 1011 laudat-t,
1719 983 1811 1010 saepius
1823 983 1844 1004 in
1856 988 1906 1010 par·

1063 1034 1136 1056 ticulis
1151 1032 1279 1055 minoribus
1296 1035 1318 1054 01
1330 1032 1352 1053 in
1369 1031 1481 1059 positione
1498 1030 1624 1052 verborum
1637 1030 1781 1058 aliquatenus
1798 1035 1810 1050 a
1829 1030 1904 1050 nostra

1063 1079 1161 1102 editione
1178 1079 1315 1106 discrepant.
1333 1078 1396 1106 Quae
1419 1077 1543 1099 differentia
1567 1082 1611 1098 non
1630 1076 1720 1103 penitus
1737 1080 1764 1096 ex
1779 1075 1859 1096 erratis
1876 1074 1906 1095 in-

1064 1126 1204 1154 voluntariis,
1216 1126 1238 1147 in
1251 1125 1424 1152 transcriptione
1436 1124 1500 1146 l'acile
1516 1122 1697 1149 occurrentibus,
1710 1120 1843 1149 explicanda
1856 1126 1905 1143 esse

1063 1171 1161 1194 videtur.
1178 1170 1236 1193 Cum
1253 1173 1330 1192 autem
1349 1176 1389 1192 nec
1403 1170 1501 1197 Magistri
1520 1172 1604 1191 textum
1621 1169 1680 1189 iuxta
1699 1167 1817 1190 lectionem
1836 1165 1906 1189 zmilis

1062 1219 1147 1241 codicis
1164 1218 1355 1240 Bonaventuriani
1368 1220 1456 1239 mutare
1467 1234 1471 1244 ,
1493 1221 1534 1237 nec
1548 1215 1631 1237 multos
1643 1214 1734 1236 codices
1745 1213 1906 1236 Commentarii

1064 1267 1157 1293 propter
1174 1265 1292 1287 lectionem
1319 1266 1391 1285 textus
1416 1263 1515 1290 Magistri
1542 1261 1667 1289 prudenter
1692 1261 1758 1283 liccat
1783 1266 1905 1288 respuere,

1064 1312 1166 1333 consulto
1184 1314 1307 1339 utrumque
1325 1309 1431 1332 dedimus
1448 1310 1507 1331 iuxta
1526 1308 1617 1330 codices
1633 1307 1675 1329 sibi
1693 1307 1806 1335 proprios.

1127 1356 1239 1378 Rubricas
1256 1355 1448 1383 praestantiores,
1466 1354 1593 1381 posteriore
1610 1357 1714 1381 tempore
1732 1352 1820 1375 additas
1837 1356 1859 1375 01
1885 1353 1906 1374 111

1063 1403 1202 1427 editionibus
1218 1403 1266 1425 aliis
1283 1403 1417 1430 impressaS,
1436 1407 1478 1423 nos
1489 1400 1518 1423 ad
1531 1401 1658 1428 marginem
1671 1400 1792 1428 posuimus
1802 1417 1807 1427 ,
1825 1402 1846 1421 01
1857 1400 1908 1427 qui-

1064 1450 1117 1472 dem
1130 1450 1267 1478 plerumque
1282 1448 1377 1470 brevius
1394 1450 1533 1475 contractas,
1546 1446 1666 1469 nonnullas
1677 1446 1767 1467 inutiles
1779 1446 1907 1467 omisimus.

1063 1509 1095 1513 —
1104 1497 1186 1518 Mirum
1197 1497 1238 1523 est,
1251 1495 1384 1523 Magistrum
1395 1494 1448 1515 011111
1461 1494 1483 1515 10
1496 1499 1538 1515 5110
1550 1493 1648 1520 Prologo
1661 1492 1737 1514 dicere
1749 1492 1777 1514 de
1788 1492 1824 1514 illa
1837 1491 1910 1514 distri·

1064 1543 1157 1566 butione
1169 1545 1242 1565 textus
1253 1542 1275 1563 in
1287 1539 1453 1568 clistnwtiones,
1468 1546 1528 1569 quae
1540 1540 1561 1561 in
1574 1538 1693 1561 codicibus
1706 1539 1787 1561 nostris
1804 1541 1826 1560 et
1838 1538 1909 1560 omni·

1063 1589 1108 1612 bus
1119 1589 1185 1612 editis
1196 1589 1318 1616 invenitur,
1330 1588 1382 1610 licet
1393 1593 1446 1610 cum
1457 1587 1532 1615 aliqua
1545 1586 1677 1613 (litterentia,
1688 1589 1712 1608 ut
1724 1586 1745 1607 in
1758 1586 1816 1607 notis
1826 1585 1908 1607 nostris

1066 1637 1204 1659 monuimus.
1222 1635 1318 1657 Videtur
1330 1637 1407 1656 autem
1419 1633 1485 1656 nobis
1498 1632 1654 1661 probabilius,
1668 1633 1725 1654 lianc
1737 1631 1874 1654 divisionem
1885 1632 1907 1653 in

1064 1680 1238 1708 distinctiones,
1258 1686 1317 1709 quae
1334 1680 1395 1702 omni
1413 1682 1490 1701 carent
1508 1679 1579 1706 titulo,
1596 1684 1646 1700 esse
1664 1678 1797 1706 posterioris
1814 1678 1909 1705 originis

1065 1732 1087 1751 et
1103 1728 1131 1750 ad
1149 1733 1218 1750 usum
1235 1727 1325 1749 scholae
1343 1727 1432 1749 saetam.
1446 1726 1501 1748 ltem
1513 1724 1642 1747 distributio
1654 1725 1689 1746 illa
1702 1725 1724 1746 in
1737 1723 1797 1747 ditas
1811 1725 1905 1753 partes,

1065 1781 1124 1804 quae
1137 1776 1158 1796 in
1171 1774 1284 1796 nonnullis
1296 1772 1478 1795 distinctionibus
1498 1772 1620 1799 invenitur,
1633 1777 1676 1793 non
1695 1771 1828 1799 Magistrum
1841 1770 1908 1792 liabet

1065 1823 1193 1848 auctorem,
1211 1819 1252 1842 sed
1269 1821 1480 1841 commentatorem.

1128 1867 1171 1889 Pro
1183 1865 1328 1888 conclusione
1340 1865 1488 1892 adiungimus
1500 1867 1545 1886 tres
1558 1863 1652 1891 tabulas,
1666 1869 1725 1891 qnae
1737 1866 1870 1892 sequuntur.
