2253 3317
997 132 1247 161 SENTENTIARUM
1269 132 1335 160 LIB.¹
1349 132 1368 159 l.

605 261 1036 310 COMMENTARIUS
1070 262 1131 309 IN
1164 261 1601 309 DISTINGTIONEM
1634 262 1758 309 XIII.

496 387 541 420 De
566 393 688 420 aeterna
714 387 906 431 processione
931 387 1064 431 Spiritus
1090 387 1202 428 sancti,
1230 392 1380 431 qnatenus
1406 386 1599 431 distinguitur
1624 398 1642 419 a
1666 387 1866 430 generatione.

932 502 1002 530 Post
1022 501 1092 530 lutee
1113 501 1359 530 considerandum
1383 505 1434 531 etc.

1041 633 1163 662 DIVISIO
1185 633 1322 662 TEXTUS.

388 744 478 780 Supra
498 743 553 780 egit
573 742 701 779 Magister
723 743 757 771 de
778 742 954 780 processione
975 750 1025 779 per
1047 749 1154 779 compa-

310 790 444 818 rationem
465 790 501 818 ad
522 790 616 823 illum,
638 790 673 818 ad
695 797 780 827 quem
801 792 828 818 et
842 797 858 817 a
872 797 928 826 quo
942 791 991 817 est.
1012 789 1057 817 Hic
1073 789 1153 817 tertio

310 836 369 865 1060
389 836 445 873 agit
466 836 501 864 de
522 836 581 873 ipsa
602 836 758 864 secundum
772 834 779 848 ¹
802 835 1039 872 comparationem
1061 835 1097 863 ad
1111 843 1155 871 ge-

309 883 495 917 nerationem,
517 891 532 911 a
553 891 609 920 qua
629 883 730 912 differt.
754 883 783 911 Et
805 883 873 911 11366
894 890 960 919 pars
981 881 1065 910 habet
1081 882 1152 910 duas

309 933 410 967 partes.
422 930 451 958 111
462 930 553 967 prima
567 929 695 966 Magister
707 929 817 966 quaerit
827 932 854 958 et
869 929 1044 962 determinat,
1056 932 1153 957 utrum

309 975 427 1012 Spiritus
458 978 570 1004 sanctus
600 975 700 1004 debeat
732 975 785 1004 dici
804 975 938 1012 penitus,-
960 975 987 1003 in
1009 975 1151 1009 secunda,

308 1026 406 1051 utrum
426 1022 526 1051 debeat
540 1022 593 1051 dici
608 1022 768 1059 inpertitus,
790 1022 839 1050 ibi:
862 1021 947 1050 Nune
968 1022 1154 1050 consideran-

310 1069 380 1097 dum
401 1073 454 1102 est,
476 1077 543 1097 cum
564 1068 695 1105 Spiritus
714 1072 835 1097 sanetus
853 1077 912 1096 non
932 1068 971 1097 sit
988 1068 1112 1106 penitus.

387 1116 473 1149 116111,
491 1115 594 1152 prima
624 1123 690 1152 pars
722 1115 806 1144 habet
836 1118 965 1152 quatuor.
992 1115 1021 1143 In
1049 1115 1152 1152 prima

309 1162 436 1196 ostendit,
450 1162 525 1199 qnod
540 1162 659 1199 Spiritus
671 1165 783 1191 sanctus
795 1170 849 1190 non
862 1162 962 1190 debeat
973 1161 1026 1190 dici
1041 1165 1123 1190 natus
1133 1161 1151 1188 ².

310 1210 338 1238 ln
357 1209 486 1238 secunda
507 1209 639 1243 ostendit,
660 1209 736 1246 quod
756 1209 885 1246 quamvis
907 1209 1018 1237 dicatur
1039 1208 1074 1237 de
1096 1209 1153 1245 Spi-

310 1257 367 1285 ritu
399 1259 492 1285 530610
513 1256 681 1293 procedere,
703 1255 805 1284 (licitur
826 1258 919 1283 tamen
941 1255 975 1283 de
997 1255 1077 1289 Filio,
1099 1255 1151 1283 ibi:

311 1303 383 1332 Cum
404 1306 502 1331 autem
523 1302 653 1339 Spiritus
673 1306 794 1330 sctnetus
808 1310 866 1329 non
887 1301 1006 1329 dicatur
1018 1301 1153 1338 9enitus;

309 1351 336 1378 et
356 1349 426 1377 ratio
457 1351 516 1383 est,
538 1348 612 1385 quod
644 1348 724 1377 aliter
755 1348 858 1377 dicitur
889 1348 973 1376 Filius
1000 1348 1152 1385 procedere

309 1404 393 1432 quam
408 1395 526 1432 Spiritus
541 1398 660 1424 sanctus.
676 1396 705 1423 ln
720 1395 806 1423 tertia
820 1402 887 1423 vero
906 1397 992 1423 tentat
1010 1395 1152 1431 assignare

310 1443 494 1472 differentiam
515 1442 586 1470 inter
607 1442 813 1479 generationem
827 1444 854 1470 et
868 1441 1086 1478 processionem,
1102 1441 1150 1469 ibi:

312 1490 388 1518 Inter
406 1489 622 1526 yenercttionein
645 1496 710 1516 vero
732 1487 804 1516 Filii
824 1491 850 1515 et
866 1487 1081 1524 proces-sionem
1100 1490 1150 1516 etc.

1209 741 1237 770 In
1259 745 1368 780 qitctrta
1390 750 1456 771 vero
1476 745 1504 771 et
1523 742 1622 770 ultima
1643 742 1763 771 ostendit
1789 743 1941 771 humanam
1970 742 2054 772 insuf-

1210 788 1359 817 ficientiam
1373 788 1381 801 ³
1403 788 1438 817 ad
1461 789 1537 817 illam
1563 789 1748 817 differentiam
1780 789 1982 825 indagandam,
2004 789 2056 818 ibi:

1212 835 1290 870 Quid
1309 839 1407 863 autem
1429 835 1504 863 inter
1528 835 1614 863 nasei
1634 838 1660 863 et
1678 835 1833 872 procedere
1855 835 1976 864 intersit.

1289 881 1375 910 Nune
1395 882 1643 910 considerandum
1663 885 1714 915 est,
1743 890 1810 910 eum
1839 882 1969 919 Spiritus
1989 890 2056 910 sun-

1210 932 1282 957 etus.
1318 929 1388 957 Haec·
1419 928 1480 957 est⁴
1509 929 1639 957 secunda
1670 937 1753 967 pars,
1785 929 1812 957 in
1841 937 1897 966 qua
1928 929 2055 966 Magister

1210 975 1320 1012 quaerit
1339 978 1366 1004 et
1388 976 1571 1010 determinat,
1598 978 1695 1004 utrum
1727 975 1846 1012 Spiritus
1868 978 1980 1004 sanctus
2011 975 2057 1004 de-

1209 1022 1273 1050 beat
1294 1022 1348 1051 dici
1370 1022 1534 1059 inpertitus,-
1548 1025 1575 1051 et
1590 1022 1658 1051 11366
1673 1030 1738 1059 pars
1754 1022 1837 1051 habet
1851 1025 1972 1059 quatuor
1994 1030 2056 1059 par-

1209 1071 1258 1097 tes.
1281 1069 1309 1096 ln
1328 1069 1431 1105 prima
1452 1069 1572 1098 ostendit
1593 1069 1722 1105 Magister
1736 1072 1763 1097 et
1777 1069 1877 1106 probat
1891 1069 2056 1098 auctoritate

1209 1115 1369 1151 Augustini,
1390 1115 1465 1152 qnod
1487 1115 1606 1152 Spiritus
1627 1118 1740 1144 sanctus
1761 1123 1815 1143 non
1838 1115 1921 1144 debet
1942 1115 1996 1144 dici
2017 1115 2056 1143 in-

1209 1161 1327 1198 genitus
1348 1161 1377 1189 ln
1398 1162 1528 1190 secunda
1550 1169 1616 1190 vero
1637 1161 1758 1190 ostendit
1772 1161 1943 1190 contrarium
1965 1164 2058 1190 311610-

1209 1208 1290 1236 ritate
1311 1208 1484 1244 Hieronymi,
1505 1208 1581 1245 quod
1603 1208 1685 1236 debet
1706 1208 1760 1236 dici
1782 1208 1936 1245 ingenitus,
1957 1210 1984 1236 et
2009 1216 2055 1245 po-

1208 1255 1285 1282 nitur
1307 1254 1356 1282 ibi:
1378 1254 1577 1292 Hieronymus
1598 1257 1694 1282 tamen
1716 1254 1748 1282 in
1763 1254 1880 1291 Repulit*
1899 1253 2056 1282 distinetio-

1207 1309 1279 1329 111οη
1300 1304 1351 1329 etc.
1373 1300 1401 1328 In
1424 1301 1510 1329 tertia
1532 1308 1599 1329 vero
1630 1301 1803 1338 praedictam
1834 1300 2054 1329 controversiam

1209 1347 1376 1376 determinat
1390 1355 1440 1384 per
1455 1347 1678 1381 distinctionem,
1694 1347 1745 1375 ibi:
1763 1346 1820 1375 Sed
1833 1350 1865 1375 ut
1879 1347 1967 1375 istam
1981 1355 2058 1384 quae

1208 1394 1324 1421 videtur
1349 1402 1408 1421 esse
1438 1393 1676 1431 repugnantiam.
1700 1393 1728 1421 111
1754 1397 1864 1431 quarta
1889 1394 2055 1422 auctoritate

1208 1440 1364 1476 Hieronymi
1393 1440 1540 1469 confirmat
1569 1448 1650 1469 5113111
1681 1440 1864 1474 solutionem,
1886 1440 1935 1469 ibi':
1971 1440 2056 1476 Quod

1208 1491 1307 1515 ducein
1328 1487 1525 1525 Hieronymus
1554 1487 1596 1515 ita
1616 1487 1728 1524 aceepit
1747 1490 1798 1516 etc.

956 1596 1140 1624 TRACTATIO
1162 1595 1403 1632 QUAESTIONUM.

386 1706 425 1734 Ad
445 1705 655 1742 intelligentiam
676 1713 774 1734 eornm
796 1713 868 1742 quae
889 1705 1022 1734 dicuntur
1051 1705 1079 1733 in
1111 1705 1152 1733 lit-

309 1756 383 1784 tera,
405 1755 525 1789 quatuor
546 1755 731 1789 quaeruntur.

386 1799 490 1827 Primo
511 1799 671 1835 quaeritur,
692 1802 789 1827 utrum
810 1798 837 1826 in
859 1798 960 1827 divinis
981 1798 1017 1826 sit
1048 1806 1151 1835 ponere
1173 1798 1174 1801 ’

308 1846 523 1882 processionem.

386 1892 533 1925 Secundo,
556 1894 652 1920 utrum
674 1891 814 1928 processio
846 1891 965 1928 Spiritus
996 1891 1084 1920 5311611
1116 1891 1151 1920 511

309 1939 457 1975 generatio.

1295 1704 1403 1738 Tertio,
1426 1707 1523 1732 utrum
1545 1704 1685 1741 processio
1706 1704 1826 1741 Spiritus
1840 1704 1927 1733 sancti
1942 1703 2055 1733 realiter

1207 1751 1318 1779 differat
1339 1759 1355 1779 a
1377 1751 1563 1788 generatione.

1287 1798 1415 1833 Quarto,
1436 1800 1533 1826 utrum
1555 1796 1675 1834 Spiritus
1695 1799 1808 1826 sanctus
1824 1797 1924 1826 debeat
1943 1796 1997 1826 dici
2013 1796 2054 1825 in-

1207 1844 1323 1881 qenitus
1343 1845 1415 1878 an⁵,
1438 1852 1501 1873 non.

966 2046 1200 2081 ARTICULUS
1225 2046 1386 2080 UNICUS.

548 2140 589 2168 De
606 2139 790 2176 processione
811 2139 940 2176 Spiritus·
960 2139 1057 2168 saneti
1077 2143 1103 2168 et
1123 2140 1157 2168 de
1178 2138 1342 2177 differentia
1360 2138 1556 2176 processionis
1577 2147 1596 2167 ct
1615 2143 1809 2176 qeneratzone.
1841 2128 1849 2144 ’

1072 2248 1234 2285 QUAESTIO
1255 2248 1273 2276 1.

843 2334 948 2362 Utrum
969 2334 1000 2362 in
1021 2334 1130 2362 divinis
1148 2334 1284 2371 ponenda
1303 2333 1343 2361 sit
1360 2333 1517 2370 processio.

387 2442 465 2470 Circa
486 2442 622 2479 primum,
642 2442 717 2479 qnod
748 2442 888 2479 processio
918 2442 953 2471 sit
974 2442 1102 2479 ponenda
1122 2442 1150 2470 in

310 2487 425 2522 divinis,
447 2488 618 2516 ostenditur:

391 2536 412 2562 1.
434 2535 525 2563 Primo
556 2535 719 2563 auctoritate
739 2535 871 2569 Domini,
903 2535 1011 2563 Ioannis
1042 2535 1150 2564 decimo

1207 2442 1329 2479 1111111106,
1344 2442 1392 2470 11111
1415 2442 1481 2470 dicit
1501 2442 1560 2479 ipse
1575 2442 1714 2470 Salvator:
1738 2442 1851 2470 Mittam
1867 2441 1944 2470 vobis
1959 2442 2188 2479 Spiri-rundamenia.

1207 2492 1268 2516 tum
1283 2488 1429 2521 veritatis,
1444 2487 1496 2525 qui
1509 2496 1528 2516 α
1549 2488 1641 2516 Patre
1650 2488 1790 2524 procedit.
1813 2488 1839 2516 Si
1860 2496 1926 2525 ergo
1940 2489 2048 2518 Veritas

1207 2543 1261 2563 non
1281 2534 1347 2563 dicit
1374 2534 1426 2563 nisi
1448 2542 1561 2568 verum,
1582 2537 1609 2563 et
1633 2534 1757 2563 Verbum
1778 2535 1827 2563 Dei
1848 2543 1903 2563 non
1924 2535 2048 2572 loquitur

373 2650 380 2664 ¹
398 2649 453 2672 Cod.
470 2650 489 2672 M
507 2652 529 2672 61
544 2650 580 2672 6(1.
602 2651 607 2672 i
627 2657 676 2679 per.

371 2688 381 2702 ²
397 2689 448 2710 Vat.
465 2688 553 2717 absque
571 2690 703 2711 auctorItate
720 2695 774 2711 mss.
791 2693 813 2712 et
829 2690 864 2712 ed.
892 2691 897 2712 1
924 2690 987 2712 addit
1008 2690 1045 2713 vel
1056 2690 1149 2720 qenitus

312 2726 347 2749 ret
362 2726 445 2754 Filius,
465 2728 523 2749 sicut
539 2730 561 2749 et
577 2733 630 2749 mox
642 2728 801 2756 prosequitur:
813 2729 840 2750 In
852 2728 955 2751 secunda
967 2728 1072 2757 ostendit,
1087 2729 1150 2758 quod

311 2770 365 2788 cum
382 2765 485 2794 Spiritus
502 2767 598 2788 sanetus
614 2772 661 2789 non
679 2765 773 2789 dicatur
792 2766 898 2796 penitus,
925 2773 969 2790 cur
994 2767 1084 2795 Filius,
1107 2767 1149 2797 qui

311 2802 397 2826 dieitur
412 2803 518 2832 genitus,
537 2803 608 2826 etiam
624 2803 718 2827 dicatur
734 2804 873 2833 procedere3
890 2804 927 2827 ibi.

372 2841 383 2856 3
399 2841 471 2864 Codd.
488 2842 504 2863 L
514 2842 531 2863 O
548 2841 725 2871 intettz'qenttam
740 2842 919 2872 insufficientem
935 2850 984 2866 esse
1008 2844 1057 2866 1060
1075 2842 1146 2872 imus-

310 2880 444 2910 ficientium.

1268 2651 1277 2666 ⁴¹
1295 2652 1345 2674 Vat.
1362 2654 1453 2679 praeter
1469 2651 1539 2673 tidem
1557 2657 1610 2673 mss.
1629 2654 1651 2673 et
1662 2651 1698 2673 ed.
1714 2652 1720 2673 1
1735 2670 1739 2679 ,
1752 2652 1844 2674 omissis
1860 2651 1937 2674 verbis
1948 2652 2047 2680 Magistri

1205 2690 1276 2714 Nunc
1292 2688 1491 2713 considerandum
1502 2692 1552 2717 etc„
1565 2689 1614 2711 loco
1626 2689 1688 2712 Haec
1704 2691 1738 2712 est
1754 2691 1818 2717 ponit
1829 2689 1949 2718 Similiter,
1964 2692 1985 2712 et
1996 2696 2047 2712 eon-

1204 2730 1327 2757 sequenter
1344 2730 1439 2755 propter
1455 2728 1566 2749 variatam
1584 2729 1776 2750 constructionem
1793 2729 1861 2756 paulo
1886 2729 1942 2751 intra
1966 2729 2047 2752 omittit

1204 2768 1226 2789 et
1242 2766 1298 2789 liaeo
1313 2771 1380 2795 pam.

1265 2805 1275 2819 ⁵
1292 2805 1346 2827 Fide
1363 2805 1464 2832 plurium
1482 2811 1536 2827 mss.
1554 2808 1579 2827 111
1595 2805 1692 2827 AFGH
1703 2805 1709 2826 1
1720 2806 1737 2827 Τ
1755 2809 1796 2827 otc.
1815 2808 1837 2827 et
1853 2805 1889 2827 ed.
1908 2805 1916 2827 1
1937 2805 1987 2827 1060
2004 2806 2047 2828 aut

1203 2843 1363 2866 substituimus
1379 2849 1417 2865 an.

1264 2882 1274 2896 ‘⁵
1292 2882 1357 2904 Vers.
1376 2882 1412 2910 26,
1430 2881 1469 2904 ubi
1488 2882 1600 2910 Vulgata:
1618 2882 1675 2905 Cum
1693 2884 1769 2904 autern
1795 2883 1883 2905 venerit
1907 2882 2045 2911 Paraclitus,
