2253 3317
826 108 908 136 DlsT.
932 108 996 135 xlx.
1019 108 1044 135 l).
1067 108 1083 135 l.
1106 107 1212 136 DUBIA.
1836 107 1885 135 :3:51

222 188 398 215 llusrouneo:
428 186 602 221 Dicendum,
629 186 704 223 quod
733 189 843 215 ostensa
868 185 989 223 perfecta

142 233 321 271 aequalitate,
335 233 505 267 ostenditur,
527 233 601 269 quod
616 233 775 261 omnimoda
797 232 832 261 sit
846 232 874 260 in
889 235 990 260 natura
1017 234 1020 258 ἓ.

143 280 272 309 identitas
293 283 321 308 et
341 279 509 312 si1nilitud03
531 282 558 308 et
580 279 642 308 ideo
659 279 851 308 'determinata
871 278 991 315 aequali·
1018 267 1019 290 ³

142 329 212 361 tate,
233 334 288 354 non
309 328 351 354 est
371 328 561 362 opportunum
583 326 617 354 de
635 325 697 354 aliis
717 325 904 354 determinare
912 335 919 359 3
941 324 990 353 sed

142 372 231 409 magis
242 372 276 401 de
287 371 453 409 aequalitate
464 372 632 401 determinat
642 374 755 408 propter
767 372 897 400 haereses
908 371 992 400 extir-

142 419 261 456 pandas.
282 418 447 447 Arianorum
462 419 601 453 maxime,
624 418 672 455 qui
686 422 843 455 posuerunt
863 418 992 455 inaequa-

142 466 248 495 litatem
269 466 297 494 in
318 466 432 500 divinis:
453 469 480 494 et
494 465 556 494 ideo
577 465 737 494 difficili0r¹
760 468 787 493 et
807 465 902 493 utilior
917 465 991 493 circa

143 513 194 542 hoc
215 515 345 541 versatur
365 512 524 549 disputatio.

506 606 572 634 Due.
599 606 628 633 ll.

222 700 289 728 ltem
300 699 446 728 dubitatur
458 698 493 727 de
505 699 557 728 hoc.
567 699 643 736 quod
654 699 728 733 dicit,
740 698 815 735 quod
827 697 991 736 aequalitas

142 746 276 775 eotwistz‘t
289 746 320 774 in
335 746 513 774 aeternitate.
525 746 643 774 Videtur
657 745 731 774 enim
746 745 819 774 male
829 745 991 782 procedere,

143 794 210 831 quia
224 793 283 831 ipse
297 793 397 822 dividit
411 792 636 821 coaeternitatem
646 792 655 805 ²
671 795 764 821 contra
781 792 989 829 aequalitatem:

144 847 210 877 ergo
231 839 303 868 siah
322 847 355 868 ea
376 839 569 876 distinguitur,
591 842 727 876 quantum
742 839 777 867 ad
799 839 991 867 aeternitatem

145 894 199 915 non
219 885 374 915 attenditur
394 886 555 923 aequalitas.

223 933 397 961 Rusrounno:
412 932 581 966 Dicendum,
602 932 677 970 quod
696 932 850 969 aequalitas
871 932 992 969 perfecta

145 980 173 1008 in
192 979 237 1008 his
258 979 349 1008 tribus
370 979 509 1011 consistit,
524 982 551 1008 et
565 979 694 1016 Magister
708 978 860 1007 condividit
873 978 993 1016 aequali-

140 1028 229 1054 -tatem
250 1028 346 1054 contra
373 1025 599 1054 coaeternitatem
633 1028 768 1062 quantmn
801 1025 835 1053 ad
860 1024 912 1053 alia
935 1024 992 1053 duo

145 1072 287 1102 membra.
309 1072 412 1100 scilicet
434 1071 655 1108 magnitudinem
676 1074 703 1100 et
722 1071 883 1108 potentiam.

505 1165 571 1193 Due.
595 1164 634 1192 lll.

224 1259 291 1287 Item
302 1258 449 1295 quaeritur
463 1258 498 1287 de
510 1258 562 1287 hoc
573 1259 647 1296 quod
661 1259 738 1287 dicit:
755 1258 820 1287 Non
830 1258 889 1287 alio
900 1259 992 1292 Deus,

145 1305 205 1335 alio
225 1314 353 1343 magnas
381 1308 449 1338 etc.,
475 1305 541 1342 quia
562 1305 674 1334 videtur
695 1305 755 1342 pari
780 1305 901 1340 ratione,
928 1313 993 1334 cum

146 1352 200 1381 alio
221 1352 256 1381 sit
276 1352 366 1387 Deus,
394 1352 448 1380 alio
470 1352 564 1387 Pater,
593 1352 667 1389 quod
690 1352 744 1380 alio
765 1352 800 1381 sit
820 1352 911 1386 Deus,
939 1352 993 1380 alio

146 1407 273 1436 magnus.
294 1398 328 1427 Si
341 1399 438 1433 dieas,
460 1399 535 1436 quod
550 1399 691 1437 quantitas
707 1399 805 1428 transit
819 1397 859 1427 in*
868 1399 995 1428 substan·
1022 1413 1023 1424 ι

146 1445 229 1480 tiam,
251 1445 348 1474 relatio
369 1454 438 1479 non;
459 1446 604 1480 obiicitur,
632 1446 708 1483 quod
729 1446 800 1474 illud
821 1454 875 1474 non
903 1446 993 1474 solvit.

146 1491 337 1529 Augustinus³
357 1492 429 1520 enim
453 1492 577 1529 loquitur
596 1492 631 1521 de
651 1492 762 1521 formali
776 1492 993 1529 praedicatione,

140 1542 175 1569 et
202 1542 324 1573 constat,
352 1539 427 1576 quod
458 1539 612 1568 formaliter
642 1539 782 1576 loquendo
810 1540 847 1568 ita
873 1543 915 1569 est
943 1541 993 1569 ista

146 1586 230 1615 falsa:
246 1587 321 1615 Deus
334 1589 376 1615 est
390 1594 509 1623 magnus
520 1586 630 1621 deitate,
646 1586 690 1615 vel
704 1587 779 1615 Deus
790 1587 995 1624 magnitudine,

147 1633 219 1662 sicut
240 1636 278 1662 et:
301 1633 381 1662 Pater
402 1632 624 1670 magnitudme‘&

225 1680 399 1709 Rusrounuo:
414 1679 578 1714 Dicendum,
593 1680 669 1716 quod
690 1680 818 1717 quamvis
839 1680 994 1709 secundum

148 1725 283 1755 rationem
298 1725 429 1763 loquendi
452 1726 496 1754 vel
511 1726 682 1763 intelligendi
696 1734 713 1755 a
727 1729 806 1763 parte
826 1730 921 1756 nostra
935 1735 995 1755 ma-

146 1772 269 1810 9m'tud0
284 1772 311 1800 in
334 1772 435 1801 divinis
450 1772 559 1801 dicatur
580 1780 630 1810 per
644 1773 760 1802 modum
780 1773 953 1810 quantitatis,
968 1777 995 1802 et

149 1819 241 1847 deitas
269 1826 319 1856 per
340 1819 456 1847 modum
485 1819 670 1854 substantiae,
698 1822 791 1849 tamen
811 1828 827 1848 a
847 1823 926 1857 parte
954 1821 995 1849 rei

149 1866 227 1895 nulla
248 1868 290 1895 est
310 1866 423 1895 omnino
437 1866 600 1895 differentia.
616 1866 688 1894 Nihil
709 1867 782 1895 enim
804 1867 839 1896 de
860 1868 996 1904 magnitu-

149 1913 213 1942 dine
235 1913 353 1948 dicitur,
374 1913 449 1951 quod
464 1921 519 1942 non
540 1913 650 1942 dicatur
670 1914 705 1942 de
720 1914 882 1943 substantia.
904 1915 933 1943 ln
955 1923 995 1944 re-

149 1959 250 1988 latione
262 1959 272 1972 ⁵
294 1963 387 1988 autem
403 1960 576 1998 paternitatis
600 1968 654 1988 non
669 1963 711 1988 est
728 1960 774 1988 ita.
789 1960 897 1998 Aliquid
919 1961 994 1989 enim

142 2006 328 2043 praedicatur
349 2006 383 2035 de
404 2006 586 2043 paternitate,
609 2007 683 2044 quod
698 2015 752 2035 non
774 2010 864 2044 potest
885 2007 937 2036 dici
959 2007 994 2037 de

143 2052 283 2088 essentia,
305 2052 376 2081 sicut
397 2052 568 2089 distinguere
589 2056 617 2081 et
637 2053 778 2090 distingui.

213 2324 220 2338 ¹
238 2324 293 2347 Cod.
312 2323 329 2346 O
345 2323 507 2354 sufficientior.

212 2363 222 2378 ‘³
238 2363 343 2385 Nonnulli
360 2363 427 2386 codd.
445 2366 470 2386 ut
487 2364 568 2386 IVYZ
585 2364 755 2388 aeternitatem.

212 2401 222 2417 ³
240 2402 298 2424 Vide
315 2403 352 2425 hic
369 2403 399 2425 lit.
418 2403 525 2431 Magistri,
542 2410 561 2426 c.
580 2404 601 2426 2.

213 2439 222 2454 ⁴
239 2441 290 2463 Vat.
309 2447 432 2469 perperam
449 2444 471 2464 et
487 2444 578 2470 praeter
595 2442 664 2465 tidem
682 2448 737 2465 mss.
754 2445 776 2465 et
796 2442 833 2465 ed.
854 2443 861 2464 *l
889 2443 994 2465 ordinem

145 2479 245 2502 ‘invertit
261 2479 369 2507 ponendo
386 2479 450 2509 quod
465 2480 526 2503 sicut
542 2481 592 2503 loco
608 2480 641 2503 ita
658 2483 681 2503 et
696 2480 730 2504 sio
746 2482 767 2504 et
789 2481 851 2504 ista:
875 2482 947 2504 Pater
962 2482 998 2504 est

152 2523 255 2547 maanus
269 2524 312 2545 pro
329 2517 391 2541 sicut
407 2520 445 2541 et:
464 2518 535 2542 Pater
551 2519 725 2549 magnitudine,
754 2526 812 2549 quae
837 2523 860 2542 et
884 2522 936 2548 post
959 2519 996 2543 vel

152 2557 234 2584 repetit
252 2555 313 2578 Deus
329 2557 369 2579 est.

215 2594 225 2608 ⁵
242 2594 349 2616 Mendum
361 2595 412 2617 Vat.
424 2595 567 2619 resolutione
577 2598 720 2619 correximus
730 2603 757 2619 ex
769 2603 826 2619 mss.
838 2600 860 2619 et
871 2597 923 2619 edd.
938 2598 945 2619 l
956 2615 961 2625 ‚
974 2598 994 2619 2.

215 2632 226 2647 ⁶
243 2633 273 2655 lta
290 2633 359 2655 codd.
376 2640 430 2655 cum
447 2634 484 2656 ed.
504 2635 523 2662 sl,
541 2634 597 2657 dum
615 2635 665 2658 Vat.
682 2641 736 2658 cum
753 2636 834 2658 ceteris
850 2635 903 2658 edd.
914 2636 943 2658 In
957 2642 996 2665 ye-

144 2671 275 2695 ‚nm-attone
292 2672 314 2694 et
329 2671 505 2701 generationem
521 2672 580 2696 anni
601 2673 653 2702 tuif
668 2677 770 2697 ceterum
791 2674 845 2696 vide
865 2680 935 2702 supra
952 2677 996 2696 tex-

154 2713 203 2731 tum
220 2710 335 2738 Magistri,
353 2716 372 2733 c.
391 2711 410 2732 l.

216 2748 226 2763 ⁷
243 2748 299 2771 Cod.
318 2749 348 2771 dd
365 2749 397 2772 ad
412 2749 493 2773 divina
510 2756 552 2778 pro
568 2749 606 2773 ibi.
624 2751 693 2773 Paulo
710 2752 767 2774 inira
778 2752 829 2774 Vat.
842 2752 898 2774 salso
909 2751 996 2781 impar-

156 2786 242 2810 {inlitas
259 2788 310 2811 loco
326 2787 516 2817 impartibilitas‚·
533 2789 624 2812 obstant
639 2791 707 2812 etiam
724 2791 816 2818 plurimi
828 2797 882 2813 mss.
894 2794 917 2813 et
924 2790 960 2813 ed.
974 2791 995 2813 l.

217 2826 226 2840 Β
243 2827 304 2849 Multi
321 2827 388 2849 codd.
406 2830 483 2850 contra
501 2830 631 2850 contextum
650 2828 789 2852 Trinitatem
814 2835 856 2857 pro
873 2829 995 2852 aete-mila·

145 2866 219 2893 -lem;
236 2865 285 2888 Vat.
303 2872 355 2888 cum
373 2872 419 2888 uno
436 2867 536 2889 alterove
553 2867 632 2889 codice
655 2867 791 2891 Trinitatem
813 2867 850 2891 vel
872 2868 995 2891 aetmmita-

1405 185 1471 214 Due.
1493 185 1535 213 tv.

1127 278 1191 307 ltem
1215 278 1361 315 quaeritur
1383 279 1417 307 de
1447 279 1496 307 hoc
1518 279 1592 316 quod
1615 279 1694 308 dicit:
1717 279 1753 307 In.
1774 287 1893 316 qenero-

1048 325 1123 353 tz‘oue
1144 325 1367 362 yeneratt'ommn
1392 325 1467 354 coniti
1490 325 1535 354 tui
1545 325 1565 353 ⁶.
1588 325 1704 354 Videtur
1725 326 1799 354 enim
1819 325 1892 354 male

1048 371 1155 405 dicere,
1176 371 1242 408 quia
1257 372 1284 399 in
1305 372 1467 400 aeternitate
1483 372 1560 400 nulla
1581 372 1654 400 cadit
1676 371 1803 400 variatio:
1826 379 1893 408 ergo

1048 425 1111 445 cum
1133 426 1224 446 annus
1246 418 1426 447 variationem
1442 418 1554 450 habeat,
1575 426 1630 446 non
1644 418 1727 447 dehet
1748 418 1893 447 transferri

1048 464 1086 493 ibi
1100 465 1117 492 ⁷.
1140 465 1219 498 Item,
1241 465 1267 493 in
1289 465 1336 493 illa
1357 465 1520 494 aeternitate
1541 468 1583 493 est
1610 465 1770 493 omnimoda
1791 465 1894 502 simpli-

1048 511 1116 540 citas
1137 515 1164 540 et
1191 512 1409 549 impartibilitas:
1438 520 1505 548 ergo
1529 520 1583 540 non
1605 511 1720 540 deberet
1747 511 1893 549 pluraliter

1049 558 1102 586 dici
1124 567 1226 586 [tanos.

1128 606 1301 634 Rnsrouuuox
1327 606 1494 640 Dicendum,
1515 606 1590 643 quod
1609 606 1689 634 iuxta
1711 605 1826 633 modum
1848 613 1893 633 no-

1049 655 1122 680 strae
1150 652 1319 681 infirmitatis
1339 656 1366 681 et
1392 652 1722 689 intelligimus*divinam
1749 651 1894 680 aeternita-

1049 701 1105 727 tem
1118 698 1127 711 Β
1145 702 1173 727 et
1186 699 1372 727 nominamus.
1388 699 1523 735 Quoniam
1542 699 1615 727 enim
1631 707 1729 726 atinus
1743 698 1809 726 dicit
1823 706 1894 726 com-
1913 704 2023 745 {xiiiv‘ssffi

1048 745 1151 782 pletam
1173 744 1307 782 temporis
1334 746 1536 774 revolutionem
1565 745 1719 774 secundum
1741 733 1936 773 decursumsrn
1960 735 1968 744 ³
1989 737 1993 744 ’
2029 740 2033 745 ’

1048 791 1114 820 solis
1136 792 1162 820 in
1184 792 1296 820 zodiaco
1316 795 1342 820 et
1365 800 1524 829 regressum
1546 791 1581 820 ad
1602 791 1676 820 idem
1698 793 1847 828 punctum,
1867 794 1895 819 et

1048 838 1143 867 divina
1166 839 1316 868 aeternitas
1342 842 1384 867 est
1404 839 1526 876 perfecta
1553 841 1580 866 et
1601 838 1762 866 durationes
1787 840 1894 866 ceteras

1049 885 1293 923 circumplectens:
1323 886 1385 914 ideo
1406 886 1439 914 ad
1470 886 1558 922 ipsam
1586 884 1728 913 transtulit
1749 884 1889 921 Scriptura

1048 940 1150 961 nomen
1171 932 1252 960 smmi.

1129 980 1260 1013 Rursus,
1282 980 1348 1017 quia
1369 978 1567 1008 interminata⁹
1589 981 1616 1007 et
1637 987 1653 1006 a
1679 981 1758 1015 parte
1779 981 1846 1006 ante
1866 980 1893 1006 et
1917 986 1979 1025 ffi‘ssgi‘?
1992 984 2009 1002 in

1049 1034 1063 1054 a
1080 1029 1158 1063 parte
1170 1029 1248 1063 post,
1269 1026 1331 1054 ideo
1346 1033 1400 1054 non
1415 1034 1528 1053 (totunm
1543 1025 1624 1054 dicit.
1646 1024 1725 1062 quasi
1741 1024 1892 1052 terminum
1905 1013 1916 1031 p
1975 1022 1978 1024 ’

1049 1073 1163 1104 habeat,
1183 1081 1234 1102 nec
1246 1072 1462 1109 qenai-ationem
1475 1072 1668 1109 singulariter,
1683 1071 1733 1100 sed
1747 1070 1894 1108 pluraliter

1049 1128 1153 1153 aomos,
1167 1122 1195 1148 et
1209 1120 1410 1157 generationes
1431 1119 1566 1148 similiter.
1588 1118 1700 1147 Ratione
1721 1125 1788 1154 ergo
1808 1117 1895 1154 perfe-

1049 1166 1147 1196 ctionis
1160 1170 1187 1195 et
1209 1166 1439 1195 interminationis
1454 1166 1632 1199 transfertur,
1647 1173 1702 1193 non
1723 1164 1830 1192 ratione
1852 1171 1895 1192 va-

1049 1214 1182 1242 riationis.

1413 1308 1480 1336 Due.
1507 1309 1535 1336 V.

1130 1401 1196 1429 item
1218 1401 1364 1437 quaeritur
1386 1401 1420 1429 de
1439 1401 1491 1429 hoc
1513 1401 1588 1438 quod
1604 1401 1685 1435 dicit,
1706 1401 1781 1438 quod
1803 1401 1834 1430 in
1852 1410 1897 1438 ye-

1051 1447 1201 1475 neratioue
1228 1447 1407 1475 Sanctorum
1433 1451 1503 1475 sant
1529 1447 1604 1475 (tuiti
1632 1447 1696 1481 Dei,
1728 1448 1895 1476 aeternitas.

1051 1494 1168 1523 Videtur
1179 1495 1253 1523 enim
1265 1494 1375 1528 falsum,
1386 1495 1452 1532 quia
1467 1494 1578 1523 duratio
1587 1494 1752 1523 Sanctorum
1767 1497 1809 1523 est
1819 1494 1896 1522 finita

1052 1549 1068 1569 a
1087 1544 1167 1578 parte
1180 1544 1259 1575 ante;
1281 1541 1330 1570 sed
1351 1541 1500 1570 aeternitas
1520 1541 1569 1570 Dei
1591 1543 1632 1570 est
1654 1541 1761 1569 infinita
1781 1549 1798 1569 a
1817 1544 1896 1578 parte

1051 1590 1115 1615 ante
1136 1590 1163 1616 et
1190 1590 1266 1624 post:
1288 1595 1354 1624 ergo
1382 1588 1473 1617 Sancti
1493 1596 1549 1617 non
1570 1591 1636 1617 sunt
1656 1588 1684 1616 in
1705 1587 1749 1616 illa
1764 1587 1796 1615 ¹⁰.
1812 1588 1896 1620 Item,

1051 1642 1107 1671 quo
1134 1634 1218 1662 modo
1241 1634 1351 1663 essendi
1373 1634 1437 1663 ‘8²2¹'
1460 1635 1601 1672 generatio
1621 1635 1785 1664 Sanctorum
1806 1637 1848 1663 est
1870 1634 1895 1663 in

1052 1680 1121 1709 illa?
1142 1680 1218 1709 Sicut
1231 1689 1386 1715 mensura,
1402 1690 1472 1717 non,
1493 1682 1559 1719 quia
1578 1681 1628 1710 Dei
1647 1681 1796 1710 aeternitas
1810 1680 1896 1710 solius

1051 1727 1101 1757 Dei
1122 1730 1164 1756 est
1184 1735 1330 1762 mensura,
1352 1728 1375 1757 si
1395 1728 1467 1757 sicut
1484 1737 1577 1757 causa
1592 1729 1619 1757 in
1639 1728 1752 1763 effectu3
1774 1727 1822 1757 sed
1843 1728 1895 1756 hoc

1052 1775 1135 1803 modo
1155 1778 1197 1803 est
1218 1775 1245 1803 in
1267 1775 1367 1804 ceteris
1387 1776 1538 1805 creaturis:
1560 1784 1627 1812 ergo
1647 1779 1698 1804 etc.

1131 1822 1303 1850 Rssspoamzo:
1319 1822 1486 1857 Dicendum,
1501 1822 1577 1859 quod
1589 1822 1609 1838 ¹2
1621 1822 1689 1851 illud
1706 1822 1824 1851 verbum
1840 1830 1894 1851 non

1051 1870 1094 1896 est
1107 1868 1213 1897 dictum
1234 1876 1284 1905 per
1308 1869 1607 1898 commensurationem
1625 1877 1716 1907 neque
1733 1878 1783 1907 per
1797 1877 1896 1907 aequa-

1052 1914 1170 1949 litatem,
1198 1915 1247 1944 sed
1269 1923 1319 1952 per
1346 1916 1587 1944 concomitantiam
1612 1919 1639 1945 et
1666 1916 1893 1945 conformitatem.

1051 1962 1122 1998 Quia
1135 1962 1210 1991 enim
1225 1962 1366 1999 generatio
1380 1963 1543 1991 Sanctorum
1558 1971 1575 1991 a
1595 1966 1675 2000 parte
1684 1967 1751 2001 post
1768 1964 1852 1993 durat
1867 1964 1893 1992 in

1051 2008 1190 2037 infinitum
1204 2008 1240 2044 ¹³,
1262 2009 1346 2038 durat
1366 2010 1450 2038 etiam
1471 2010 1530 2039 sine
1550 2010 1714 2039 variatione:
1736 2011 1798 2039 ideo
1818 2010 1893 2039 illam

1050 2062 1189 2083 summam
1211 2056 1402 2084 aeternitatem
1424 2056 1451 2084 in
1472 2059 1618 2085 aeternum
1647 2057 1795 2085 comitatur
1815 2059 1842 2086 et
1869 2057 1893 2086 ei

1050 2327 1096 2349 tem
1107 2335 1118 2354 ,-
1134 2326 1200 2349 lectio
1216 2327 1238 2348 in
1257 2329 1342 2348 textum
1359 2330 1450 2354 recepta
1468 2327 1587 2349 exhibetur
1604 2333 1616 2349 a
1634 2327 1739 2355 pluribus
1761 2333 1816 2350 mss.
1833 2330 1858 2350 ut
1874 2328 1892 2350 Η

1051 2372 1077 2388 ee
1094 2366 1112 2387 rf
1125 2368 1148 2387 et
1164 2365 1201 2388 ed.
1219 2366 1240 2388 i.
1258 2366 1308 2387 Mox
1324 2372 1350 2388 ex
1368 2365 1535 2394 antiquioribus
1551 2372 1605 2388 mss.
1622 2367 1784 2394 supplevimus
1799 2366 1868 2389 em'm.

1113 2404 1123 2418 ⁹
1140 2404 1301 2432 Subinteilige:
1319 2405 1446 2427 aeternitas.
1462 2417 1494 2421 -
1509 2405 1576 2427 Pauci
1594 2404 1661 2427 codd.
1678 2407 1703 2427 ut
1718 2405 1762 2426 HT
1785 2405 1893 2427 adiiciunt

1050 2443 1099 2471 est,
1118 2442 1169 2465 cod.
1187 2443 1208 2465 X
1225 2443 1259 2465 est
1275 2442 1376 2466 duratio.

1115 2481 1134 2496 ¹⁰
1149 2481 1236 2510 Nempe
1247 2487 1252 2504 :
1269 2482 1399 2504 aeternitate
1416 2482 1463 2504 Dei.
1475 2494 1507 2499 -—
1520 2483 1568 2505 Vat.
1580 2482 1669 2511 absque
1680 2483 1812 2505 auctoritate
1824 2482 1891 2505 codd.

1051 2523 1073 2543 et
1089 2527 1129 2543 sex
1145 2521 1272 2549 primarum
1285 2520 1345 2548 edd.⁷
1357 2527 1426 2543 sensu
1437 2520 1520 2544 eodem
1536 2524 1649 2549 manente,
1666 2527 1722 2551 erqo
1738 2521 1780 2544 illa
1796 2527 1844 2544 non
1859 2523 1894 2545 est

1049 2559 1153 2582 Sanctis.

1114 2597 1132 2612 ¹¹
1149 2597 1195 2621 Cfr.
1212 2604 1282 2626 supra
1299 2605 1321 2627 q.
1340 2597 1361 2620 4.
1378 2604 1468 2626 argum.
1485 2598 1507 2620 7.
1525 2598 1554 2621 ad
1571 2605 1641 2627 opp.‚
1663 2598 1703 2621 ubi
1723 2604 1807 2621 novem
1829 2599 1892 2622 modi

1050 2636 1141 2659 essendi
1157 2636 1182 2659 in
1198 2637 1335 2659 reseruntur.
1352 2637 1402 2659 Mox
1420 2637 1469 2660 Vat.
1486 2638 1521 2660 est
1536 2637 1561 2660 in
1578 2637 1620 2660 illa
1631 2637 1781 2667 generatione
1796 2637 1891 2661 Sancto-

1051 2681 1122 2703 rum,
1140 2675 1180 2698 sed
1197 2679 1287 2703 praeter
1303 2675 1372 2698 fidem
1389 2681 1443 2698 mss.
1461 2678 1483 2698 et
1498 2682 1537 2699 sex
1549 2677 1675 2704 primarum
1691 2676 1756 2705 edd,
1770 2677 1820 2699 licet
1830 2676 1892 2700 idem

1051 2716 1155 2737 servetur
1171 2720 1259 2737 sensus.

1115 2752 1133 2767 ¹2
1150 2752 1204 2775 Fide
1220 2754 1374 2782 antiquiorum
1392 2760 1446 2776 mss.
1463 2756 1486 2776 et
1501 2754 1538 2776 ed.
1567 2754 1572 2775 1
1601 2754 1762 2782 supplevimus
1785 2755 1848 2784 quod
1870 2759 1891 2777 et

1051 2794 1218 2819 consequenter
1233 2790 1393 2814 substituimus
1409 2793 1444 2814 est
1459 2792 1509 2814 loco
1525 2798 1580 2815 esse.

1114 2829 1133 2844 1³
1150 2829 1205 2852 Cod.
1225 2830 1231 2851 l
1248 2836 1301 2852 cum
1318 2830 1354 2853 ed.
1374 2831 1381 2852 l
1404 2830 1467 2853 addit
1482 2832 1510 2853 et.
1523 2831 1572 2853 Mox
1584 2832 1653 2860 aliqui
1665 2832 1732 2854 codd.
1746 2835 1768 2854 ut
1780 2832 1826 2854 ΤΧ
1838 2838 1890 2855 cum

1051 2868 1087 2891 ed.
1107 2869 1114 2890 l
1136 2868 1309 2892 concomitatur
1325 2875 1366 2897 pro
1384 2869 1517 2892 comitatur.
