2253 3317
201 667 308 685 Substantia

181 691 200 708 in
217 690 257 708 Deo
277 690 309 707 tri-

181 713 255 737 pliciter
287 713 310 731 si-

181 737 284 761 gnificatur,

199 1834 287 1853 Rationes
298 1835 314 1852 ἃ.

180 1857 265 1881 Magistri
274 1863 317 1876 con-

179 1882 210 1899 tra
220 1882 291 1899 Arium.

227 2023 280 2041 Ratio
294 2023 310 2040 l.

328 121 378 148 188

683 196 750 224 Dua.
774 197 801 224 ΙΙ.

401 290 465 317 ltem
481 289 627 317 dubitatur
641 288 765 316 secundo
779 289 814 317 de
828 289 880 317 hoc
894 288 969 325 quod
985 287 1065 316 dicit:
1082 287 1166 315 Coae-

323 340 421 363 ternae
434 335 491 363 sibl?
504 338 572 362 sum
594 338 651 362 tres
667 343 819 371 personae.
836 335 951 363 Videtur
973 334 1083 367 salsum,
1098 333 1164 370 quia

321 382 343 410 si
365 385 543 411 coaeternae.
565 381 612 409 et¹
635 385 778 410 aeternae:
801 389 867 417 ergo
882 384 939 409 tres
953 380 1074 413 aeterni,
1088 379 1163 416 quod

320 431 362 457 est
383 430 479 456 contra
500 427 684 465 Symbolzmz.
706 427 753 455 nbi
776 427 892 455 dicitur:
933 426 1012 454 «Non
1034 430 1090 454 tres
1121 433 1164 454 ae-

321 474 390 502 terni
404 484 430 507 »;
451 476 478 502 et
500 474 719 502 ite1·nm·contra
750 474 910 506 rationem,
932 473 998 509 quia
1028 480 1164 500 uumerus

320 520 438 557 pluralis
460 520 626 556 multiplicat
646 520 773 548 t'orinam.
807 520 882 548 Unde
914 527 969 547 non
1001 526 1066 547 vere
1101 518 1165 547 dici-

323 570 382 595 tur:
405 569 461 595 tres
483 570 547 594 sunt
569 566 614 594 dii.

400 613 574 641 Reseoumzo:
597 612 768 646 Dicendum,
789 612 863 649 quod
885 620 985 640 nomen
1007 611 1164 648 significans

321 659 516 687 substanttam
538 659 565 686 in
580 659 681 687 divinis
696 659 836 695 reperitur
851 658 1006 687 secundum
1028 658 1164 695 triplicem

324 706 446 734 modum.
471 705 621 741 anddam
648 705 722 734 enim
754 705 909 742 signilicat²
933 704 1117 733 substantiam
1138 707 1165 733 et

322 762 372 790 per
393 753 508 781 modum
537 752 723 787 substantiae,
754 755 786 780 ut
816 759 916 780 nomen
939 751 1164 785 substantivum,

322 804 353 829 ιιι
374 800 463 834 Deus;
485 803 512 828 et
534 800 586 828 tale
608 799 783 828 nullomodo
803 798 977 836 plurificatur
998 805 1048 826 nec
1062 797 1164 826 dicitur

321 847 483 884 pluraliter.
505 847 563 875 sive
595 846 628 875 sit
662 847 881 881 substantivum,
903 847 961 875 sive
982 846 1165 875 substantiva-

321 897 395 928 ιιιιιι;
416 897 447 922 ιιι
457 894 466 908 ³
488 894 539 922 hoc
554 901 654 922 nomen
669 897 820 927 aeternus;
835 894 873 922 sic
894 894 1030 930 accipitur
1048 893 1075 921 in
1090 893 1165 929 Sym-

322 941 392 970 bolo.
417 941 565 977 Quaedam
588 941 744 978 significant
771 940 955 969 substantiam
977 948 1027 977 per
1047 939 1163 968 modum

321 988 502 1018 adiacentiae.
515 988 586 1017 sicut
601 988 712 1016 nomina
726 987 863 1016 adiectiva
878 987 1013 1016 adjective
1028 989 1136 1015 retenta
1147 986 1164 1020 ⁴;

322 1039 348 1064 et
370 1036 443 1069 talia,
465 1035 530 1072 quia
552 1036 666 1063 trahunt
699 1043 850 1063 numerum
871 1043 887 1063 a
909 1033 1106 1066 substantivis,
1126 1032 1165 1061 di-

321 1086 425 1112 cuntur
445 1082 606 1119 pluraliter,
627 1085 654 1111 et
675 1082 709 1111 de
731 1090 832 1119 genere
854 1082 951 1110 talium
983 1084 1048 1110 sunt
1078 1080 1164 1109 verba

321 1134 349 1159 et
380 1129 532 1166 participia.
564 1129 634 1157 Alia
666 1133 731 1157 sunt
761 1129 888 1162 nomina,
920 1136 992 1165 quae
1014 1128 1165 1164 important

323 1175 506 1205 substantiam
528 1175 554 1203 in
575 1175 744 1206 adiacentia,
766 1174 940 1203 connotaudo
961 1174 1034 1202 intra
1059 1173 1166 1202 relatio-

322 1230 386 1251 nem
407 1225 550 1255 mutuam,
571 1221 665 1258 qualia
696 1224 761 1249 sunt
789 1220 975 1253 coaeterni&
996 1223 1023 1248 et
1043 1220 1108 1248 talia
1128 1227 1164 1248 ex

323 1268 427 1305 duplici
449 1276 533 1296 causa
560 1271 677 1304 possunt
708 1267 762 1296 dici
793 1267 955 1304 pluraliter,
978 1269 1037 1294 tum
1059 1265 1165 1293 ratione

323 1313 602 1351 eousiymficatz'om‘s
630 1313 688 1342 sive
720 1313 795 1341 modi
817 1312 1004 1349 significandi,
1033 1314 1094 1339 tum
1125 1319 1167 1339 ra-

325 1360 398 1388 tione
419 1359 639 1388 connotaciom's.
663 1359 693 1387 Et
708 1359 747 1388 sic
762 1361 846 1395 patet,
861 1358 934 1395 qnod
957 1357 1035 1386 nulla
1050 1360 1091 1386 est
1105 1365 1167 1385 con-

323 1407 458 1435 tradictio.

402 1452 481 1489 Quod
494 1453 503 1465 ⁵
525 1456 620 1480 autem
641 1452 786 1487 obiicitur,
807 1452 882 1489 quod
897 1452 1016 1489 pluralis
1030 1458 1167 1480 numerus

324 1499 464 1536 plurificat
485 1500 620 1531 formam:
651 1499 816 1534 dicendum,
848 1499 923 1536 quod
954 1499 1006 1528 hoc
1038 1507 1093 1527 non
1125 1501 1167 1527 est

323 1553 420 1575 verum
444 1546 471 1573 in
492 1546 635 1574 adiectivis
648 1546 665 1573 ⁷.

680 1639 747 1668 Dua.
770 1640 810 1667 Ill.

403 1733 460 1769 Qui
480 1732 532 1761 hoc
553 1733 640 1767 dicit,
662 1742 721 1761 vuon
742 1733 888 1770 entelliqz‘t,
910 1736 1014 1761 aalma
1034 1741 1093 1761 esse
1115 1735 1165 1760 etc.

322 1780 367 1808 Hic
389 1780 466 1816 ponit
488 1780 615 1816 Magister
637 1782 758 1816 quatuor
780 1779 901 1807 rationes
927 1779 1166 1811 demonstrantes,

324 1825 423 1854 Filium
444 1828 624 1854 coaeternum
655 1825 743 1859 Patri,
765 1828 793 1853 et
813 1825 851 1853 ita
882 1827 1081 1861 argumentum
1111 1823 1166 1852 Arii

325 1880 379 1900 uon
408 1871 539 1900 valere⁸x
571 1872 656 1900 Filius
686 1874 728 1900 est
748 1874 849 1905 natus,
870 1878 937 1907 ergo
964 1879 1018 1899 non
1053 1873 1095 1899 est
1125 1877 1168 1898 ae-

322 1922 426 1948 ternus.

401 1965 493 1993 Prima
513 1968 606 1993 sumta
627 1968 698 1993 esta
712 1964 805 1992 simili
823 1967 851 1992 et
872 1967 913 1992 est
935 1964 1012 1992 talis:
1035 1963 1167 1999 splendor

324 2014 366 2040 est
386 2011 512 2039 eiusdem
534 2011 690 2039 durationis
712 2018 777 2039 cum
799 2010 861 2046 igne
889 2010 947 2038 sive
979 2010 1119 2046 aequalis,
1141 2012 1168 2038 et

1017 118 1267 147 SENTENTIARUM
1289 119 1347 146 LlB.
1371 119 1386 146 l.

1221 198 1312 224 tamen
1334 199 1376 224 est
1403 199 1552 232 generatus
1582 197 1617 225 ab
1639 197 1715 234 igne:
1747 206 1814 234 ergo
1835 199 1924 227 multo
1943 199 2042 227 fortius
2055 221 2062 233 ,

1220 250 1284 270 cnm
1307 242 1390 270 Filius
1422 242 1456 270 sit
1477 242 1609 279 splendor
1630 244 1718 272 Patris
1730 244 1749 278 ⁹,
1780 244 1909 281 quamvis
1936 245 1972 273 ab
2003 245 2062 281 ipso

1220 291 1385 324 generetur,
1405 288 1457 316 erit
1479 289 1503 316 ei
1525 292 1701 318 coaeternus:
1725 298 1791 326 ergo
1821 290 1962 319 conclusio
1986 298 2063 327 prae-

1211 335 1309 367 dictae
1331 335 1445 363 rationis
1466 338 1507 363 est
1527 335 1611 370 salsa,
1633 339 1660 364 et
1681 336 1728 364 illa
1748 337 1944 374 consequentia
1964 339 2006 366 est
2026 337 2063 365 in-

1221 380 1389 409 terimenda:
1422 381 1444 409 si
1476 385 1561 409 natus
1579 385 1638 415 est,
1670 386 1730 411 erat
1770 383 1881 419 quando
1913 392 1966 411 non
1994 385 2062 412 erat.

1221 426 1276 454 Sed
1296 430 1416 455 cmttra:
1438 427 1465 455 si
1487 427 1625 456 emanatio
1646 428 1800 464 procedens
1831 436 1847 456 a
1878 428 1934 457 Deo
1966 432 2007 457 est
2037 428 2062 457 ei

1220 476 1380 507 coaeterna,
1402 473 1474 501 sicut
1494 474 1632 502 emanatio
1654 474 1808 510 procedens
1829 483 1845 502 a
1866 478 1995 503 creatura
2022 477 2063 503 est

1220 520 1244 547 ei
1266 527 1441 556 coaequaeva
1452 520 1484 547 ¹⁰:
1507 528 1573 556 ergo
1594 528 1659 548 cum
1680 528 1725 548 res
1757 520 1877 549 exierint
1897 530 1913 548 a
1934 521 2005 555 Deo,
2026 521 2064 549 vi-

1220 565 1302 594 detur
1323 565 1398 602 quod
1420 566 1455 594 ab
1476 568 1597 594 aeterno.

1299 612 1473 640 Reseounsso:
1496 611 1665 646 Dicendum,
1687 612 1762 649 quod
1786 620 1915 649 egressus
1940 612 2065 649 splendo-

1221 658 1260 686 ris
1316 666 1332 686 a
1360 658 1421 687 luce
1443 658 1487 686 vel
1508 658 1570 695 igne
1598 662 1639 687 est
1663 666 1793 695 egressus
1815 659 2018 692 connaturalis:
2038 662 2065 688 et

1221 705 1283 733 talis
1303 708 1345 734 est
1366 713 1496 742 egressus
1518 705 1574 733 Filii
1596 714 1612 734 a
1634 706 1726 740 Patre,
1748 714 1803 734 non
1820 709 1914 734 autem
1935 714 2065 743 egressus

1221 755 1365 780 creaturae
1379 759 1395 779 a
1416 751 1555 784 Creatore,
1570 752 1655 780 immo
1676 756 1718 781 est
1736 752 1923 787 voluntarius3
1944 755 1972 781 et
1985 761 2066 790 argu-

1221 800 1346 826 mentum
1367 800 1409 826 est
1429 797 1534 826 bonum
1556 798 1583 826 in
1605 798 1754 835 proposito.

1274 658 1293 671 n

1299 845 1379 877 Item,
1392 844 1421 872 sz'
1435 844 1488 872 Dec
1508 844 1612 878 Filias,
1635 844 1730 882 inquit
1750 845 1946 882 Aayusfflzus,
1967 845 2063 873 virtus
2076 849 2131 869 Ratio
2143 850 2162 871 Ξ.

1220 894 1246 918 et
1258 890 1413 927 sapientia.
1436 891 1505 919 Haec
1519 894 1561 919 est
1582 891 1705 920 secunda
1720 891 1790 919 ratio
1804 892 1960 928 Augustini:
1983 891 2066 920 Filius

1220 937 1269 965 Dei
1290 940 1331 965 est
1345 937 1435 965 virtus
1456 940 1483 965 et
1498 937 1643 974 sapientia:
1667 945 1733 974 ergo
1754 938 1775 966 si
1792 946 1845 966 uon
1864 941 1906 967 est
1919 941 2066 972 aeternus,

1220 984 1371 1021 aliquando
1392 984 1443 1012 suit
1470 984 1546 1013 Deus
1566 984 1625 1013 sine
1653 984 1757 1013 virtute
1786 988 1813 1013 et
1841 984 1990 1021 sapientia;
2018 984 2068 1014 sed

1220 1031 1272 1060 hoc
1293 1033 1334 1059 est
1356 1031 1540 1069 impossibile:
1562 1039 1628 1068 ergo
1649 1034 1700 1060 etc.
1722 1032 1779 1060 Sed
1800 1035 1903 1060 contra
1928 1032 2000 1060 hanc
2027 1039 2068 1060 ra-

1222 1078 1323 1106 tionem
1347 1078 1386 1106 sic
1410 1078 1550 1107 obiicitur:
1574 1078 1596 1107 si
1615 1078 1688 1106 enini
1711 1079 1851 1115 sequitur:
1874 1078 1897 1107 si
1920 1078 1999 1106 Pater
2012 1085 2067 1106 non

1220 1124 1305 1153 habet
1328 1124 1491 1161 sapientiam
1516 1124 1645 1161 genitam,
1667 1133 1721 1153 non
1742 1127 1784 1153 est
1808 1124 1931 1161 sapiens,
1956 1123 2068 1152 videtur

1221 1171 1296 1208 quod
1318 1171 1353 1200 sit
1373 1171 1483 1208 sapiens
1498 1171 1632 1208 sapientia
1646 1171 1749 1208 genita,
1771 1171 1847 1208 quod
1867 1179 2002 1208 expresse
2022 1178 2068 1199 ne-

1222 1221 1268 1256 gat
1288 1219 1459 1256 Augustinus
1480 1219 1508 1247 in
1529 1222 1609 1248 sexto
1630 1219 1665 1248 de
1687 1218 1819 1247 Trinitate
1833 1219 1860 1246 ¹².

1300 1266 1472 1295 Ruspoivmso:
1489 1266 1659 1303 Augustinus
1674 1267 1754 1295 istam
1770 1266 1904 1295 rationem
1922 1265 2067 1302 redarguit

1222 1312 1249 1340 in
1265 1315 1345 1341 sexto
1359 1313 1394 1341 de
1409 1313 1541 1341 Trinitate
1553 1313 1582 1347 ¹³,
1601 1313 1759 1347 ostendens,
1775 1313 1851 1341 illam
1866 1312 2018 1350 procedere
2033 1319 2069 1340 ex

1222 1359 1295 1388 malo
1310 1359 1453 1388 intellectu
1467 1360 1559 1394 verbi,
1574 1363 1709 1394 attamen,
1724 1360 1790 1397 quia
1808 1360 1937 1396 Magister
1955 1357 2070 1388 adducit

1222 1413 1293 1440 eam,
1308 1408 1398 1442 potest
1412 1405 1478 1440 dici,
1494 1406 1569 1442 quod
1585 1406 1655 1434 ratio
1669 1406 1758 1440 valet,
1779 1414 1834 1434 non
1849 1405 1915 1442 quia
1935 1405 2014 1433 Pater
2035 1404 2071 1433 sit

1223 1451 1333 1488 sapiens
1346 1451 1419 1486 Filio,
1432 1452 1480 1488 qui
1491 1455 1533 1480 est
1544 1452 1680 1489 sapientia
1691 1452 1791 1489 genita,
1803 1451 1852 1480 sed
1866 1451 1932 1488 quia
1942 1451 2041 1479 eadem
2052 1449 2070 1464 ¹⁴

1223 1501 1264 1526 est
1285 1498 1420 1535 sapientia
1440 1498 1532 1535 genita
1546 1501 1573 1526 et
1594 1498 1727 1535 ingenita,
1742 1501 1769 1527 et
1784 1498 1834 1533 ita,
1850 1498 1873 1526 si
1890 1505 1947 1526 una
1961 1496 2069 1534 incipit,

1223 1547 1250 1573 et
1270 1544 1332 1572 alia.

1303 1591 1402 1619 Eidem
1426 1600 1537 1629 quoque
1557 1591 1720 1619 Arianieac
1741 1590 1912 1629 quaestioni.
1935 1590 2004 1619 Haec
2029 1593 2071 1618 est
2083 1595 2138 1614 Ratio
2150 1595 2167 1614 3-

1223 1638 1304 1666 tertia
1325 1638 1395 1666 ratio
1425 1645 1511 1674 quam
1531 1638 1661 1671 adducit,
1683 1640 1710 1666 et
1736 1640 1778 1666 est
1800 1636 1950 1671 Ambrosii,
1979 1639 2072 1665 sumta

1223 1684 1258 1712 ab
1272 1684 1436 1713 auctoritate
1457 1684 1556 1713 Isaiae:
1573 1685 1647 1712 Ante
1667 1693 1711 1712 me
1731 1692 1790 1712 non
1805 1687 1845 1711 est
1859 1684 1954 1717 Deus,
1970 1686 2073 1720 etpost

1222 1740 1267 1759 me
1288 1739 1346 1758 nou
1367 1730 1438 1759 erit:
1460 1738 1527 1767 ergo
1548 1739 1598 1760 uec
1620 1731 1699 1759 Pater
1714 1734 1777 1759 ante
1792 1730 1900 1764 Filium,
1915 1737 1966 1758 nec
1988 1729 2071 1758 Filius

1223 1781 1285 1814 post
1299 1777 1416 1805 Patrem.
1433 1777 1489 1805 Sed
1502 1781 1619 1806 eontra:
1635 1777 1664 1805 ln
1679 1777 1781 1806 divinis
1795 1777 1922 1814 personis
1934 1779 1976 1805 est
1989 1776 2072 1810 ordo;

1224 1824 1273 1853 sed
1294 1824 1363 1852 ordo
1385 1832 1439 1852 non
1461 1826 1503 1852 est
1517 1824 1568 1852 nisi
1590 1824 1692 1861 prioris
1707 1824 1742 1852 ad
1764 1824 1915 1860 posterius:
1940 1830 2007 1859 ergo
2021 1825 2071 1851 etc.

1303 1871 1475 1899 Ruspounsso:
1505 1870 1669 1905 Dicendum,
1697 1870 1782 1907 quod,
1808 1870 1879 1899 sicut
1907 1870 1979 1898 infra
1999 1871 2073 1906 pate-

1224 1917 1264 1945 bit
1277 1917 1305 1951 ¹⁵,
1327 1925 1381 1945 non
1397 1920 1438 1945 est
1454 1917 1491 1945 ibi
1505 1917 1574 1945 ordo
1596 1917 1763 1951 durationis,
1785 1925 1841 1953 quo
1855 1916 1925 1945 alter
1940 1919 1982 1944 est
1995 1916 2072 1953 prior

1224 1964 1328 1997 altero,
1350 1963 1399 1992 sed
1420 1964 1490 1992 ordo
1511 1963 1641 2000 originis,
1663 1972 1719 2000 quo
1740 1963 1811 1992 alter
1832 1971 1868 1991 ex
1890 1963 1986 1991 altero.

1304 2010 1431 2038 Invicem
1452 2010 1528 2038 enim
1549 2010 1581 2038 77⁷2
1601 2019 1645 2043 se,
1660 2010 1751 2038 Pater
1773 2010 1804 2037 in
1820 2009 1909 2042 Filio,
1931 2012 1956 2037 et
1977 2008 2072 2037 Filius
2085 2014 2141 2033 Ratio
2155 2015 2173 2033 4.

386 2135 393 2148 ¹
412 2134 475 2156 Unus
492 2134 594 2163 alterque
612 2134 663 2156 cod.
681 2137 705 2156 ιιι
722 2134 761 2161 PQ
778 2140 834 2163 erqo
851 2134 901 2156 loco
918 2135 946 2156 et.

385 2174 395 2188 2
412 2174 442 2195 lta
460 2174 552 2201 plurimi
570 2174 710 2202 antiquiores
728 2173 808 2201 codd„
826 2173 882 2195 dum
900 2173 950 2195 Vat.
968 2179 1021 2195 cum
1047 2173 1083 2195 ed.
1113 2174 1118 2195 l
1148 2177 1170 2196 et

324 2213 374 2236 cod.
393 2219 419 2235 cc
435 2213 489 2241 legit
507 2212 629 2240 Quaedam
646 2212 709 2235 enim
725 2211 865 2242 siqnificant.

385 2251 395 2265 3
412 2251 462 2273 Vat.
481 2257 534 2273 cum
552 2251 602 2273 cod.
621 2257 646 2273 cc
660 2269 664 2278 ‚
682 2251 865 2278 interpunctione
882 2253 967 2272 mutata
978 2268 983 2278 ,
1002 2251 1052 2273 loco
1063 2253 1091 2274 at
1107 2252 1171 2279 ponit

324 2290 352 2312 et.
368 2301 400 2305 —
417 2289 465 2311 Sub
488 2295 545 2311 voce
568 2288 768 2312 substantivorum
784 2288 883 2315 intellige
901 2288 1038 2310 adiectivum
1056 2289 1091 2310 rel
1109 2288 1171 2310 aliud

325 2334 408 2350 nomen
426 2328 475 2350 loco
493 2327 629 2350 substantivi
647 2327 782 2349 adhibitum.

386 2367 395 2381 ⁴
413 2368 455 2389 Pro
473 2374 518 2389 non
544 2373 647 2395 congruo
666 2366 781 2388 vocabulo
807 2366 869 2388 tenta
895 2372 939 2393 ope
970 2372 1025 2387 mss.
1051 2368 1072 2387 et
1097 2365 1133 2388 ed.
1160 2366 1168 2387 l

325 2406 486 2429 substituimus
502 2407 609 2434 relenta,·
626 2412 679 2428 mox
696 2405 864 2434 antiquiorlbus
880 2411 936 2427 mss.
953 2411 1006 2427 cum
1032 2404 1068 2426 ed.
1088 2405 1095 2426 l
1118 2410 1172 2427 con-
1198 2397 1200 2404 ’

325 2445 488 2473 sentientibus,
507 2446 627 2467 lectionem
644 2444 802 2472 perturbatam
825 2444 875 2466 Vat.
903 2445 925 2465 et
949 2443 1000 2465 cod.
1026 2449 1052 2465 cc
1078 2443 1173 2465 correxi-

326 2489 378 2505 mus
396 2483 503 2511 ponendo
521 2482 576 2512 quia
595 2489 637 2510 pro
655 2488 722 2512 quae.

387 2522 397 2536 ⁵
413 2522 518 2544 Nonnulli
536 2521 602 2544 codd.
622 2524 646 2543 ιιι
662 2521 707 2543 HM
717 2521 736 2543 Y
753 2527 779 2543 ee
796 2526 850 2543 cum
867 2520 903 2542 ed.
922 2521 929 2542 =l
954 2520 1041 2542 addunt
1057 2521 1080 2543 et
1094 2519 1173 2543 huius-

327 2560 397 2583 modi.
414 2561 484 2582 Paulo
501 2563 553 2588 post
570 2560 615 2582 fide
632 2561 787 2588 antiquiorum
805 2566 859 2582 mss.
877 2562 899 2582 et
915 2559 952 2581 ed.
979 2560 987 2581 i
1016 2565 1059 2587 pro
1087 2558 1174 2589 siyaifi-

327 2599 426 2622 cationis
443 2599 604 2621 substituimus
616 2598 851 2628 consiyaificatz'ouis,
864 2598 927 2627 quod
939 2599 1037 2626 primam
1050 2599 1172 2626 rationem,

328 2638 413 2660 scilicet
430 2641 543 2667 quatenus
559 2640 612 2661 sunt
634 2638 745 2660 adjectiva
771 2644 811 2659 seu
836 2639 960 2665 important
985 2637 1134 2659 substantiam
1152 2637 1173 2658 in

328 2677 468 2705 adiacentia,
486 2677 614 2699 distinctius
631 2676 735 2704 exhibet3
759 2676 859 2698 secunda
877 2677 934 2699 ratio
958 2676 1068 2698 fundatur
1084 2677 1106 2697 in
1124 2682 1174 2698 con-

329 2718 404 2737 notata
421 2719 500 2737 mutua
519 2716 633 2737 telatione.

389 2754 399 2768 ὃ
416 2754 456 2776 Ed.
479 2755 483 2776 l
506 2754 542 2777 Ad
558 2753 619 2777 illud
635 2753 698 2783 quod
715 2752 831 2776 obiicitur.
848 2754 897 2775 Mox
915 2753 965 2775 cod.
984 2753 1016 2775 dd
1032 2752 1175 2782 multiplicat

329 2792 378 2814 loco
395 2792 522 2822 plurificat.

386 2831 399 2845 ‘⁷
416 2831 449 2853 De
466 2832 508 2853 hac
525 2832 636 2853 solutione
653 2830 707 2853 vide
724 2830 781 2852 infra
798 2830 820 2852 d.
839 2830 875 2852 24.
893 2837 913 2852 a.
932 2831 952 2852 1l.
970 2837 992 2859 q.
1012 2831 1032 2852 2.
1049 2830 1094 2852 Csr.
1106 2831 1174 2852 etiam

329 2870 389 2892 Alex.
407 2870 463 2898 Hal,
481 2870 503 2892 S.
522 2877 543 2898 p.
561 2870 576 2891 1.
594 2877 615 2899 q.
635 2869 670 2892 49.
689 2876 719 2891 m.
738 2870 759 2892 3.
776 2882 807 2886 -—
824 2870 845 2891 S.
865 2870 958 2898 Thom.,
982 2870 1018 2891 llic
1035 2876 1056 2897 q.
1079 2869 1096 2890 l.
1114 2875 1134 2891 a.
1152 2869 1173 2897 2,

1226 2138 1247 2157 et
1264 2135 1286 2156 S.
1304 2135 1318 2156 l.
1336 2141 1358 2163 q.
1377 2135 1413 2156 39.
1432 2141 1451 2156 a.
1470 2135 1490 2156 3.
1502 2146 1534 2150 -
1545 2135 1568 2156 B.
1581 2134 1680 2162 Albert„
1694 2135 1730 2157 liic
1742 2141 1762 2156 a.
1774 2133 1795 2156 7.
1807 2145 1840 2150 -
1850 2134 1909 2156 Petr.
1921 2139 1934 2155 a
1952 2133 2019 2161 Tar.,
2037 2133 2074 2155 hic

1226 2179 1248 2201 q.
1267 2173 1288 2195 3.
1306 2179 1325 2194 a.
1344 2174 1365 2194 2.
1382 2184 1413 2189 —-
1430 2173 1537 2194 Richard.
1560 2179 1572 2195 a
1589 2173 1655 2201 Med,
1674 2173 1710 2195 hic
1727 2174 1787 2195 circa
1805 2173 1909 2194 litteram.

1288 2211 1298 2226 Β
1315 2212 1365 2234 Vat.
1384 2213 1420 2234 liic
1437 2212 1501 2234 addit
1516 2212 1580 2241 quod
1596 2212 1643 2235 tale
1659 2213 1707 2240 est,
1727 2218 1787 2240 quae
1805 2215 1880 2234 tamen
1901 2211 1974 2233 verba
1990 2210 2074 2233 desunt

1226 2252 1248 2273 in
1266 2251 1333 2273 codd.
1351 2254 1373 2273 et
1397 2251 1433 2274 ed.
1452 2251 1473 2273 4,
1490 2251 1594 2273 Nonnulli
1619 2251 1687 2273 codd.
1713 2253 1738 2273 ut
1759 2250 1923 2273 EFIKWYZ
1948 2249 2009 2273 valet
2029 2255 2072 2277 pro

1227 2289 1313 2312 calere.
1331 2290 1380 2312 lllox
1398 2293 1450 2318 post
1466 2296 1523 2319 erqo
1539 2296 1588 2312 non
1605 2290 1766 2318 supplevimus
1786 2296 1813 2311 ex
1835 2295 1889 2311 mss.
1907 2291 1929 2310 et
1945 2289 1981 2311 ed.
2002 2289 2010 2310 ‘l
2032 2289 2073 2311 est.

1289 2329 1299 2343 ⁹
1316 2329 1369 2351 Fide
1387 2335 1440 2351 mss.
1459 2331 1481 2351 et
1497 2329 1533 2351 ed.
1550 2329 1555 2350 l
1571 2329 1724 2356 expunximus
1741 2329 1777 2350 hic
1794 2327 1910 2356 superflue
1926 2327 2030 2349 additum
2041 2327 2069 2354 et,

1227 2374 1239 2389 c
1257 2370 1333 2390 contra
1352 2368 1421 2395 paulo
1438 2367 1496 2389 intra
1514 2371 1566 2395 post
1582 2366 1745 2396 consequentia
1764 2366 1890 2389 adiecimus
1906 2366 1946 2388 est.

1290 2406 1309 2420 ¹0
1326 2406 1398 2428 Codd.
1416 2407 1474 2428 inter
1491 2413 1515 2428 se
1531 2406 1679 2433 dissentiunt,
1698 2406 1733 2427 alii
1746 2406 1807 2428 enim
1824 2407 1849 2427 ιιι
1865 2404 2018 2427 EFlNUXZ
2036 2405 2072 2426 ha-

1228 2444 1282 2466 bent
1299 2450 1385 2467 coaeva
1402 2445 1451 2466 loco
1469 2450 1628 2474 coaequaeva,
1647 2444 1683 2466 alii
1700 2447 1724 2466 ut
1741 2444 1808 2466 AGK
1820 2444 1897 2465 STW
1921 2443 1951 2465 dd
1978 2444 1996 2465 ff
2016 2443 2072 2465 salso

1230 2482 1317 2504 addunt
1333 2484 1465 2511 coaeterna,
1477 2484 1534 2505 sicut
1546 2485 1568 2505 et
1581 2483 1617 2505 ed.
1635 2483 1639 2504 l
1657 2483 1712 2505 salso
1725 2482 1793 2505 habet
1804 2488 1890 2505 coaeva
1902 2483 1925 2505 et
1939 2482 2071 2505 coaeterna.

1292 2521 1310 2535 ¹²
1328 2522 1379 2544 Vat.
1396 2524 1487 2549 praeter
1504 2521 1573 2543 tidem
1591 2528 1645 2544 mss.
1663 2525 1685 2544 et
1704 2521 1757 2544 edd.
1777 2522 1800 2549 i,
1819 2522 1847 2549 2,
1874 2521 1887 2543 3
1913 2522 1949 2543 bic
1973 2520 2037 2543 addit
2057 2526 2073 2543 α

1229 2559 1292 2587 sole,
1312 2563 1334 2582 et
1351 2561 1419 2587 paulo
1436 2560 1493 2582 infra
1511 2563 1563 2588 post
1579 2559 1634 2583 talis
1650 2561 1685 2583 est
1708 2563 1786 2582 contra
1803 2561 1940 2583 vetustiores
1962 2559 2030 2582 codd.
2051 2562 2073 2582 et

1229 2599 1265 2621 ed.
1287 2600 1292 2620 l
1315 2599 1384 2621 habet
1400 2598 1501 2628 egressio
1518 2599 1568 2621 loco
1585 2604 1701 2628 eqressas.

1292 2637 1312 2651 ¹²
1329 2637 1383 2665 Cap.
1403 2638 1422 2659 fl.
1441 2643 1461 2659 n.
1481 2638 1501 2659 rl.
1519 2637 1577 2659 Vide
1594 2638 1661 2660 etiam
1678 2638 1733 2660 ibid.
1752 2638 1796 2660 Vll.
1814 2644 1833 2660 c.
1861 2638 1880 2659 ’1.
1906 2644 1927 2659 ιι.
1946 2638 1966 2660 2.
1984 2639 2006 2659 et
2022 2637 2071 2659 XV.

1232 2683 1251 2699 c.
1269 2676 1290 2698 7.
1312 2682 1334 2698 n.
1354 2677 1388 2698 12.

1294 2714 1313 2729 ¹³
1329 2715 1384 2743 Cap.
1403 2715 1422 2737 sl.
1441 2721 1462 2737 n.
1480 2716 1501 2737 2.

1293 2751 1312 2767 ¹⁴
1329 2753 1369 2775 Ed.
1389 2753 1396 2774 =l
1419 2753 1481 2775 addit
1497 2752 1619 2782 sapientia.
1636 2765 1668 2770 --
1684 2753 1750 2775 Plura
1767 2754 1809 2776 hac
1826 2753 1855 2775 de
1866 2759 1891 2775 re
1907 2752 1961 2775 vide
1976 2753 2034 2774 infra
2050 2752 2073 2775 d.

1232 2792 1267 2813 32.
1286 2798 1305 2813 a.
1324 2792 1344 2813 ⁵2.
1363 2798 1385 2820 q.
1404 2792 1423 2813 l.

1295 2830 1313 2844 ¹⁵
1330 2830 1384 2852 Dist.
1403 2830 1439 2852 20.
1458 2837 1477 2852 a.
1496 2831 1516 2852 2.
1534 2837 1556 2859 q.
1576 2831 1595 2852 l.
1611 2834 1633 2853 et
1650 2832 1671 2852 2.
1687 2842 1719 2847 —-
1736 2831 1804 2853 Paulo
1821 2831 1877 2852 infra
1894 2830 1959 2853 multi
1970 2830 2041 2854 codd.
2053 2834 2078 2854 ut

1231 2869 1249 2890 A
1259 2868 1335 2890 FGHl
1346 2869 1365 2890 K
1373 2869 1391 2890 T
1399 2869 1455 2890 VW
1466 2869 1486 2890 X
1504 2872 1545 2891 etc.
1562 2869 1630 2898 prius
1647 2870 1697 2891 loco
1712 2869 1788 2899 prior.
