2253 3317
245 168 247 170 “
296 164 397 192 XXVlll
980 162 1159 192 PRAEFATIO
1180 161 1367 190 GENERALIS.

397 256 410 271 u
425 239 551 274 Prima
577 252 714 285 nempe
740 243 797 273 est
822 238 995 274 defectus
1020 239 1262 285 antiquorum
1289 237 1631 285 nomenclatorum,
1665 240 1730 285 qui
1761 252 1956 286 nunquam
1986 239 2042 273 in-

294 304 459 344 tegrum,
493 298 558 333 sed
583 298 823 333 succinctum
849 298 963 333 nimis
997 310 1154 344 operum
1183 296 1217 333 S.
1250 296 1537 332 Bonaventurae
1566 297 1781 332 indiculum
1815 302 2039 343 texuerunt,

295 357 385 391 dum
412 357 449 391 in
477 370 536 403 eo,
563 357 694 402 paucis
721 356 875 390 definite
902 356 1100 402 exhibitis,
1127 355 1238 402 plura
1262 355 1338 390 alia
1363 355 1549 390 duntaxat
1575 355 1874 401 generalioribus
1900 355 2040 402 verbis,

295 429 350 450 ex.
369 428 423 461 gr.
443 418 474 450 et
490 414 601 450 multa
626 414 703 450 alia
718 415 742 461 ¹,
770 415 998 449 indicarunt.
1025 414 1146 450 Nemo
1163 419 1291 449 autem
1316 415 1452 460 nescit,
1472 415 1512 449 in
1530 414 1761 450 affirmandis
1779 414 1840 449 vel
1866 427 2042 461 respuen-

295 474 352 509 dis
387 479 585 509 auctorum
623 473 802 520 operibus
832 474 1036 508 auctoritas
1074 472 1290 520 aequalium
1324 472 1385 507 vel
1423 473 1594 520 proxime
1632 473 1917 508 succedentium
1955 474 2043 508 scri-

294 538 445 579 ptorum
478 532 687 566 maxinmm
725 532 954 567 constituere
980 532 1236 566 extrinsecum
1261 536 1552 578 argumentum,
1581 544 1656 578 quo
1682 532 1897 578 deficiente,
1924 532 1951 566 ii
1978 532 2041 579 qui

295 604 339 626 ex
366 592 571 626 intrinseco
597 595 746 625 tantum
772 596 997 637 argumento
1025 590 1211 637 iudicant,
1238 603 1376 637 nempe
1402 603 1448 625 ex
1486 590 1574 625 stilo
1601 595 1639 625 et
1664 590 1792 637 phrasi
1836 590 2044 626 doctrinae-

295 663 367 697 que
395 663 482 684 eum
507 649 592 684 aliis
618 649 787 684 eiusdem
813 650 977 684 auctoris
1003 649 1193 695 germanis
1220 649 1399 696 operibus
1425 649 1692 696 similitudine,
1720 662 1869 696 semper
1900 649 1977 684 fere
2004 649 2043 683 in

295 709 461 743 diversas
487 708 629 743 abeunt
655 708 910 743 sententias».

398 782 411 800 (ι
426 767 556 802 Altera
574 779 661 802 vero
679 767 978 813 discrepantium
1003 766 1233 801 iudiciorum
1250 767 1345 801 ratio
1362 767 1402 801 in
1421 766 1574 801 defectu
1592 767 1766 802 consistit
1787 767 1908 802 bonae
1933 772 2043 802 notae

296 827 470 861 codicum
497 838 600 871 mss.,
627 825 676 860 ab
702 826 838 861 iisdem
864 826 930 872 qui
957 825 1185 860 sententiam
1203 825 1328 860 dicere
1345 825 1487 860 debent
1508 826 1777 872 inspectorum.
1795 825 2043 872 Manuscripti

296 886 397 920 enim
416 885 580 930 codices,
600 885 764 919 auctoris
782 897 921 919 nomen
939 897 1027 931 prae
1045 896 1083 919 se
1103 883 1283 931 ferentes,
1303 896 1379 931 quo
1397 884 1630 931 antiquiores
1647 889 1736 919 sunt
1759 885 2044 932 proximiusque

293 944 482 979 accedunt
507 944 555 979 ad
580 949 742 978 aetatem
767 944 948 989 auctoris,
977 955 1020 978 eo
1046 943 1197 978 maioris
1223 947 1313 978 sunt
1337 942 1517 989 ponderis
1534 943 1582 977 ad
1608 955 1721 990 opera
1739 943 1862 978 eidem
1881 956 2045 979 asseren-

296 1004 341 1038 da
368 1008 405 1038 et
430 1008 530 1037 recte
556 1002 739 1049 supplent
763 1002 1008 1049 antiquorum
1034 1001 1361 1036 nomenclatorum
1388 1000 1591 1036 defectum.
1623 1001 1948 1049 Quandocumque
1977 1003 2046 1037 ita-

296 1075 382 1111 quq
395 1062 435 1096 hi
461 1066 603 1108 tacent,
630 1062 677 1095 ad
705 1061 812 1096 litem
838 1060 1090 1095 dirimendam
1115 1060 1383 1095 recurrendum
1412 1065 1490 1095 erat
1514 1060 1563 1095 ad
1588 1073 1675 1095 mss.
1705 1061 1881 1096 codicum
1918 1066 2047 1096 aucto-

296 1122 456 1156 ritatem.
485 1121 592 1165 Quod
618 1120 790 1167 profecto
816 1132 939 1167 neque
971 1119 1144 1155 Oudinus
1181 1132 1305 1166 neque
1344 1119 1481 1154 Veneti
1519 1120 1681 1155 editores
1719 1119 1906 1167 fecerunt,
1945 1120 2045 1155 unde

295 1180 388 1227 ipsis
413 1179 584 1214 aberrare
611 1179 769 1214 obvium
794 1179 919 1214 nimis.
949 1178 1231 1214 Consuluerunt
1256 1178 1414 1225 quidem
1438 1183 1624 1225 auctores,
1653 1179 1719 1226 qui
1746 1179 1791 1213 de
1831 1179 1983 1226 scriptis
2009 1183 2046 1213 et

296 1238 544 1285 scriptoribus
571 1237 838 1273 ecclesiasticis
863 1242 999 1284 agunt,
1027 1242 1140 1284 atquc
1167 1238 1281 1272 etiam
1306 1237 1515 1284 catalogos,
1543 1250 1637 1284 quos
1661 1237 1709 1272 ad
1735 1250 1870 1273 manus
1908 1237 2045 1272 habere

295 1303 484 1345 poterant,
513 1297 688 1332 codicum
716 1297 1077 1344 manuscriptorum,
1105 1296 1171 1331 sed
1203 1301 1440 1342 compertum
1470 1300 1542 1342 est,
1582 1301 1659 1331 tam
1685 1296 1725 1331 in
1764 1296 1823 1332 his
1860 1309 1975 1344 quam
2006 1297 2045 1331 in

294 1357 372 1392 illis
399 1369 538 1392 errores
564 1356 705 1391 multos
732 1369 924 1391 occurrere
951 1368 994 1390 ac
1020 1355 1186 1402 plurima
1211 1354 1329 1390 fuisse
1354 1355 1663 1402 praetermissa».

398 1415 549 1460 «Quam
574 1415 623 1450 ob
648 1428 727 1450 rem
754 1414 984 1450 Benedictus
1010 1414 1193 1449 Bonellus
1218 1414 1266 1448 ad
1291 1414 1489 1449 veritatem
1507 1414 1629 1460 magis
1646 1415 1820 1461 accessit,
1840 1427 1927 1449 cum
1946 1414 2047 1450 codi-

296 1487 358 1510 ces
384 1487 471 1509 mss.
499 1487 655 1521 operum
682 1473 716 1509 S.
744 1474 1031 1509 Bonaventurae
1056 1472 1242 1520 plurimos
1266 1473 1597 1520 pervestigaverit,
1626 1485 1787 1520 quorum
1824 1473 2046 1508 auctoritate

296 1533 417 1569 fultus
443 1538 525 1568 tum
551 1533 716 1579 plurima
741 1546 788 1567 ex
813 1533 925 1567 editis
952 1537 1030 1567 tam
1056 1536 1158 1566 certo
1183 1531 1471 1566 Bonaventurae
1496 1532 1670 1578 asseruit,
1690 1536 1732 1566 ut
1750 1544 1960 1579 numquam
1981 1544 2047 1578 po-

297 1597 376 1628 stea
393 1593 433 1627 in
451 1591 611 1627 dubium
637 1592 803 1627 revocari
821 1596 992 1638 possent,
1012 1595 1095 1626 tum
1111 1590 1296 1625 anecdota
1320 1590 1460 1637 reperit
1485 1590 1620 1637 multa,
1649 1590 1789 1637 quibus
1814 1591 1886 1625 tria
1903 1590 2047 1625 laudati

298 1651 563 1699 Supplementi
588 1651 766 1697 implevit
792 1650 987 1697 ediditque
1013 1649 1254 1685 volumina».

391 1709 496 1745 Haec
522 1722 590 1757 pro
617 1710 774 1744 veritate
801 1713 838 1744 et
862 1709 1008 1743 iustitia
1032 1709 1073 1743 in
1099 1708 1269 1743 favorem
1294 1708 1504 1743 sententiae
1522 1707 1563 1742 P.
1583 1707 1733 1742 Bonelli
1752 1707 1914 1742 dicenda
1931 1712 2046 1754 erant,

297 1774 462 1804 attamen
489 1768 775 1804 concedendum
801 1773 872 1814 est,
900 1780 977 1803 non
1003 1779 1151 1814 semper
1183 1766 1361 1802 standum
1387 1779 1466 1802 esse
1499 1767 1641 1801 iudicio
1670 1765 1711 1801 P.
1740 1766 1906 1813 Bonelli,
1934 1767 2046 1801 etiam

298 1828 449 1875 quando
475 1827 571 1862 bene.
597 1826 779 1862 refutavit
803 1830 1029 1873 argumenta
1055 1826 1225 1873 illorum,
1253 1826 1319 1873 qui
1344 1826 1501 1873 aliquod
1527 1838 1622 1872 opus
1648 1838 1725 1861 non
1742 1838 1764 1860 a
1789 1825 1823 1861 S.
1852 1825 2048 1860 Bonaven-

297 1892 380 1922 tura
405 1887 591 1933 scriptum
618 1898 698 1921 esse
723 1890 971 1921 asseruerunt.
999 1884 1097 1920 Nam
1123 1897 1344 1931 progressus
1361 1884 1427 1919 ille
1445 1897 1608 1931 magnus
1625 1885 1665 1919 in
1683 1885 1842 1919 scientia
1859 1884 2048 1931 antiquio-

298 1959 381 1981 rum
407 1950 636 1992 temporum,
666 1945 732 1992 qui
758 1945 829 1979 hac
854 1949 982 1979 nostra
1007 1948 1128 1978 aetate
1154 1943 1279 1979 factus
1305 1948 1378 1990 est,
1406 1956 1505 1978 nova
1529 1943 1651 1978 multa
1676 1943 1715 1977 in
1733 1943 1859 1978 lucem
1884 1943 2047 1989 protulit

299 2005 526 2040 documenta
551 2004 744 2051 historica,
773 2016 869 2050 quae
895 2003 926 2038 si
953 2002 993 2037 P.
1022 2002 1171 2037 Bonelli
1197 2003 1454 2049 cognovisset,
1474 2003 1555 2037 sine
1572 2001 1689 2037 dubio
1714 2002 1754 2036 in
1779 2001 1894 2036 aliam
1916 2002 2047 2036 ivisset

299 2064 535 2099 sententiam.
562 2062 649 2110 Ipse
675 2062 716 2097 P.
742 2062 886 2097 Fidelis
911 2061 1033 2096 multa
1058 2061 1203 2096 detexit
1227 2061 1469 2107 documenta,
1497 2074 1593 2108 quae
1619 2061 1805 2096 iudicium
1828 2060 1869 2095 P.
1896 2060 2045 2096 Bonelli

300 2123 345 2157 de
371 2122 547 2169 pluribus
584 2121 776 2168 operibus,
817 2133 912 2168 quae
950 2121 1117 2167 genuina
1154 2119 1376 2166 declaravit,
1404 2132 1556 2166 prorsus
1588 2124 1764 2154 evertunt
1777 2120 1798 2154 Ξ.
1826 2119 1935 2164 Quod
1964 2120 2045 2166 ipse

300 2181 340 2216 P.
368 2180 510 2216 Fidelis
536 2180 712 2227 pluribus
738 2179 924 2226 exemplis
949 2178 1086 2226 probat
1099 2178 1120 2213 ³.

393 2239 452 2275 Ita
477 2239 661 2287 Expositio
686 2239 724 2274 in
750 2238 984 2283 Psalterium‚
1009 2250 1121 2284 supra
1154 2237 1193 2271 in
1229 2237 1403 2283 catalogo
1428 2236 1500 2272 sub
1526 2236 1570 2272 N.
1598 2237 1618 2271 3
1644 2237 1783 2283 posita,
1810 2249 1832 2271 a
1857 2236 1947 2272 solis
1974 2236 2046 2271 Ve-

299 2299 398 2334 netis
423 2298 631 2333 editoribus
657 2298 785 2344 spuria
811 2297 1016 2342 declarata,
1042 2295 1091 2330 ab
1118 2295 1284 2341 Oudino,
1312 2294 1489 2331 Sbaralea
1514 2300 1551 2330 et
1577 2295 1727 2330 Bonelli
1752 2299 1897 2330 certum
1918 2295 1953 2331 S.
1972 2295 2046 2331 Do-

396 2500 402 2514 ¹
421 2500 459 2522 llis
471 2503 493 2522 et
509 2499 630 2527 similibus,
649 2505 732 2527 nempe
753 2499 774 2521 et
791 2497 872 2521 multa
889 2497 950 2525 alm,
968 2499 990 2521 et
1005 2497 1067 2525 αἰίιι,
1086 2498 1107 2520 et
1124 2503 1197 2527 quam
1212 2496 1319 2526 plurima
1336 2496 1399 2524 alia,
1418 2498 1440 2519 el
1456 2496 1504 2519 alia
1520 2495 1594 2526 plura
1611 2500 1661 2525 etc„
1684 2497 1811 2520 indiculum
1837 2503 1934 2525 operum
1959 2497 1981 2519 S.
2005 2496 2047 2519 Bo-

302 2546 442 2565 navcnturae
461 2542 569 2565 claudunt
587 2542 697 2564 Martinus
713 2542 837 2564 Monachus
854 2540 985 2569 Fuldensis,
1012 2540 1142 2563 Salimbene
1164 2540 1308 2567 Parmensis,
1334 2540 1522 2562 Bartholomaeus
1547 2540 1656 2568 Pisanus,
1683 2540 1777 2562 loannes
1795 2540 1894 2569 Gerson,
1917 2546 2047 2568 anonymus

301 2586 497 2613 Stronconiensis,
514 2585 610 2608 lacobus
627 2585 694 2607 Oddo
711 2585 848 2612 Perusinus,
871 2584 997 2606 Gulielmus
1021 2583 1201 2611 Eisengreinius,
1226 2583 1337 2605 Antonius
1362 2582 1512 2611 Eugubinus,
1538 2582 1677 2605 Octavianus
1702 2583 1731 2605 de
1757 2583 1868 2611 Mai-linis,
1886 2583 2001 2606 Robertus
2019 2583 2046 2605 de

302 2629 373 2656 Licio,
390 2629 516 2651 Gulielnius
533 2629 700 2656 Vorrilongus,
718 2628 850 2650 liudovicus
870 2627 997 2655 Prutenus,
1016 2627 1111 2649 loannes
1128 2626 1264 2648 Franciscus
1281 2625 1309 2648 de
1327 2626 1429 2653 Pavinis,
1448 2626 1541 2648 loannes
1567 2626 1719 2654 Trithemius,
1737 2626 1868 2649 Ludovicus
1891 2627 2045 2652 manatensis,

301 2671 434 2694 franciscus
450 2672 567 2699 Gonzaga,
586 2672 702 2693 Mauritius
719 2671 833 2698 Bressius,
852 2671 965 2692 Marianus
981 2670 1124 2692 Florentinus
1140 2672 1183 2691 etc.

394 2714 404 2728 ²
424 2723 434 2734 α
452 2714 502 2742 lpse
519 2715 579 2737 enini
597 2714 681 2737 Bonelli
699 2714 849 2742 paucissimas
862 2713 935 2735 ltaliae
947 2716 1034 2735 tantum
1060 2712 1209 2734 bibliothecas
1227 2711 1380 2740 perlustravit.
1398 2711 1508 2733 plurimas
1528 2711 1622 2740 quidem
1635 2712 1767 2739 perlustrari
1785 2712 1860 2734 recita
1873 2711 1965 2734 duobus
1979 2712 2047 2734 sociis

302 2758 341 2779 ΡΡ.
359 2757 482 2780 Theodoro
499 2757 528 2779 dc
545 2758 640 2780 Gax'atio
656 2761 678 2780 et
696 2757 798 2779 Floriano
815 2756 845 2778 de
862 2756 987 2784 'rridenlm
1004 2755 1046 2778 scd
1063 2756 1148 2783 paritet·
1164 2755 1186 2776 in
1205 2755 1263 2776 ltalia
1282 2757 1376 2776 tantum.
1395 2755 1420 2776 Et
1437 2757 1554 2782 practerea
1572 2755 1613 2782 ipsi
1636 2756 1725 2777 nonnisi
1737 2761 1796 2784 quae
1814 2755 1910 2783 catalogi
1927 2754 2047 2777 bibliothe-

302 2806 381 2822 carum
399 2801 420 2822 S.
439 2800 611 2822 Bonarenturae
628 2799 759 2822 trIbuebant
776 2799 930 2827 manuscripta
948 2805 1019 2827 opera
1036 2799 1190 2826 inspexerunt.
1208 2797 1289 2819 Multae
1301 2803 1357 2819 vero
1368 2799 1421 2819 sunt
1437 2796 1588 2819 bibliothecae
1606 2798 1707 2826 halicae,
1721 2804 1779 2826 quus
1791 2798 1819 2820 illi
1833 2804 1876 2819 non
1889 2797 2007 2825 adierunt,
2026 2799 2045 2819 et

302 2843 374 2865 nullas
400 2844 490 2871 penitus
515 2846 576 2865 extra
603 2843 687 2865 ltaliam
714 2843 890 2871 perquisierunt.
917 2842 984 2864 Recte
1002 2842 1071 2869 igitur
1088 2840 1177 2863 monuit
1193 2840 1216 2862 P.
1234 2840 1326 2867 Bonelli,
1344 2839 1492 2862 bibliothecas
1509 2841 1557 2862 sore
1579 2840 1750 2868 perlustrandas
1767 2840 1796 2862 ad
1818 2845 1902 2862 novam
1924 2839 2046 2862 editionem

302 2886 418 2908 anecdotis
436 2885 627 2914 locupletandam.

393 2928 403 2943 3
421 2929 499 2957 Ratio,
518 2935 540 2957 p.
559 2929 580 2950 ll.
599 2935 652 2957 pag.
674 2928 714 2950 107
732 2934 780 2957 seq.
