2253 3317
44 756 85 774 Alia
98 755 153 781 dece-

89 781 135 802 ptio.

21 851 62 871 Solu
71 856 83 877 q
88 850 140 877 Prae
147 860 155 864 -

44 876 127 899 positivi.

22 1417 62 1436 Non
71 1417 146 1435 omnino

44 1440 141 1464 probatur.

22 1651 70 1670 Vera
75 1651 149 1670 solutio.

897 115 980 143 DIST.
1002 115 1044 144 IV.
1066 114 1172 143 DUBIA.

161 199 208 225 tur
229 196 322 224 media
343 195 443 232 copula
464 203 513 222 ens
534 194 579 222 vel
600 194 677 231 qnocl
697 197 739 221 est
767 201 818 221 ens
832 193 850 220 ¹.
882 193 913 221 Et
942 200 1007 229 quo-

160 243 236 270 niam
257 242 310 270 hoc
330 241 405 278 quod
427 243 469 269 est
488 249 537 268 ens
560 240 618 268 sive
640 240 715 277 quod
737 242 779 268 est
800 240 894 267 Pater
916 241 1007 275 potest

161 288 248 317 teneri
270 287 463 324 implicatiue;
485 290 512 315 et
534 287 572 315 sic
587 287 766 323 restringitur
783 288 810 314 et
825 288 900 314 tenet
914 286 1007 313 locum

160 334 332 371 appositivae
347 333 564 362 constructionis
585 336 613 361 et
633 333 790 369 aequivalet
805 332 853 360 uni
869 332 1005 360 termino:

160 381 222 409 ideo
243 380 361 413 dicitur,
382 380 458 416 quod
472 382 563 416 potest
577 379 665 408 teneri
687 379 745 408 sive
765 378 889 407 construi
912 378 1008 406 imme-

160 428 255 460 Μαῖα
276 429 304 455 et
325 427 363 455 sic
385 427 463 454 Dens
484 426 575 454 Pater
596 434 651 454 non
673 428 714 454 est
740 426 818 454 aliud
839 433 925 462 quam
946 425 1006 462 ipse

160 473 247 501 Pater.
269 472 318 502 Vel
340 473 433 509 ipsum
454 472 605 502 relativum
626 474 717 508 potest
738 471 855 508 intelligi
877 471 1006 505 relative,

159 522 187 548 et
207 519 245 547 ita
266 519 293 547 in
315 519 438 555 quadam
459 518 590 547 distantia
601 529 608 552 3
623 522 650 546 et
664 521 731 547 tunc
745 526 800 546 non
815 517 1007 554 restringitur,

158 569 186 595 et
207 573 306 594 sensus
327 568 386 594 est:
415 565 493 593 Dens
518 565 627 598 Pater,
656 565 684 593 id
712 568 755 593 est
782 565 870 597 Deus,
895 565 943 601 qui
965 566 1008 592 est

157 613 252 646 Pater;
273 612 348 649 quod
363 614 472 640 tantum
487 612 560 640 valet
574 612 721 644 estDetts,
744 614 771 640 et
792 611 838 639 ille
860 614 903 639 est
917 611 1006 639 Pater.

239 659 308 687 Haec
329 661 424 687 autem
445 658 546 687 solutio
566 658 689 694 Magistri
711 657 793 686 solvit
811 657 947 694 quidem²
968 664 1009 685 so-

159 705 270 743 phisma
290 708 428 742 quantum
449 705 485 733 ad
506 713 593 733 unam
614 705 824 742 deceptionem,
847 707 874 732 et
889 704 951 732 ideo
966 706 1008 732 est

160 752 241 781 hona.
263 752 316 780 Sed
338 759 439 780 rursus
461 751 535 780 cadit
555 751 594 780 ibi
613 751 668 779 alia
683 751 809 787 deceptio
824 751 859 779 de
874 750 1007 783 relativo,

162 801 190 827 et
210 798 273 826 ideo
294 797 388 826 adhuc
408 800 517 834 oportet
539 797 657 831 solvere,
679 805 735 825 non
756 796 792 825 ad
814 796 892 824 illam
910 796 1008 832 decep-

162 844 281 878 tionem,
303 844 353 873 sed
373 844 409 872 ad
433 844 525 872 aliam.
541 844 605 872 Ideo
621 843 827 880 Praepositivus
839 842 848 855 ³
872 842 954 871 solvit
972 842 1007 870 ad

160 891 213 920 1100
240 893 441 928 argumentum
473 891 527 919 alio
555 890 653 919 modo:
687 898 753 927 ergo
774 890 864 918 Deum
896 889 944 926 qui
966 891 1008 917 est

160 937 255 972 Pater,
275 937 320 966 vel
342 937 390 974 qui
411 945 466 965 non
487 939 529 965 est
550 937 649 971 Pater,
675 939 701 965 et
734 936 815 971 dicit,
847 936 923 973 quod
952 943 1007 964 non

160 984 301 1021 sequitur,
324 992 375 1012 nec
388 983 397 998 ‘¹
419 986 484 1012 sunt
504 983 753 1017 contradictoriae,
772 983 839 1019 quia
853 982 1008 1019 suppositio

159 1030 245 1059 huius
273 1030 384 1059 relativi
411 1038 466 1059 non
488 1032 530 1059 est
555 1030 662 1058 eadem.
692 1029 721 1057 ln
742 1029 911 1057 affirmativa
932 1028 1007 1057 enim

158 1077 292 1114 supponit
312 1085 364 1114 pro
391 1077 449 1105 Deo
480 1076 588 1113 genito,
620 1076 687 1113 quia
707 1084 763 1104 non
784 1075 1006 1109 conl'unditur⁵;

158 1124 187 1152 in
207 1123 336 1161 negativa
365 1131 431 1152 vero
460 1123 633 1160 simpliciter.
663 1123 740 1151 Unde
767 1122 840 1151 sicut
872 1122 924 1150 hae
951 1130 1008 1150 non

158 1170 368 1204 contradicunt,
390 1170 439 1199 sed
460 1170 560 1198 ambae
581 1172 647 1198 sunt
671 1169 771 1197 falsae:
798 1169 898 1197 Nullus
924 1168 1008 1196 homo

158 1219 200 1245 est
220 1217 334 1251 Petrus,
362 1216 477 1245 Ioannes
498 1219 540 1245 est
561 1216 674 1250 Petrus,
697 1215 735 1244 ita
755 1215 822 1244 dicit
850 1215 878 1243 in
909 1223 1009 1252 propo-

158 1263 226 1298 sito,
247 1263 314 1300 quia
334 1263 444 1300 negatio
460 1262 617 1292 confundit.
639 1262 716 1291 Unde
732 1262 800 1291 istae
815 1262 888 1290 duae
909 1262 1008 1290 ambae

159 1312 225 1338 sunt
255 1310 355 1338 falsae:
388 1309 464 1338 Deus
495 1309 580 1338 Filius
602 1311 644 1337 est
665 1309 761 1343 Pater,
790 1308 866 1337 Deus
887 1316 943 1336 non
966 1311 1008 1336 est

159 1356 250 1385 Pater.
264 1373 303 1377 —-
317 1356 370 1385 Sed
390 1356 455 1385 licet
476 1356 578 1385 solutio
599 1355 780 1393 Praepositivi
795 1355 888 1384 locum
907 1355 1009 1383 habeat

159 1402 188 1431 in
201 1403 361 1440 proposito,
381 1403 448 1440 quia
468 1411 523 1431 non
544 1403 639 1431 differt
660 1410 833 1439 praeponere
849 1404 877 1430 et
898 1405 1008 1439 postpo-

158 1457 226 1479 nere
247 1450 424 1487 negationem
446 1450 513 1478 111110
532 1449 653 1478 1θ110100
667 1449 761 1483 Dens,
782 1451 876 1478 tamen
898 1449 926 1477 in
946 1443 1009 1477 aliis

159 1504 215 1525 non
236 1496 321 1525 habet
342 1496 444 1525 locum.
465 1496 578 1533 Negatlo
600 1496 675 1525 enim
704 1496 858 1533 postposita
890 1495 1008 1524 relativo

159 1543 254 1580 ipsum
275 1551 330 1571 non
351 1542 504 1572 confundit.

240 1590 271 1617 Et
292 1589 355 1618 ideo
386 1589 514 1618 moderni
541 1589 622 1618 aliter
650 1589 763 1618 solvunt
794 1588 1008 1625 distinguendo,

159 1636 235 1673 quod
248 1636 257 1649 ⁶
279 1636 332 1665 hoc
353 1636 504 1665 relativum
528 1636 580 1674 qui
606 1638 697 1673 potest
728 1636 819 1665 facere
840 1635 1008 1664 >relationem

159 1683 321 1720 simplicem
348 1683 393 1712 vel
410 1682 605 1720 personalem.
626 1682 653 1710 Si
679 1682 857 1719 simplicem,
889 1681 1009 1710 affirma-

160 1729 218 1758 tiva
239 1738 306 1758 vera
327 1732 384 1764 est,
405 1730 533 1766 negativa
554 1730 640 1764 falsa3
656 1729 677 1758 si
690 1729 893 1766 personalem,
915 1736 930 1757 e
946 1736 1007 1757 con-

160 1784 243 1805 verso
264 1776 392 1813 negativa
413 1784 496 1810 vera,
518 1776 686 1804 affirmativa
706 1775 784 1804 falsa.
807 1775 887 1812 Quod
916 1777 1008 1812 patet,

160 1823 226 1860 quia
246 1823 315 1852 haec
336 1826 378 1852 est
397 1823 481 1851 falsa:
498 1831 618 1860 persona
643 1822 701 1851 Filii
726 1826 768 1851 est
786 1822 882 1856 Pater,
897 1824 924 1850 et
939 1822 1008 1850 haec

159 1873 202 1899 est
221 1878 300 1899 vera:
330 1878 473 1907 «persona
494 1870 552 1898 Filii
574 1878 629 1897 non
651 1872 693 1898 est
713 1869 793 1897 Pater
805 1870 855 1896 ⁷».

1418 192 1486 220 Due.
1508 179 1551 220 IV.

1142 285 1210 313 Item
1231 284 1378 320 quaeritur
1399 284 1433 312 de
1456 284 1507 313 hoc
1529 285 1604 321 quod
1626 284 1707 318 dicit,
1729 283 1805 320 quod
1830 292 1911 311 unns

1065 332 1142 359 Dens
1163 334 1204 359 est
1227 334 1284 358 tres
1314 339 1464 367 personae.
1493 331 1546 359 Sed
1576 333 1686 359 contra:
1709 331 1911 366 Quaecumque

1062 377 1264 414 praedicantur
1286 377 1320 405 de
1342 385 1399 405 uno
1420 379 1446 405 et
1467 376 1582 410 eodem,
1603 376 1804 413 praedicantur
1824 375 1859 404 de
1880 382 1911 403 se

1063 424 1198 452 invicem:
1231 431 1299 460 ergo
1331 423 1353 451 si
1385 431 1460 451 unus
1491 423 1566 451 Deus
1597 426 1639 451 est
1660 423 1739 451 Pater
1762 424 1789 450 et
1810 421 1911 450 Filius:

1063 478 1130 507 ergo
1150 470 1232 498 Pater
1253 472 1295 498 est
1315 469 1408 497 Filius.
1425 469 1459 497 Si
1474 472 1504 497 tn
1525 469 1625 502 ilicem,
1647 469 1723 505 quod
1740 476 1840 497 verum
1861 470 1913 502 θεῖ,

1063 517 1176 554 quando
1200 516 1399 553 praedicantur
1421 515 1455 544 de
1476 523 1533 544 uno
1555 515 1704 552 singulari,
1720 515 1770 543 sed
1793 523 1849 543 non
1870 517 1913 543 est

1064 571 1180 598 verum,
1211 563 1325 600 quando
1356 562 1556 599 praedicantur
1587 562 1622 590 de
1652 570 1708 589 uno
1745 561 1909 595 communi;

1063 614 1183 638 contra:
1216 610 1285 638 nihil
1306 609 1455 638 subiicitur
1476 609 1588 637 duobus
1610 609 1638 636 in
1659 609 1763 637 unica⁸
1785 608 1913 645 supposi—

1066 657 1154 691 tione,
1176 656 1306 693 quamvis
1328 656 1363 684 sit
1382 663 1531 684 commune
1553 655 1589 683 ad
1610 655 1665 683 illa.
1682 655 1758 684 Unde
1780 655 1849 683 haec
1869 657 1911 683 est

1065 703 1149 732 falsa:
1171 704 1255 732 homo
1276 705 1318 731 est
1339 702 1465 730 Socrates
1487 705 1514 730 et
1536 701 1625 729 Plato:
1648 709 1715 737 ergo
1735 701 1863 730 similiter
1885 701 1913 729 in

1064 750 1215 787 proposito.

1144 798 1321 826 RESPONnEo:
1353 796 1525 830 Dicendum,
1556 795 1647 833 quod,
1674 795 1746 824 sicut
1767 799 1857 833 patet,
1880 796 1914 824 de

1064 844 1255 880 suppositione
1277 844 1362 872 huius
1384 843 1504 871 nominis
1525 843 1603 871 Dctts
1618 850 1699 871 secus
1714 845 1755 871 est
1777 850 1863 879 quam
1879 842 1913 871 de

1064 890 1254 927 suppositione
1283 889 1403 919 alicuius
1434 889 1551 918 alterius
1583 889 1703 918 termini.
1725 889 1796 925 Quia.
1817 888 1914 917 enim⁹

1063 937 1148 966 habet
1162 939 1294 965 naturam
1307 936 1420 965 termini
1435 936 1592 965 communis
1607 938 1634 964 et
1645 935 1774 970 discreti,
1796 935 1859 963 ideo
1882 935 1916 963 si-

1063 984 1123 1012 mul
1138 986 1192 1012 stat
1206 991 1257 1020 pro
1278 983 1419 1020 pluribus,
1434 983 1506 1012 sicut
1520 991 1572 1020 pro
1594 990 1664 1011 uno:
1681 985 1708 1011 et
1729 982 1792 1010 ideo
1805 989 1860 1009 non
1876 989 1917 1009 se-

1063 1030 1174 1067 quitur:
1196 1030 1271 1058 Deus
1286 1032 1328 1058 est
1341 1029 1421 1058 Pater
1436 1032 1464 1058 et
1478 1029 1577 1057 Filius:
1597 1037 1664 1065 ergo
1679 1028 1755 1057 Deus
1770 1028 1849 1056 Pater
1874 1030 1917 1056 est

1064 1077 1163 1110 Filius⁷
1179 1076 1224 1105 vel
1239 1084 1254 1105 e
1269 1084 1404 1105 converso
1416 1076 1446 1103 ¹⁰.
1461 1075 1593 1104 Similiter
1608 1083 1659 1104 nec
1674 1075 1738 1103 licet
1753 1074 1856 1103 inferre
1877 1081 1914 1102 ex

1065 1124 1132 1158 hoc,
1154 1123 1231 1160 quod
1246 1123 1325 1152 Pater
1348 1123 1383 1152 sit
1403 1123 1496 1151 Filius.
1521 1123 1551 1151 Et
1570 1122 1738 1156 notandum,
1761 1121 1837 1158 quod
1852 1121 1915 1149 talis

1064 1170 1236 1207 praedicatio
1258 1173 1299 1199 est
1320 1178 1370 1207 per
1392 1170 1566 1198 identitatem
1579 1169 1616 1197 ιι;
1646 1169 1709 1197 ideo
1737 1168 1916 1205 suppositum

1065 1218 1100 1246 de
1121 1217 1241 1246 termino
1262 1217 1373 1245 formali
1395 1224 1461 1245 vere
1482 1216 1671 1253 praedicatur.

1432 1310 1500 1338 DUB.
1523 1311 1553 1339 V.

1144 1403 1212 1431 Item
1244 1403 1391 1440 quaeritur
1424 1403 1458 1432 de
1486 1403 1539 1431 hoc
1560 1402 1636 1439 quod
1671 1402 1801 1438 Magister
1832 1401 1915 1430 dicit:

1071 1450 1167 1478 Unum
1187 1449 1282 1478 solnm
1303 1450 1397 1478 Deam
1418 1458 1520 1477 veram
1545 1457 1604 1477 csse
1632 1448 1823 1481 Trinitatem;
1845 1448 1913 1485 quia

1064 1496 1176 1525 videtur
1198 1504 1259 1525 esse
1280 1499 1377 1524 contra
1391 1496 1463 1524 illud
1485 1495 1561 1533 quod
1578 1495 1644 1524 dicit
1661 1494 1777 1523 inferius
1789 1494 1822 1529 ¹²,
1845 1494 1915 1522 scili-

1064 1545 1108 1571 cet
1128 1543 1203 1579 quod
1225 1542 1346 1570 trinitas
1374 1545 1416 1571 est
1446 1550 1548 1570 nomen
1582 1541 1769 1575 collectivum,
1790 1548 1869 1568 unus
1889 1543 1916 1568 et

1063 1589 1143 1617 solas
1173 1596 1273 1617 nomen
1295 1589 1461 1626 partitivum
1482 1592 1509 1617 et
1532 1588 1730 1617 discretivum:
1754 1595 1821 1624 ergo
1843 1587 1916 1615 sicut

1064 1636 1133 1665 haec
1153 1639 1195 1664 est
1216 1636 1299 1664 falsa:
1322 1643 1397 1664 unus
1429 1636 1506 1664 solus
1531 1635 1616 1663 1101110
1639 1637 1681 1663 θεῖ
1701 1634 1791 1662 010015
1813 1634 1914 1667 homo,

1065 1683 1103 1711 ita
1124 1685 1150 1711 et
1172 1683 1249 1711 haec.

1144 1729 1320 1758 RESPONDEO:
1341 1729 1513 1763 Dicendum,
1536 1728 1611 1765 quod
1631 1728 1683 1756 hoc
1708 1734 1810 1755 nomen
1832 1726 1914 1754 trini-

1064 1779 1109 1804 tas
1140 1779 1182 1804 est
1192 1775 1211 1790 ¹³
1230 1776 1408 1804 collectivum
1436 1782 1638 1812 personarum;
1660 1782 1739 1802 anus
1767 1776 1862 1801 autem
1884 1775 1912 1800 et

1063 1822 1160 1856 solas,
1180 1822 1276 1850 addita
1290 1822 1357 1850 huic
1372 1822 1491 1851 termino
1512 1822 1600 1855 Dens,
1616 1828 1671 1849 non
1693 1820 1789 1849 dicunt
1811 1819 1915 1848 discre-

1064 1869 1168 1897 tionem
1189 1876 1344 1906 personae,
1366 1869 1415 1897 sed
1447 1871 1564 1897 naturae
1585 1868 1621 1897 ab
1642 1867 1712 1896 aliis.
1733 1866 1810 1895 Unde
1837 1872 1913 1893 unus

222 2016 229 2030 ¹
248 2016 298 2039 Ens
315 2016 408 2038 videtur
424 2017 461 2039 hic
478 2022 528 2039 esse
545 2017 691 2044 superfluum
712 2017 772 2039 iuxta
795 2017 867 2039 verba
891 2017 1008 2039 Prisciani.

158 2067 190 2071 —
206 2056 256 2078 Mox
273 2062 300 2078 ex
317 2055 385 2078 codd.
404 2056 444 2077 FT
462 2058 505 2078 etc.
523 2056 657 2078 addidimus
673 2056 709 2078 Et.
735 2056 805 2078 Paulo
828 2059 881 2083 post
906 2056 1007 2078 nonnulli

159 2094 226 2117 codd.
245 2098 270 2117 ut
286 2095 366 2123 lllPQ
383 2101 437 2117 cum
454 2094 490 2117 ed.
513 2095 517 2116 1
541 2096 563 2117 ct
579 2096 635 2117 lanc
653 2095 703 2117 loco
720 2096 741 2117 el
757 2094 798 2118 sic.

220 2134 230 2148 ²
247 2134 413 2156 substituimus
430 2134 476 2156 fide
493 2134 619 2156 multorum
636 2134 703 2156 codd.
723 2136 747 2156 ut
764 2134 944 2156 AFGHIRST
962 2137 1005 2156 etc.

157 2174 180 2195 et
195 2172 232 2195 ed.
254 2173 259 2194 1
281 2172 374 2202 quidem
392 2173 441 2195 loco
458 2172 578 2202 quoddam
590 2181 599 2200 ,·
617 2173 683 2195 lectio
701 2175 761 2195 certe
778 2174 866 2195 melior.

220 2211 230 2226 ³
247 2212 341 2234 Natione
352 2212 433 2239 ltalus,
446 2211 475 2233 ab
488 2218 524 2234 an.
537 2212 596 2233 '1206
609 2211 761 2234 Cancellarius
774 2212 931 2235 Universitatis
947 2213 1008 2235 Pari-

158 2251 239 2272 siensis
250 2268 254 2278 ,
273 2251 364 2278 scripsit
376 2251 497 2272 Summam
509 2251 661 2278 theologicam
674 2257 700 2273 ex
712 2250 778 2273 (110115
790 2251 828 2272 SS.
843 2251 946 2278 Patrum⁷
959 2257 971 2272 0
984 2251 1006 2272 S.

158 2289 244 2311 Bonav.
262 2291 284 2310 et
301 2289 323 2310 S.
342 2289 425 2310 Thom.
444 2295 488 2310 non
507 2294 558 2310 1010
576 2289 696 2316 allegatam
714 2292 736 2311 et
752 2289 828 2311 adhuc
840 2289 956 2311 ineditam.
974 2289 1007 2311 De

158 2327 309 2350 Sei-monibus
317 2327 421 2349 ciusdem
430 2328 470 2349 cfr.
480 2328 554 2355 Lecoy
562 2345 567 2355 ,
577 2327 607 2349 La
617 2328 693 2349 chaire
704 2328 720 2349 F
722 2328 824 2356 rancaise
830 2334 858 2349 au
868 2334 951 2355 moyen
964 2327 1007 2355 age

158 2372 180 2394 p.
199 2366 235 2388 80.
252 2378 284 2382 —
301 2366 350 2388 Mox
367 2366 418 2388 Vat.
436 2369 515 2388 contra
527 2372 581 2388 mss.
598 2369 621 2388 et.
638 2372 676 2388 sex
688 2358 845 2394 primas-edd.
863 2367 945 2388 omittit
966 2366 1006 2389 ad.

158 2404 227 2427 Paulo
240 2406 292 2432 post
302 2404 370 2426 codd.
383 2410 439 2434 erqo
451 2404 526 2432 Deus,
541 2404 582 2426 sed
594 2405 671 2426 minus
688 2405 805 2426 0001011110
818 2405 886 2427 textui
898 2405 1005 2434 Mag-istri.

222 2442 231 2457 ‘¹
250 2443 300 2466 Vat.
319 2446 409 2471 praeter
427 2443 496 2465 fidem
519 2449 574 2465 mss.
592 2446 614 2465 et
638 2443 691 2465 edd.
713 2444 735 2471 l,
755 2444 778 2470 2,
798 2443 810 2465 3
829 2444 851 2466 et
874 2443 937 2472 quod
957 2449 1006 2465 non

159 2488 202 2510 pro
218 2488 267 2505 nec.
287 2482 335 2504 111οΧ
353 2482 404 2504 cod.
422 2482 438 2503 Z
455 2481 638 2505 contradictorie
654 2481 760 2511 opposita
777 2482 827 2504 1000
848 2481 1005 2505 contradicto-

158 2520 216 2543 riae.
235 2521 303 2543 Paulo
321 2521 378 2542 intra
397 2524 449 2549 post
464 2520 559 2544 relativi
574 2521 673 2548 supple:
691 2522 738 2549 qui.
755 2533 787 2537 —
808 2521 857 2543 Mox
875 2521 942 2543 codd.
962 2521 978 2542 O
989 2522 1004 2542 Z

159 2562 211 2588 post
229 2559 309 2582 cadem
327 2560 381 2582 satis
397 2559 457 2582 bene
474 2560 562 2582 addunt
577 2559 602 2582 in
620 2559 768 2589 affirmativa
784 2561 805 2583 et
816 2559 939 2589 neqatira,
952 2567 1004 2588 sup-

161 2599 214 2627 ple:
233 2600 397 2626 propositione.

221 2638 231 2652 ⁵
248 2638 295 2660 Hoc
313 2640 358 2665 cst,
377 2644 421 2659 non
439 2639 550 2666 supponit
574 2639 668 2661 confuse
690 2641 712 2660 et
737 2638 935 2661 indiscriminatim
961 2644 1003 2666 pro

160 2676 234 2699 tribus
251 2677 371 2704 personis,
398 2676 438 2698 sed
460 2676 609 2699 determinate
634 2677 708 2699 solum
727 2683 769 2705 pro
787 2683 885 2704 persona
908 2677 969 2704 Filii;
991 2683 1003 2699 0

159 2718 237 2737 000110
255 2716 276 2737 111
294 2716 400 2743 negativa
419 2716 529 2743 supponit
545 2716 677 2743 simpliciter
694 2717 708 2737 i.
721 2722 740 2738 e.
761 2716 959 2738 indiscriminatim
981 2719 1004 2737 et

160 2754 253 2776 contuse
271 2760 313 2781 pro
332 2754 436 2781 personis
453 2757 475 2775 et
491 2754 559 2775 etiam
577 2760 619 2781 pro
636 2755 740 2777 essentia.
753 2754 797 2777 Csr.
816 2755 851 2776 liic
869 2761 890 2783 (1.
909 2754 929 2776 4.
948 2755 1003 2776 llinc

160 2795 227 2819 patet,
240 2792 296 2820 quid
308 2792 350 2814 51111
363 2792 417 2814 velit
428 2792 497 2819 paulo
509 2792 566 2813 infra
577 2791 670 2820 neqatio
683 2791 805 2820 confundit
817 2792 893 2815 (codd.
906 2792 1002 2821 confan-

159 2830 245 2859 dilitr),
263 2832 310 2853 scil.
329 2832 418 2859 negatio
435 2831 515 2859 eflicit⁷
534 2834 559 2853 ut
575 2831 696 2852 relativum
714 2831 755 2860 qni
776 2838 908 2859 supponere
932 2832 1004 2859 possit

160 2873 204 2892 tam
224 2876 265 2898 pro
283 2870 356 2892 tribus
373 2871 478 2898 personis
495 2876 564 2898 quam
582 2876 625 2897 pro
637 2871 741 2892 essentia.

285 2916 308 2939 S.
326 2916 413 2939 Bonae.
431 2928 462 2932 —
480 2916 545 2938 Το01.
565 2917 579 2938 l.

1126 2016 1136 2031 ⁶
1154 2017 1217 2045 Vat.‚
1235 2017 1392 2040 obnitentibus
1409 2024 1464 2040 mss.
1482 2021 1505 2040 01
1521 2017 1557 2040 ed.
1580 2018 1602 2045 1,
1620 2018 1697 2039 minus
1714 2018 1767 2044 apte
1784 2017 1913 2044 transponit

1065 2055 1128 2085 quod
1147 2058 1199 2083 post
1218 2056 1340 2078 relativum
1358 2057 1405 2086 qai.
1419 2057 1488 2079 Paulo
1500 2060 1553 2084 post
1564 2057 1642 2084 plures
1654 2055 1722 2078 codd.
1740 2055 1913 2078 distinctionem

1064 2100 1107 2122 pro
1130 2094 1269 2118 relationem
1277 2104 1286 2123 ,·
1303 2095 1339 2117 ed.
1361 2096 1366 2117 l
1388 2102 1445 2118 vero
1462 2094 1633 2118 distinctionem
1650 2094 1686 2117 ccl
1708 2093 1853 2117 relationem.
1869 2094 1913 2116 *Re-

1064 2135 1175 2156 tinuimus
1192 2134 1344 2162 relationem,
1364 2137 1444 2162 utpote
1461 2134 1525 2163 quod
1542 2140 1612 2162 supra
1630 2134 1696 2156 dictis
1713 2140 1735 2162 (1.
1765 2134 1783 2155 l.
1808 2134 1830 2154 in
1848 2139 1912 2161 corp.

1064 2175 1139 2201 magis
1156 2174 1328 2202 correspondet.
1347 2173 1434 2196 Ibidem
1452 2177 1474 2196 et
1491 2173 1573 2196 divisio
1585 2173 1700 2196 relationis
1716 2173 1738 2194 in
1750 2171 1880 2201 simplicem
1892 2174 1913 2194 et

1060 2212 1214 2241 personalem
1231 2214 1337 2235 occurrit.

1126 2253 1136 2267 ⁷
1153 2252 1186 2274 De
1203 2253 1315 2275 solutione
1333 2253 1401 2274 huius
1418 2252 1483 2274 dubii
1500 2252 1554 2274 vide
1573 2252 1633 2274 Alex.
1646 2252 1702 2279 Hal.7
1721 2252 1742 2273 S.
1761 2257 1783 2278 p.
1801 2250 1815 2272 I.
1834 2257 1856 2279 (1.
1875 2250 1912 2271 50.

1064 2298 1094 2314 m.
1113 2292 1133 2314 3.
1152 2298 1171 2314 a.
1190 2292 1211 2313 2.
1229 2291 1242 2320 g
1269 2291 1288 2313 4.
1306 2303 1338 2307 -
1355 2291 1376 2313 S.
1396 2291 1490 2318 Tuom,
1509 2292 1545 2313 1110
1563 2289 1624 2319 qsri.
1647 2298 1667 2313 0.
1692 2291 1712 2312 3.
1730 2290 1759 2312 ad
1778 2289 1798 2312 4.
1816 2292 1839 2311 01
1856 2289 1878 2311 S.
1896 2289 1912 2310 I.

1063 2337 1085 2359 (1.
1104 2331 1140 2352 39.
1159 2336 1178 2352 a.
1197 2329 1217 2351 lt.
1236 2330 1265 2352 ad
1283 2330 1303 2351 5.
1321 2342 1352 2345 —
1368 2330 1427 2357 Bicl⁷
1446 2330 1482 2352 hie
1499 2336 1521 2358 (1.
1541 2330 1561 2351 Ἰ1.

1126 2368 1136 2383 ⁸
1153 2369 1204 2390 Vat.
1222 2372 1313 2396 praeter
1329 2368 1399 2390 fidem
1417 2374 1471 2390 mss.
1490 2371 1512 2390 et
1528 2368 1564 2390 ed.
1587 2369 1592 2389 1
1614 2374 1671 2391 una.

1126 2407 1135 2422 ⁹
1152 2408 1203 2429 Vat.
1222 2410 1300 2429 contra
1317 2407 1385 2429 codd.
1403 2410 1425 2429 et
1442 2407 1495 2429 cdd.
1515 2407 1522 2428 1
1537 2425 1542 2435 ,
1561 2407 1587 2434 2,
1606 2407 1619 2429 3
1637 2412 1691 2429 cum
1708 2412 1751 2434 pro
1768 2404 1838 2427 enim.

1126 2445 1145 2459 ¹⁰
1162 2444 1234 2467 Codd.
1252 2445 1310 2469 inter
1328 2451 1352 2467 se
1370 2451 1414 2466 non
1437 2445 1591 2472 conveniunt;
1610 2444 1663 2466 cod.
1685 2444 1703 2465 T
1720 2443 1797 2472 quoad
1816 2448 1912 2464 sensum

1063 2490 1117 2506 cum
1135 2484 1185 2506 Vat.
1204 2484 1311 2506 convenit
1328 2483 1436 2511 ponendo
1453 2483 1491 2506 *uel
1506 2482 1583 2506 Filius
1607 2484 1641 2505 est
1665 2482 1736 2505 Pater
1761 2482 1810 2503 loco
1831 2487 1842 2503 0
1859 2486 1911 2503 con-

1062 2528 1137 2545 verso.
1156 2522 1234 2544 Plures
1252 2521 1319 2544 codd.
1338 2524 1362 2543 ut
1379 2521 1445 2543 AGN
1456 2522 1497 2544 SV
1508 2522 1537 2543 W
1555 2528 1581 2543 aa
1598 2521 1630 2543 bb
1648 2526 1703 2550 erqo
1721 2520 1783 2543 Deus
1795 2520 1867 2542 Pater
1878 2520 1912 2541 cst

1064 2560 1099 2583 rel
1115 2560 1190 2583 Filias
1208 2561 1242 2583 est
1258 2560 1329 2583 Pater
1346 2560 1382 2583 cel
1398 2559 1481 2583 Filias.
1500 2559 1625 2587 similam,-
1637 2560 1673 2582 alii
1691 2562 1716 2581 ut
1726 2558 1767 2581 CO
1780 2564 1835 2587 erpo
1848 2557 1911 2580 Dens

1063 2600 1134 2622 Pater
1146 2600 1179 2622 est
1192 2598 1227 2622 vel
1238 2598 1314 2621 Filius
1327 2600 1367 2621 est.
1385 2598 1500 2621 Similiter
1508 2607 1517 2626 ;
1535 2599 1571 2620 alii
1589 2599 1652 2621 aliter
1664 2600 1772 2625 corrupte
1784 2604 1789 2625 ς
1803 2596 1843 2618 sed
1856 2596 1910 2618 011111

1063 2637 1234 2660 immutandum
1252 2633 1367 2660 duximus.

1126 2677 1144 2691 ¹¹
1162 2677 1194 2698 De
1213 2676 1381 2704 praedicatione
1398 2683 1440 2704 per
1462 2676 1605 2699 identitatem
1627 2675 1680 2697 vide
1697 2675 1753 2696 10110
1771 2674 1793 2697 (1.
1811 2674 1831 2696 5.
1850 2681 1869 2696 a.
1892 2675 1909 2696 1.

1063 2723 1084 2744 q.
1107 2717 1124 2737 1.
1142 2715 1171 2737 ad
1189 2716 1218 2742 2;
1236 2715 1258 2737 d.
1277 2715 1313 2736 33.
1332 2721 1353 2743 q.
1372 2715 1393 2736 3.
1411 2717 1432 2737 et
1449 2715 1471 2737 d.
1491 2714 1527 2737 34.
1544 2721 1566 2743 q.
1585 2715 1605 2736 2.
1622 2726 1654 2730 —
1671 2714 1703 2736 De
1721 2714 1764 2735 hoc
1784 2713 1912 2735 (1111110011.

1063 2761 1132 2782 supra
1151 2760 1172 2782 q.
1192 2753 1211 2775 st.
1230 2757 1251 2776 ct
1269 2754 1343 2781 Scot,
1362 2755 1397 2776 liic
1415 2760 1437 2782 q.
1457 2755 1477 2775 2.

1126 2793 1144 2807 ¹¹2
1162 2793 1216 2814 Dist.
1235 2792 1303 2814 XXII.
1322 2799 1341 2814 c.
1360 2793 1380 2814 3.
1398 2796 1420 2815 et
1437 2792 1476 2814 dd.
1495 2792 1576 2814 xxw.
1595 2795 1617 2814 ct
1634 2792 1707 2813 XXV.

1126 2831 1145 2846 ¹³
1162 2831 1218 2853 Cod.
1237 2831 1254 2852 T
1273 2830 1337 2852 addit
1352 2836 1445 2853 nomen.
