2253 3317
854 154 1031 183 PRAEFATIO
1053 155 1241 183 GENERALIS.
1884 159 1915 187 {X

173 233 330 276 tionem,
357 231 539 266 adhibitis
566 232 742 267 omnibus
768 232 967 266 modernae
993 232 1083 266 artis
1101 232 1254 266 criticae
1272 232 1467 279 subsidiis,
1496 235 1713 280 conceperit
1739 235 1917 281 viamque:

173 291 219 326 ad
247 304 327 325 eam
355 290 567 325 executioni
594 291 848 325 mandandam
875 290 964 324 forti
990 290 1116 324 animo
1142 292 1345 337 aperuerit,
1384 293 1517 327 merito
1548 293 1664 327 totius
1695 293 1808 328 huius
1841 294 1916 328 edi-

172 350 286 384 tionis
312 349 457 395 primus
483 353 520 385 et
544 349 768 395 principalis
792 352 923 383 auctor
949 349 1092 383 censeri
1124 348 1246 384 debet.
1273 349 1421 385 Iustum
1460 351 1578 395 igitur
1615 352 1768 387 omnino
1806 352 1917 387 nobis

172 408 338 453 videtur,
366 412 423 451 ut,
452 408 631 454 quoniam
657 407 909 453 omnipotenti
936 406 1016 442 Deo
1041 407 1188 453 placuit
1210 408 1321 442 illum
1340 410 1529 455 superiore
1547 423 1646 445 anno
1665 411 1710 444 de
1728 412 1917 457 praesenti

173 466 322 501 sacculo
349 467 505 513 eripere,
535 466 633 500 vitae
660 466 780 512 ipsius
807 470 845 499 et
868 465 1041 500 laborum
1067 466 1139 500 hoc
1165 466 1249 501 loeo
1275 467 1378 513 piam
1405 469 1622 503 memoriam
1650 468 1843 504 faciamus.

266 524 386 559 Natus
405 529 460 559 est
478 524 518 559 P.
537 523 679 558 Fidelis
697 524 742 558 24
762 524 983 559 Decembris
1003 525 1093 559 1838
1117 525 1165 559 ab
1190 526 1357 560 honestis
1381 527 1602 573 parentibus
1622 527 1796 562 Oswaldo
1814 528 1916 562 Mad-

172 583 307 617 dalena
333 588 370 617 et
395 583 546 627 Aug-ela
571 582 854 617 Marusmattius
880 583 920 617 in
946 595 1063 629 parvo
1090 584 1174 618 vico
1200 583 1367 631 Faunae,
1395 577 1613 631 provinciae
1640 586 1795 621 Italicae
1813 586 1917 621 Fori-

171 642 256 676 iulii
290 641 460 688 (Friuli).
489 640 625 676 Primis
651 641 862 676 litterarum
889 641 1086 677 elementis
1112 643 1151 676 in
1176 643 1298 689 patria
1322 644 1508 691 imbutus,
1536 657 1623 679 mox
1649 645 1819 680 Venetiis
1845 645 1916 680 sub

171 700 375 746 disciplina
399 700 453 746 pii
481 704 518 734 et
544 700 645 734 docti
664 700 867 735 sacerdotis
885 700 912 735 Ι
910 701 1035 735 ommis
1052 700 1238 748 Baptistae
1254 701 1441 737 Piamom‘e
1458 703 1497 736 in
1516 703 1650 738 studiis
1668 704 1916 738 humanitatis

170 763 340 793 versatus
366 763 432 793 est.
459 758 600 793 Divina
625 759 872 805 inspiratione
890 759 937 793 ad
957 759 1138 794 Ordinem
1157 760 1403 807 Seraphicum
1421 762 1730 808 amplectemlum
1749 767 1913 808 vocatus,

169 817 312 851 ibidem
338 818 378 851 in
405 821 596 852 conventu
623 817 656 853 8.
684 817 881 853 Michaelis
907 819 946 852 in
973 818 1103 853 Insula
1127 831 1148 853 a
1174 819 1280 854 Rnio
1307 819 1352 854 P.
1380 819 1605 856 Rei-nardino
1643 833 1665 855 (ι
1696 820 1813 856 Portu
1845 821 1916 855 Ro-

169 876 300 911 maz‘ino
309 904 319 921 ,
338 876 405 911 illo
429 881 597 922 tempore
615 875 788 911 Ministro
806 876 1036 911 Provinciali
1051 877 1288 912 Reformatae
1302 877 1524 913 Provinciae
1538 879 1704 913 Venetae
1723 884 1765 914 et·
1776 879 1915 913 actuali

169 934 342 970 Ministro
362 934 536 970 Generali
565 936 680 970 totius
699 935 851 970 Ordinis
870 935 903 971 S.
922 935 952 970 F
954 937 1129 983 raneisci,
1157 936 1331 971 habitum
1358 938 1578 981 religiosum
1596 938 1656 972 die
1678 938 1722 972 29
1748 937 1916 984 Septem-

170 994 247 1029 bris
273 994 363 1029 1855
389 994 570 1041 suscepit,
598 998 635 1028 ct
660 995 700 1028 in
726 994 904 1029 manibus
930 995 1097 1030 eiusdem
1124 996 1166 1030 19
1192 995 1424 1042 Septembris
1448 997 1537 1031 1858
1562 997 1768 1031 solemnem
1791 997 1916 1031 emisit

170 1052 452 1098 professionem.
1357 1051 1360 1052 ⁷

266 1110 462 1145 Praeelaro
488 1112 658 1156 ingenio,
687 1112 871 1158 singulari
898 1112 1099 1156 diligentia
1123 1118 1237 1160 atque
1254 1113 1362 1149 firmo
1382 1115 1646 1161 constantique
1667 1115 1794 1149 animo
1812 1127 1916 1160 prae-

169 1170 286 1215 ditus,
314 1170 484 1215 insignes
510 1170 603 1204 feeit
627 1183 847 1216 progressus
873 1171 912 1205 in
936 1171 1071 1206 studiis
1090 1172 1311 1218 rhetoricae,
1339 1173 1602 1219 philosophiae
1628 1178 1666 1207 et
1691 1173 1914 1218 theologiae..

169 1227 312 1263 Eodem
343 1233 512 1274 tempore
543 1229 714 1263 initiatus
748 1234 804 1263 est
830 1229 1022 1264 doctrinae
1055 1243 1140 1264 vere
1167 1229 1390 1276 Seraphicae
1418 1231 1451 1267 S.
1485 1231 1786 1277 Bonaventurae,
1820 1232 1915 1265 duee

169 1287 214 1322 A.
240 1287 282 1322 R.
310 1286 350 1322 P.
376 1287 531 1322 Antonio
557 1287 682 1322 Μανία
707 1301 729 1323 (ι
762 1287 910 1333 Vicetia,
937 1288 1077 1323 actuali
1108 1288 1279 1323 Ministro
1310 1289 1539 1324 Provinciali
1570 1290 1742 1324 laudatae
1760 1290 1916 1325 Provin-

170 1348 249 1381 ciae
276 1346 443 1381 Venetae
470 1350 507 1380 et
533 1346 674 1381 editore
702 1347 899 1382 notissimo
917 1346 1152 1394 Breviloqluii
1170 1347 1204 1383 S.
1225 1347 1510 1383 Bonaventurae
1529 1349 1641 1383 variis
1658 1348 1916 1383 additionibus

169 1405 357 1440 illustrati.
373 1405 434 1439 Ad
452 1405 703 1439 sacerdotium
721 1410 915 1452 promotus
929 1406 973 1441 26
988 1406 1208 1441 Decembris
1228 1407 1328 1453 1862,
1348 1407 1462 1453 paulo
1480 1413 1568 1453 post
1584 1408 1659 1441 iam
1677 1408 1730 1441 ita
1746 1407 1917 1441 doctrina

170 1468 206 1498 et
231 1464 400 1499 moribus
426 1464 601 1498 excultus
627 1468 664 1498 et
690 1468 860 1499 maturus
887 1465 964 1499 suis
990 1465 1246 1511 superioribus
1277 1466 1381 1500 visus
1413 1470 1484 1512 est,
1520 1470 1562 1500 ut
1595 1478 1733 1500 munus
1765 1465 1916 1500 lectoris

169 1523 203 1556 ei
230 1523 519 1557 committerent.
548 1522 627 1557 Nec
654 1535 740 1569 spes
766 1523 811 1557 de
839 1536 881 1557 eo
908 1528 1092 1570 concepta
1110 1523 1263 1571 fefellit,
1284 1524 1375 1558 dum
1393 1524 1677 1571 philosophicas
1696 1524 1917 1570 disciplinas

169 1586 206 1616 et
232 1581 519 1628 Breviloquium
546 1581 579 1617 S.
608 1581 895 1616 Bonaventurac
914 1583 954 1616 in
978 1582 1118 1617 scholis
1137 1582 1359 1617 Provinciae
1390 1595 1476 1617 suae
1507 1583 1657 1629 egregie
1689 1583 1915 1629 explicabat.

170 1639 229 1675 Ob
254 1645 467 1687 temporum
493 1644 621 1674 tamen
647 1640 929 1675 vicissitudines
955 1641 1098 1687 pluries
1125 1655 1212 1676 cum
1238 1642 1315 1676 suis
1342 1642 1489 1676 clericis
1523 1642 1763 1676 studentibus
1789 1642 1916 1676 locum

169 1703 313 1733 mutare
340 1703 493 1733 coactus
519 1703 590 1745 est,
619 1699 789 1734 docendo
809 1700 1010 1734 1866-1867
1036 1700 1075 1734 111
1102 1705 1293 1735 conventu
1311 1700 1505 1736 Sebetensi
1530 1700 1752 1735 Provinciae
1771 1700 1804 1736 8.
1824 1700 1917 1735 Leo-

169 1757 275 1804 poldi
301 1757 533 1803 Tyrolensis,
562 1762 599 1792 et
636 1757 772 1792 deinde
812 1759 852 1792 in
890 1763 1081 1792 conventu
1108 1758 1352 1794 Cimellarum
1389 1771 1507 1805 prope
1541 1758 1719 1793 Nicaeam
1748 1758 1914 1805 (Nizza).

170 1816 285 1852 Gravi
310 1816 474 1862 pectoris
500 1816 631 1851 morbo
656 1816 716 1850 bis
742 1817 918 1862 repetito,
947 1816 1108 1851 docendi
1134 1817 1280 1851 muneri
1299 1829 1398 1851 anno
1418 1817 1508 1852 1869
1528 1817 1736 1851 valedicere
1763 1822 1916 1852 coactus

169 1870 236 1910 est.
263 1874 422 1911 Sanitati
448 1879 655 1921 utcumque
680 1875 893 1921 restitutus,
924 1876 1119 1910 occasione
1153 1875 1314 1911 Coneilii
1345 1875 1521 1910 Vaticani
1552 1888 1574 1910 a
1604 1875 1712 1910 Rino
1743 1875 1914 1910 Ministro

170 1934 344 1970 Generali
371 1933 529 1969 Romam
556 1934 759 1968 accersitus
786 1938 842 1968 est
868 1934 908 1979 (9
935 1933 1129 1968 Februarii
1156 1934 1282 1980 1870),
1310 1938 1353 1968 ut
1379 1934 1584 1980 genuinam
1612 1934 1645 1970 8.
1674 1934 1914 1969 Bonaventu—

168 2006 229 2027 rae
255 1993 301 2027 de
326 1993 598 2039 praerogativis
624 1991 769 2027 Summi
802 1991 1000 2027 Pontificis
1032 1992 1243 2027 doctrinam
1274 1992 1509 2039 defenderet,
1552 1993 1653 2039 quod
1690 1993 1914 2027 brevissimo

168 2057 337 2098 tempore
362 2051 528 2086 absolvit
553 2051 705 2097 egregio
737 2051 943 2097 opusculo:
978 2050 1161 2097 Seraphim·
1186 2051 1351 2086 Doetom‘s
1382 2051 1418 2086 S.
1452 2051 1721 2086 Bonavem‘m‘ae
1738 2051 1914 2086 Doctrina

170 2110 209 2145 sle
234 2110 388 2145 Romani
412 2109 604 2155 Pontificis
634 2110 796 2157 primatu
834 2113 865 2144 et
903 2109 1161 2156 iivfcdlibilz'tate
1174 2138 1184 2154 ,
1213 2109 1352 2144 Romae
1380 2110 1481 2145 1870.
1510 2109 1628 2145 Paulo
1666 2115 1753 2156 post
1784 2114 1914 2145 contra

168 2168 605 2216 pseudo—liberalismum
630 2169 781 2215 scripsit
806 2169 936 2203 italica
964 2169 1099 2215 lingua
1132 2173 1349 2203 tractatum:
1392 2169 1540 2216 Urqente
1571 2169 1761 2204 &misione
1795 2171 1913 2203 contro

169 2241 240 2263 zona
263 2240 365 2263 mano
390 2227 429 2262 di
453 2228 621 2262 <insiliam
644 2228 846 2273 massonicz',
875 2227 1042 2262 Venezia
1069 2228 1169 2262 1871.
1198 2227 1295 2262 Tum
1323 2240 1409 2262 vero
1442 2240 1464 2262 a
1494 2227 1602 2262 Rino
1630 2227 1806 2263 Generali
1838 2228 1911 2274 ipsi

170 2299 258 2321 cura
282 2287 519 2321 adornandae
544 2299 664 2321 novae
691 2287 868 2321 editionis
895 2299 1051 2333 operum
1084 2285 1117 2322 S.
1146 2286 1432 2321 Bonavcnturae
1470 2287 1671 2321 commissa
1708 2290 1774 2321 est.
1802 2285 1912 2320 Prae-

170 2346 293 2380 missis
320 2345 623 2391 diligentissimis
649 2345 783 2380 studiis
801 2345 1102 2392 praeparatoriis,
1123 2357 1210 2379 111οΧ
1228 2345 1435 2391 perspexit,
1455 2357 1531 2379 non
1551 2344 1719 2379 sufficere
1737 2345 1912 2390 antiquas

170 2404 353 2438 editiones
379 2408 585 2451 utcumque
611 2405 824 2450 recognitas
850 2404 988 2438 iterum
1013 2403 1141 2449 praelo
1167 2403 1368 2449 subiicere,
1390 2403 1455 2437 sed
1473 2403 1646 2437 meliores
1664 2403 1812 2438 codices
1836 2416 1912 2437 ma-

170 2463 399 2509 nuscriptos,
427 2463 506 2497 sive
533 2463 634 2497 edita
659 2476 772 2509 opera
798 2463 1018 2497 contineant
1049 2462 1128 2496 sive
1166 2461 1366 2508 anecdota,
1400 2475 1447 2496 ex
1478 2461 1795 2496 bibliothecarum
1826 2462 1910 2508 pul-

170 2534 255 2555 vere
281 2533 360 2555 esse
385 2521 676 2568 conquirendos,
706 2521 973 2567 consulendos,
1001 2520 1048 2555 ad
1074 2520 1221 2566 apicem
1248 2519 1509 2566 conferendos,
1530 2524 1572 2554 ut
1588 2532 1687 2554 nova
1703 2520 1771 2554 illa
1795 2520 1910 2554 editio

170 2579 266 2614 foret
283 2584 320 2614 et
338 2580 527 2625 completa
544 2584 581 2614 et
598 2580 704 2614 iuxta
720 2580 809 2614 artis
828 2580 979 2614 criticae
1004 2579 1155 2625 regulas
1181 2583 1355 2613 correcta.
1384 2578 1494 2614 Unde
1521 2578 1676 2624 speciali
1703 2578 1911 2624 diplomate

169 2637 443 2673 R.miMinist1-i
462 2637 656 2673 Generalis
674 2639 854 2685 munitus,
873 2638 1043 2684 plurium
1061 2637 1380 2672 bibliothecarum
1401 2637 1594 2671 thesauros
1613 2636 1716 2671 felici
1735 2649 1909 2671 successu

170 2697 394 2743 perlustrare
421 2697 555 2743 coepit.
583 2696 737 2732 Litteris
762 2697 934 2732 Venetiis
962 2697 1006 2731 14
1032 2696 1121 2731 Iulii
1150 2696 1237 2730 1871
1266 2695 1363 2730 datis
1389 2699 1426 2729 et
1450 2695 1497 2729 ad
1528 2694 1742 2730 Praefectos
1768 2696 1909 2741 praeci—

169 2768 330 2802 puarum
354 2754 526 2801 Europae
552 2755 871 2790 bibliothecarum
897 2756 1038 2801 missis,
1072 2755 1148 2789 iam
1179 2754 1332 2796 notitias
1363 2753 1546 2800 plurimas
1571 2753 1616 2787 de
1643 2753 1838 2788 codicibus
1862 2754 1909 2787 ad

171 2813 204 2849 S.
231 2804 535 2848 Bonaventuram
562 2814 824 2860 spectantibus
852 2814 1031 2860 colligere
1056 2813 1192 2859 potuit.
1219 2811 1477 2846 Nihilominus
1496 2824 1618 2858 neque
1635 2812 1707 2847 1100
1726 2812 1814 2847 satis
1833 2811 1910 2846 suf-

169 2871 280 2906 ficere
306 2872 510 2918 intellexit,
539 2872 604 2906 sed
630 2872 700 2907 sibi
736 2873 810 2918 ipsi
849 2872 1102 2907 bibliothecas
1139 2870 1330 2905 adeundas
1361 2875 1399 2904 et
1430 2874 1601 2904 accurate
1632 2870 1911 2916 perlustrandas

360 2946 383 2969 S.
401 2947 489 2969 Bonae.
506 2959 538 2962 —
556 2947 622 2968 Tom.
640 2947 655 2969 Ι.
1698 2946 1723 2967 ΙΙΙ
