2253 3317
179 431 276 449 conclusi-,-
285 431 301 448 Ξ.

181 809 278 826 Conclusio
286 808 303 826 33.

195 1035 266 1060 Solutiu
276 1039 306 1057 op-

186 1060 294 1081 positorum.

191 1601 304 1619 Notandum.

312 69 368 97 3111

311 151 364 177 ext.
389 147 414 175 id
446 150 485 174 est
516 150 655 178 naturae,
677 145 720 173 rct'
742 149 869 173 tullione
889 148 916 174 et
936 145 1081 182 suppositi
1101 144 1158 173 sive.

312 193 479 230 hypostasis,
501 192 548 221 sed
572 191 761 228 principaliter
777 191 865 228 ipsius
885 191 962 229 qttotl
975 195 1030 225 emt,-
1051 199 1115 220 cum
1131 191 1158 219 in

312 239 412 267 divinis
426 247 482 276 ipio
496 243 535 266 est
557 238 614 267 slve
630 238 749 267 essentia
762 241 877 275 propter
899 246 1039 267 summam
1057 238 1159 275 simpli-

311 286 420 314 citatem
443 285 520 313 nullo
543 285 624 313 modo
646 284 681 313 sit
707 284 941 322 multiplicabilis3
965 285 1026 313 ideo
1045 292 1158 314 necesse

311 336 367 361 est.
396 332 469 369 quod
492 332 584 368 ipsum
613 331 689 369 quod
709 336 750 359 cst
778 331 906 360 similiter
928 335 1070 360 remaneat
1092 331 1160 360 indi-

312 379 456 408 stinctum:
486 382 513 407 et
541 379 602 406 ideo
631 378 801 415 impossibile
829 382 885 407 est.
914 378 988 415 quod
1017 378 1097 407 cadat
1122 378 1159 406 ibi

312 425 459 454 diversitas
474 425 630 453 secundum
652 432 812 453 numerum.
829 425 881 453 Nec
904 427 996 453 tamen
1012 432 1099 453 unum
1119 427 1160 453 est

311 480 441 501 numero:
464 472 527 509 quia
558 472 649 508 ipsum
672 471 749 509 quod
779 475 819 499 est
847 479 937 500 unum
965 479 1085 500 numero
1100 471 1108 486 ¹
1133 471 1159 499 in

311 518 448 547 creaturis
463 526 517 546 non
538 521 578 546 est
595 517 705 546 dicibile
727 517 761 546 de
776 517 919 554 pluribus:
941 517 990 546 sed
1010 517 1037 545 in
1058 517 1160 545 divinis

312 565 403 601 ipsum
425 564 502 602 quod
522 567 575 597 cst,
598 563 726 601 quamvis
748 564 782 592 sit
804 571 908 593 unum.
932 566 1023 592 tamen
1045 564 1080 592 de
1102 563 1161 600 plu-

312 611 391 640 ribus
412 615 451 640 est
475 611 594 640 dicibile.
618 611 648 639 Et
670 611 740 639 ratio
761 611 847 640 huius
868 614 922 645 est.
938 611 1003 648 quia
1024 610 1098 639 idem
1119 613 1161 639 est

313 658 349 686 ibi
378 666 433 696 quo
465 661 505 686 est
532 660 557 686 et
590 658 668 695 quod
687 661 743 689 est,
766 657 926 695 (putntuni2
949 665 985 686 ex
1012 660 1090 694 parte
1111 657 1160 686 rei.

315 706 344 734 Et
366 705 439 734 ideo.
462 705 533 734 sicut
553 713 609 743 quo
630 709 670 733 est
691 708 733 734 est
755 705 987 734 communicabile
1014 704 1161 742 pluribus,

313 752 442 788 quamvis
455 759 510 779 non
527 751 752 788 nmltiplicabile,
769 751 803 779 ita
820 751 911 788 ipsum
927 750 1004 789 quod
1018 754 1066 778 est.
1086 749 1162 779 Unde

314 806 464 835 possumus
485 799 593 833 dicere,
622 799 697 835 quod
722 798 869 835 pluralitas
898 806 1080 835 personarum
1108 805 1163 826 me-

313 845 391 873 dium
414 847 488 873 tenet.
509 845 581 873 inter
604 844 675 873 idem
699 852 817 873 numero
838 847 865 873 et
886 844 1044 873 diversum.
1063 845 1163 881 Quam-

314 892 356 920 vis
377 892 451 920 enim
477 891 569 928 ipsum
597 891 674 929 quod
694 895 734 919 est
756 899 810 919 non
832 894 1014 926 numeretur,
1036 898 1163 920 numera—

316 942 361 967 tur
384 942 474 966 tamen
498 938 555 975 ipse
577 938 629 975 «siti
648 941 704 969 est:
724 938 800 966 unde
821 940 887 966 sunt
908 937 945 966 ibi
967 938 1064 975 plures
1084 938 1142 975 qui.

398 987 418 1014 l.
443 986 472 1013 Et
495 986 544 1014 hoc
568 985 627 1014 vult
649 985 741 1014 dicere
762 985 967 1018 Damascenus‚
989 993 1054 1013 cum
1082 984 1163 1013 dicit:

320 1033 485 1061 «Numero.
515 1040 567 1060 non
598 1036 697 1061 natura
726 1032 859 1060 differunt
887 1032 1091 1070 hypostases».
1114 1032 1164 1060 Per

317 1080 386 1108 hanc
408 1079 481 1108 enim
503 1079 686 1108 additionem:
711 1088 765 1107 iton
788 1083 918 1113 viatura,
944 1079 1003 1116 ipse
1025 1079 1165 1108 contraxit

316 1125 499 1154 differentiam
529 1126 683 1154 secundum
712 1133 862 1154 numerum
899 1126 957 1155 sive
990 1125 1122 1155 distraxit
1148 1133 1165 1154 a

317 1173 426 1209 prola-ia
451 1172 556 1201 ratione
569 1173 587 1200 ³.
618 1173 692 1201 Unde
722 1173 778 1209 ipse
810 1172 876 1201 dicit
901 1172 992 1209 primo
1022 1172 1093 1201 libro
1124 1180 1166 1201 ca-

319 1219 406 1256 pitulo
428 1222 539 1247 octavo:
576 1219 718 1256 «Oportet
739 1219 819 1248 scire.
841 1220 916 1257 quod
944 1219 1021 1248 aliud
1049 1222 1091 1248 est
1118 1219 1167 1248 dis-

316 1267 389 1295 t‘erre
412 1274 457 1300 re,
478 1266 554 1294 atiud
581 1266 694 1295 ratione.
722 1266 749 1294 ln
774 1266 905 1295 omnibus
927 1266 1065 1295 creaturis
1084 1266 1167 1303 hypo-

317 1317 423 1342 stasum
456 1313 562 1342 (livi-sio
584 1323 615 1341 re
644 1314 851 1348 consideratur.
874 1313 1070 1341 continuitatis
1098 1321 1166 1342 vero

318 1360 446 1391 ratione,-
472 1360 498 1387 in
521 1367 630 1388 summa
654 1368 721 1388 vero
742 1363 769 1388 et
797 1360 1059 1396 supersubstantiali
1081 1359 1168 1388 Trini-

320 1409 372 1435 tale
387 1409 428 1434 est
443 1414 457 1435 e
472 1414 606 1435 converso
621 1420 646 1434 ».
669 1407 745 1436 Unde
763 1414 827 1435 cum
842 1407 990 1435 diversitas
1011 1406 1167 1435 secundum

317 1460 468 1481 numerum
501 1453 581 1481 saciat
616 1454 673 1482 sive
701 1456 776 1482 notet
804 1453 994 1482 diversitatem
1024 1453 1053 1481 in
1081 1461 1113 1481 re
1141 1455 1168 1481 et

318 1503 417 1528 natura
430 1523 435 1535 ‚
458 1501 570 1537 proprie
586 1501 740 1537 loquendo.
756 1501 807 1529 nisi
822 1508 923 1529 nomen
945 1500 1115 1529 diversitatis
1130 1508 1169 1529 se-

318 1547 441 1576 cundum
464 1556 615 1576 numerum
631 1548 804 1576 distrahatur
823 1548 858 1576 ad
879 1547 1084 1576 distinctionem
1106 1555 1169 1584 sup-

319 1593 486 1630 positorum.
508 1602 562 1622 non
577 1597 618 1623 est
633 1595 859 1628 concedendum,
881 1594 955 1631 quod
978 1594 1013 1623 sit
1028 1594 1064 1622 ibi
1080 1594 1170 1623 diver-

319 1641 386 1669 sitas
400 1641 553 1669 secundum
577 1649 740 1676 numerum,
757 1641 805 1670 sed
824 1641 979 1670 secundum
996 1648 1147 1669 numerum
1158 1640 1167 1653 ⁴¹

317 1696 516 1724 personarum
543 1688 602 1716 sive
631 1688 822 1725 hypostasum.
852 1688 882 1716 Et
911 1688 961 1717 hoc
990 1687 1051 1716 vult
1076 1687 1169 1716 dicere

955 77 958 80 ·
999 66 1251 96 SENTENTIARUM
1274 66 1332 95 LlB.
1356 67 1372 94 l.

1215 144 1416 178 Damascenus,
1431 144 1544 181 quando
1565 144 1644 177 dicit,
1660 145 1734 182 quod
1750 145 1912 182 hypostases
1929 145 2061 174 disserunt

1215 198 1345 225 numero,
1368 198 1435 225 non>
1457 191 1584 228 inquam.
1606 199 1739 225 numero,
1761 192 1807 228 qui
1833 192 1906 220 dicat
1919 191 1927 205 ⁵
1949 192 2063 221 1111113151-

1216 240 1300 266 tatem
1322 238 1350 266 111
1373 246 1406 265 re
1426 240 1453 266 et
1474 241 1586 268 natura.
1602 238 1650 266 sed
1672 238 1718 275 qui
1741 238 1815 267 dicat
1835 238 2019 267 differentiam
2035 239 2062 267 in

1212 284 1445 321 proprietatibus
1470 286 1496 313 et
1517 284 1722 318 relationibus,
1748 288 1849 314 natura
1876 293 1987 322 semper
2008 294 2063 314 ma-

1218 333 1299 360 nente
1314 331 1395 359 unica
1410 334 1437 360 et
1452 331 1579 360 indivisa.
1597 331 1635 359 Ex
1651 331 1703 360 hoc
1718 334 1793 368 patet
1806 331 1877 372 illud
1891 331 2063 360 Damasceni.

1296 379 1322 406 ⁹2.
1343 378 1383 406 Ad
1398 378 1467 406 illud
1483 378 1557 415 quod
1573 378 1695 407 secundo
1716 378 1862 413 obiicitur,
1877 379 1951 416 quod
1969 386 2064 407 nume-

1218 432 1249 452 ro
1271 424 1403 452 differunt
1424 432 1457 453 ea
1485 432 1557 461 quae
1578 427 1775 459 flammantum
1804 425 1967 459 dicendum,
1988 425 2063 462 quod

1218 478 1318 499 verum
1339 474 1392 505 est,
1408 471 1482 508 quod
1497 471 1506 484 ⁶
1528 479 1560 499 eo
1582 471 1665 499 modo
1682 471 1827 503 differunt.
1848 480 1904 508 quo
1919 479 2066 500 numeran—

1218 520 1277 550 tur;
1299 518 1347 546 sed
1370 526 1424 546 non
1439 520 1625 546 numerantur
1646 517 1698 546 nisi
1714 520 1850 555 quantum
1869 518 1904 546 ad
1919 525 2064 555 personas:

1217 566 1244 592 et
1266 564 1303 592 ita
1324 572 1377 592 non
1400 564 1533 593 diflerunt
1554 564 1606 593 nisi
1628 572 1746 593 numero
1762 565 1941 602 hypostasum
1957 568 1984 594 et
2004 572 2066 602 pro-

1218 610 1343 647 prietate.

1298 657 1323 686 3.
1345 657 1384 686 Ad
1406 658 1475 687 illud
1497 659 1572 695 quod
1593 658 1736 693 obiicitur,
1750 659 1825 696 quod
1846 666 1918 695 quae
1933 658 2066 687 differunt

1218 711 1249 732 re
1270 707 1337 738 Βίας
1359 704 1587 741 distinguendum
1603 708 1645 734 est
1666 705 1692 733 in
1715 705 1767 734 hoc
1781 706 1892 734 nomine
1913 705 1978 739 ναῒ,
2000 705 2208 751 quiamlgffigffii-
2238 700 2240 729 ἶ

1219 753 1309 787 potest
1337 751 1430 780 dicere
1456 755 1601 780 παιανανη
1635 752 1693 781 sive
1725 752 1893 785 essentiam„
1924 755 1951 781 et
1977 754 2068 789 potest

1219 797 1312 826 dicere
1336 806 1505 834 personam.
1531 798 1556 826 Si
1582 799 1660 827 'dicat
1687 798 1841 827 essentiam
1869 802 1896 828 et
1924 801 2066 833 naturam,

1221 851 1318 872 verum
1341 847 1395 878 est;
1417 844 1440 873 si
1459 853 1635 881 personam,
1658 845 1757 874 salsum
1780 848 1836 875 est.
1858 849 1885 874 et
1905 853 1958 873 non
1983 845 2068 874 habet

1220 890 1313 919 locum
1334 890 1382 918 illa
1403 891 1511 919 divisio.

1299 938 1325 966 lt.
1341 937 1379 966 Ad
1402 937 1471 966 illud
1494 938 1568 975 quod
1584 938 1726 972 obiicitur.
1748 938 1821 975 quod
1838 939 1930 967 unitas
1950 946 2068 967 numero

1221 984 1333 1021 respicit
1365 985 1535 1013 identitatem
1571 985 1723 1022 suppositi3
1752 986 1915 1020 dicendum,
1943 986 2018 1023 quod
2046 986 2069 1014 si

1221 1032 1397 1069 suppositum
1419 1032 1529 1061 dicatur
1552 1032 1643 1069 ipsum
1665 1033 1742 1070 quod
1762 1036 1819 1067 est,
1843 1036 1907 1062 tunc.
1928 1033 2012 1062 habet
2026 1040 2070 1062 ve-

1222 1078 1341 1107 ritatem.
1364 1079 1390 1107 Si
1405 1081 1497 1107 autem
1515 1071 1627 1108 dicatur
1650 1079 1709 1116 ipse
1731 1080 1782 1117 qm?
1802 1083 1842 1108 est
1860 1080 1918 1108 sive
1938 1087 2069 1117 persona.

1222 1133 1276 1154 non
1298 1125 1383 1154 habet
1410 1125 1555 1155 veritatem
1581 1126 1632 1155 nisi
1668 1126 1693 1154 in
1716 1126 1775 1161 his,
1798 1127 1825 1155 in
1851 1126 1954 1164 quibus
1978 1126 2071 1155 differt

1222 1180 1278 1210 quo
1299 1175 1340 1200 est
1360 1175 1386 1201 et
1408 1173 1485 1210 quod
1505 1176 1552 1201 est.
1577 1173 1652 1202 Unde
1674 1173 1787 1210 proprie
1805 1173 1960 1210 loquendo,
1982 1173 2071 1202 diver-

1222 1219 1289 1247 sitas
1311 1219 1466 1248 secundum
1488 1227 1639 1248 numerum
1661 1220 1788 1257 sequitur
1811 1220 1902 1256 ipsum
1918 1220 1996 1258 quod
2016 1223 2071 1251 est.-

1223 1269 1250 1295 et
1271 1266 1352 1295 ideog
1374 1266 1401 1294 in
1416 1266 1517 1295 divinis
1539 1275 1592 1295 non
1614 1267 1698 1296 habet
1721 1267 1820 1295 locum.

1304 1314 1328 1341 5.
1350 1313 1389 1342 Ad
1418 1313 1487 1342 illud
1510 1314 1584 1350 quod
1606 1314 1771 1348 obiicitur-⁰.
1793 1314 1868 1351 quod
1891 1313 1967 1342 idem
1987 1313 2072 1343 611117-

1225 1368 1341 1388 ocrsitm
1355 1359 1526 1389 sufficienter
1548 1360 1677 1389 dividunt
1692 1369 1753 1395 ens,
1768 1369 1834 1398 ergo
1850 1361 1921 1389 idem
1938 1368 2071 1393 numero,

1225 1408 1268 1436 vel
1290 1407 1448 1442 diversum3
1470 1408 1632 1442 dicendum,
1661 1408 1736 1445 quod
1759 1408 1828 1436 illud
1854 1415 1954 1436 verum
1975 1410 2017 1436 est
2044 1407 2072 1435 in

1225 1456 1302 1486 ente.
1324 1454 1398 1491 quod
1414 1458 1511 1483 natum
1526 1457 1568 1483 est
1582 1454 1738 1488 numerari.
1754 1454 1826 1483 sicut
1838 1454 1856 1469 ¹⁰
1869 1461 1919 1482 ens
1934 1456 2073 1485 creatum2

1225 1501 1274 1530 sed
1296 1501 1323 1529 in
1345 1503 1408 1529 ente
1436 1501 1558 1529 increato
1580 1501 1632 1529 hoc
1658 1500 1758 1529 deficit.
1787 1500 1864 1529 Unde
1891 1500 2010 1529 Hilarius
2038 1500 2073 1529 de

1226 1548 1359 1576 Trinitate
1372 1547 1407 1575 ¹¹:
1437 1547 1552 1576 «Deum
1568 1555 1604 1575 ex
1619 1547 1676 1576 Deo
1701 1550 1797 1575 natum
1816 1554 1865 1575 nec
1887 1547 2007 1575 eundem
2029 1554 2075 1575 na-

1227 1593 1319 1622 tivitas
1343 1601 1392 1622 nec
1413 1593 1490 1622 aliud
1516 1601 1575 1622 esse
1590 1593 1726 1630 permittit
1740 1603 1769 1621 »:
1792 1595 1819 1621 et
1841 1593 1890 1627 ita,
1912 1592 1984 1621 sicut
1997 1600 2073 1629 prae-

1226 1640 1332 1669 dictum
1360 1643 1416 1674 est,
1445 1642 1520 1668 tenet
1548 1639 1672 1668 medium
1702 1639 1774 1667 inter
1796 1639 1869 1668 idem
1887 1647 2016 1668 munero
2047 1641 2073 1668 et

1227 1687 1380 1716 diversum.

1069 1800 1329 1837 SCHOLION.

385 1915 397 1935 l.
417 1914 474 1935 (Iuni
493 1914 550 1936 tides
567 1914 665 1942 applicet
683 1920 791 1936 numeros
810 1920 882 1936 itnitm
902 1917 922 1935 et
940 1915 987 1936 tres
1000 1913 1029 1935 ad
1046 1913 1136 1939 dixina,
1149 1916 1170 1935 et

321 1959 432 1975 muneras
449 1953 555 1975 rideatur
568 1960 611 1975 non
625 1954 748 1975 comenire
766 1959 819 1975 eum
832 1954 974 1981 aequalitate,
987 1953 1009 1975 S.
1021 1953 1106 1975 Doctor
1118 1956 1170 1981 apte

322 1993 367 2020 agit
385 1993 421 2014 hic
438 1992 466 2014 de
485 1998 582 2014 numero
600 1993 702 2020 praecise
720 1992 764 2014 sub
782 1993 825 2014 hoc
843 1995 962 2020 respectu,
980 1992 1029 2014 sixe
1052 1992 1170 2020 quomodo

323 2038 433 2054 numerus
450 2031 536 2054 admitti
555 2032 625 2059 possit
644 2032 665 2053 in
683 2031 783 2055 divinis,
801 2032 856 2060 quin
875 2031 1000 2059 derogetur
1016 2037 1122 2053 summae
1140 2031 1171 2053 di-

321 2071 388 2092 vinae
406 2071 542 2099 aequalitati.
562 2070 626 2092 Plura
644 2070 672 2092 de
690 2071 776 2092 ratione
798 2071 887 2092 numeri
913 2071 934 2091 in
961 2070 1045 2092 clix-inis
1068 2070 1171 2092 dicentur

323 2109 380 2132 infra
398 2110 419 2131 d.
439 2109 474 2131 24.
493 2116 512 2131 a.
531 2110 552 2131 2.
570 2109 628 2132 Cum
646 2110 753 2137 Magister
770 2110 791 2131 in
811 2110 852 2131 hac
869 2115 893 2131 re
912 2110 1043 2137 opinionem
1060 2109 1171 2131 sustinue-

324 2150 350 2171 rit
369 2150 521 2171 communiter
539 2149 701 2176 reprobatam,
721 2149 818 2171 multum
837 2149 872 2170 illa
890 2151 962 2170 aetate
983 2148 1011 2170 de
1028 2149 1115 2170 ratione
1133 2154 1171 2170 nu-

1228 1914 1283 1935 meri
1301 1913 1323 1935 in
1341 1913 1425 1935 dixinis
1443 1916 1475 1935 est
1494 1912 1643 1940 disputatum.
1663 1912 1726 1934 Unde
1749 1912 1810 1934 Alex.
1836 1912 1884 1934 llal.
1910 1912 2022 1939 integram
2047 1911 2075 1934 de

1228 1953 1270 1974 hac
1287 1952 1380 1974 materia
1399 1952 1490 1980 scripsit
1506 1952 1676 1980 quaestionem,
1694 1953 1783 1979 septem
1801 1950 1905 1973 membra
1922 1950 2076 1978 complecten-

1227 1994 1285 2018 tem,
1304 1992 1387 2020 inqua
1406 1991 1488 2013 diffuse
1505 1991 1597 2019 exponit
1622 1997 1681 2019 qnae
1707 1990 1728 2012 S.
1753 1990 1838 2012 Bonar.
1862 1990 1898 2012 hic.
1923 1989 1988 2011 111-(111
2013 1995 2076 2011 com-

1229 2030 1314 2058 pendio
1331 2029 1428 2052 exhibet.

1292 2069 1316 2091 ll.
1334 2069 1421 2096 Duplici
1440 2069 1586 2091 conclusione
1604 2069 1708 2097 quaestio
1726 2068 1856 2090 resolvitur.
1882 2068 1957 2090 Primo
1982 2073 2073 2095 respon-

1228 2108 1295 2131 detur
1312 2114 1364 2130 cum
1383 2108 1503 2136 Magistro,
1523 2108 1586 2136 quod
1603 2109 1624 2129 in
1643 2108 1727 2130 dixinis
1744 2114 1788 2129 non
1806 2110 1837 2129 est
1857 2107 1981 2129 differentia
1998 2112 2077 2128 secun-

1229 2147 1285 2169 dum
1305 2153 1435 2170 numerum.
1453 2147 1513 2170 llaec
1531 2147 1612 2169 solutio
1631 2147 1762 2174 intelligitur
1785 2146 1812 2169 de
1831 2152 1928 2168 numero
1945 2147 2038 2174 proprie
2056 2148 2076 2167 et

325 2291 381 2312 intra
400 2291 483 2318 incipit.
502 2290 579 2312 addito
596 2296 660 2319 erqo,
680 2296 691 2311 a
711 2289 789 2311 verbis
807 2289 866 2312 Cum
883 2295 939 2319 erqo
957 2289 981 2311 ῐη
998 2288 1098 2317 (lirinis,
1113 2295 1173 2317 quae

325 2329 390 2351 lectio
408 2332 430 2351 et
447 2330 468 2351 in
490 2335 514 2351 se
536 2330 662 2357 incongrua
680 2332 714 2351 est
739 2332 759 2351 et
778 2332 855 2351 contra
873 2329 1014 2357 antiquiores
1039 2328 1106 2350 codd.
1132 2333 1173 2350 nec

327 2374 370 2390 non
388 2368 425 2390 ed.
445 2368 464 2390 1.

389 2407 396 2421 1
415 2407 469 2429 Fide
487 2413 540 2429 mss.
559 2410 579 2429 et
598 2414 637 2429 sex
654 2408 783 2435 primarum
801 2407 854 2429 edd.
880 2407 1007 2429 adiecimus
1031 2412 1108 2429 unum
1132 2412 1174 2429 mt-

328 2452 398 2468 mero.
412 2446 544 2469 tmmediate
562 2450 613 2474 post
630 2447 651 2468 in
669 2446 776 2474 pluribus
793 2446 860 2469 codd.
873 2450 897 2469 111
909 2446 952 2468 AD
962 2446 968 2467 l
978 2446 1065 2468 LORS
1075 2446 1093 2467 T
1102 2446 1118 2468 U
1131 2449 1172 2468 etc.

327 2485 470 2507 desideratur
487 2485 509 2507 iu
528 2484 653 2508 creaturis.

390 2523 399 2538 ἵ
418 2524 439 2545 111
457 2525 537 2551 paucis
554 2530 609 2546 mss.
628 2528 652 2547 ut
670 2524 711 2546 ΥΖ
730 2524 823 2546 additur
840 2526 888 2552 cst,
914 2527 935 2546 et
961 2531 972 2546 a
991 2524 1042 2547 cod.
1068 2524 1083 2545 Z
1105 2524 1174 2551 paulo

328 2563 383 2584 intra
402 2566 453 2590 post
470 2562 503 2585 ila.
520 2563 653 2591 adiungitur
670 2564 697 2585 et.

389 2601 398 2616 3
417 2602 466 2624 Vat.
484 2608 543 2630 quae
560 2603 623 2630 ponit
640 2601 672 2625 acl
689 2601 846 2632 tlt'ffloa’ntt'um
864 2602 912 2624 loco
929 2608 945 2624 u.
961 2601 1061 2631 propria.
1077 2602 1174 2629 castiga-

328 2643 365 2661 tur
382 2646 407 2661 ex
426 2646 479 2662 mss.
497 2643 517 2662 et
535 2647 574 2662 sex
592 2641 672 2669 primis
689 2640 742 2663 edd.
760 2653 791 2656 —
807 2641 900 2663 Plurimi
922 2640 989 2663 codd.
1015 2646 1068 2663 cum
1093 2641 1175 2668 primis

329 2678 381 2700 edd.
400 2680 501 2707 (excepta
519 2679 555 2701 ed.
578 2680 605 2707 1.)
624 2679 734 2702 [Ιιζςῑὶηετίΐ
749 2686 792 2707 pro
809 2679 930 2702 disti-(tait.
949 2680 998 2701 Mox
1016 2679 1082 2707 Vnt,
1108 2679 1175 2707 pluri-

329 2718 372 2739 mis
390 2724 444 2739 mss.
463 2721 482 2740 et
501 2718 538 2740 ed.
561 2719 565 2740 1
588 2718 758 2746 obnitentibus,
778 2719 802 2741 itt
819 2719 868 2741 loco
888 2718 960 2741 Unde⁴

392 2755 400 2769 ⁴
419 2756 493 2779 Lectio
513 2757 562 2779 Vat.
581 2758 673 2785 mutila,
692 2758 714 2779 in
733 2763 777 2786 qua
796 2758 854 2780 male
872 2758 983 2780 omittitur
994 2757 1035 2780 sed
1044 2756 1176 2780 secundum

329 2800 469 2822 winnerichi„
490 2797 611 2818 resarcitur
628 2802 672 2824 ope
690 2797 735 2818 sere
753 2797 855 2818 omnium
874 2802 928 2819 mss.
946 2799 966 2818 et
984 2796 1021 2818 ed.
1043 2797 1060 2818 1.

393 2833 402 2847 5
421 2834 473 2855 11111·-
492 2835 643 2862 plurimorum
657 2835 724 2857 codd*
743 2839 763 2857 ct
776 2835 811 2857 ed.
833 2836 837 2857 1
855 2835 1015 2858 substituimus
1028 2836 1063 2857 hic
1074 2838 1096 2857 et
1108 2835 1176 2863 paulo

1230 2288 1287 2310 infra
1304 2287 1367 2310 dicat
1384 2294 1426 2315 pro
1442 2287 1498 2310 ‹lit-it
1514 2291 1536 2310 et
1554 2293 1606 2309 mox
1624 2293 1668 2315 opo
1686 2287 1787 2314 plurium
1814 2292 1867 2308 mss.
1894 2289 1917 2308 111
1944 2286 2019 2308 ΙἺΙΙΤ
2045 2285 2077 2308 bb

1230 2327 1371 2349 mutavimus
1388 2326 1503 2350 relatione
1519 2328 1541 2349 in
1558 2325 1721 2349 velationibus.
1739 2326 1794 2348 Dein
1813 2327 1879 2353 pauci
1897 2325 1964 2348 codd.
1977 2328 2000 2348 ut
2012 2325 2076 2347 RSU

1230 2366 1321 2389 imitate
1337 2366 1437 2389 nulirisa
1455 2367 1505 2388 loco
1522 2365 1594 2389 unica
1611 2366 1633 2388 et
1649 2364 1756 2388 indit-iso.

1292 2405 1302 2420 ὃ
1320 2406 1371 2427 Vat.
1389 2412 1443 2428 eum
1460 2405 1512 2427 eod.
1530 2411 1555 2427 cc
1572 2404 1627 2434 qztt'a
1638 2423 1644 2432 ,
1664 2404 1704 2426 sed
1723 2403 1935 2426 contradicentibus
1951 2404 2000 2426 aliis
2011 2403 2078 2426 codd.

1230 2447 1252 2467 et
1269 2444 1305 2467 ed.
1325 2445 1344 2467 1.
1363 2445 1432 2467 Paulo
1450 2448 1501 2467 ante
1518 2450 1561 2472 pro
1578 2443 1693 2473 diffluunt
1708 2444 1777 2472 aliqui
1801 2443 1868 2466 codd.
1892 2446 1916 2466 ut
1940 2442 2026 2465 11<Tv
2053 2448 2078 2464 cc

1230 2482 1348 2512 differant.

1293 2521 1303 2535 ⁷
1320 2522 1386 2544 Pauci
1405 2521 1472 2543 codd.
1491 2525 1515 2543 ut
1532 2520 1661 2547 ΛΙ)’1’1“(»1’,
1675 2524 1695 2543 et
1715 2521 1784 2549 paulo
1801 2522 1857 2543 intra
1875 2519 1931 2543 dicit
1948 2521 1997 2542 loco
2008 2519 2077 2542 ‹lit-at.

1294 2560 1303 2575 8
1320 2561 1351 2582 Ex
1369 2567 1423 2583 mss.
1441 2563 1463 2583 et
1479 2560 1532 2583 edd.
1555 2561 1575 2583 1.
1594 2561 1620 2586 2,
1639 2561 1652 2583 6
1670 2561 1764 2589 supplex
1772 2561 1832 2582 imus
1848 2559 1905 2583 ideo,

1293 2599 1303 2614 ⁹
1321 2600 1343 2621 ln
1362 2600 1412 2622 Vat.
1429 2603 1452 2622 et
1469 2599 1519 2622 cod.
1538 2606 1563 2622 cc
1581 2600 1643 2622 deest
1662 2599 1725 2629 quod
1741 2599 1857 2623 obiicitur.

1295 2638 1314 2653 ¹⁰
1332 2638 1371 2660 Ed.
1394 2639 1399 2660 1
1421 2638 1483 2661 addit
1501 2639 1540 2661 cst.

1296 2677 1313 2691 ¹¹
1332 2677 1392 2699 Libr.
1410 2678 1424 2699 1.
1443 2684 1463 2699 11.
1486 2677 1523 2699 17:
1546 2678 1603 2705 Quia
1631 2678 1676 2699 Deo
1699 2684 1725 2699 ex
1744 2678 1790 2699 Deo
1813 2681 1865 2700 nato
1888 2683 1962 2705 neque
1978 2676 2077 2699 eundem

1233 2717 1548 2745 11311111351101111111110550,
1569 2723 1643 2745 neque
1665 2717 1733 2739 alind.
1757 2729 1789 2733 —
1816 2717 1836 2738 111
1863 2722 1910 2745 quo
1936 2718 2007 2743 textu,
2033 2716 2078 2738 sere

1233 2755 1341 2778 omnibns
1358 2762 1413 2778 mss.
1431 2758 1450 2777 et
1469 2755 1505 2777 ed.
1528 2756 1532 2777 1
1555 2755 1736 2783 refragantibus,
1756 2756 1804 2778 Yat.
1823 2761 1865 2778 nec
1881 2754 1957 2778 fllium
1973 2760 2022 2777 esse
2039 2760 2079 2777 mt-

1233 2796 1288 2817 titrst
1305 2794 1424 2824 permittit.
1443 2794 1492 2816 Mox
1509 2801 1535 2816 ex
1554 2794 1621 2817 codd.
1640 2801 1693 2817 rum
1712 2795 1748 2817 ed.
1771 2795 1775 2816 1
1801 2793 1949 2824 praedictum
1974 2794 2023 2815 loco
2049 2792 2080 2816 ‹li-

1233 2834 1297 2857 ctum
1315 2834 1442 2861 posuimus.
