2253 3317
328 154 368 182 LX
1097 154 1339 184 PROLEGOMENA

326 230 468 256 distinctum,
487 231 527 253 sed
545 232 620 259 potius
638 234 725 259 partem
744 232 836 253 alterius
854 233 932 259 magni
949 233 1035 260 operis.
1057 232 1094 255 Sic
1111 233 1172 255 enim

325 278 416 305 incipit:
437 277 539 300 «Habito
556 284 612 305 ergo
631 277 658 299 de
676 278 748 305 gratia
766 280 857 305 gratnm
875 279 970 301 faciente
987 282 1010 301 et
1026 280 1097 307 gratis
1113 279 1173 302 data.

325 323 497 353 Consequenter
513 323 638 346 dicendum
655 326 690 346 051
706 324 735 346 de
751 325 842 347 virtute.

389 371 463 392 i‘rimo
480 371 502 392 in
521 370 630 398 generali.

387 417 493 439 Secundo
511 417 532 438 111
550 417 650 444 speciali.

387 464 464 486 Tertio
482 463 511 485 de
528 462 669 492 quibusdam
687 462 866 491 proprietatibus
886 463 1089 492 consequentibus.

388 509 419 531 De
436 510 520 531 virtute
537 509 559 531 in
577 509 678 537 generali
696 512 825 538 queruntur
842 510 922 543 1110111.1

387 556 462 578 Primo
479 556 540 577 enim
558 556 663 584 queritur
679 555 708 577 (10
725 556 775 578 eius
792 556 883 578 eutitate
896 564 905 575 ιο
926 559 967 578 etc.

388 602 493 624 Pessimis
510 602 570 629 typis
587 604 609 624 et
625 601 702 623 multis
719 602 778 623 notis
795 601 973 629 compendiariis
990 603 1128 630 opusculum
1141 606 1176 625 est

323 650 463 677 impressum
480 652 549 677 atque
566 648 684 671 erroribus
704 649 878 677 typographicis
897 652 975 671 scatet.
993 649 1112 672 Tractaius
1124 650 1172 677 ipse

322 699 356 718 cst
373 696 531 723 incompletus.
549 695 664 717 Dividitur
685 696 707 717 in
725 698 771 717 tres
789 698 876 723 partes,
894 702 993 725 quarum
1014 696 1092 718 ultima
1110 697 1173 724 peni-

322 746 358 765 tus
383 743 539 768 desideratur,
566 743 625 764 sicut
641 745 664 765 et
689 742 754 770 plura
771 742 887 765 secundae
910 743 993 771 1131115,
1011 749 1071 772 quae
1087 745 1122 765 est
1144 743 1173 766 de

321 789 478 811 111-1011110510
496 790 579 817 specie.
592 789 647 811 Nam
666 791 744 811 tractat
756 788 903 811 solummodo
921 789 950 811 de
961 789 1034 811 tribus
1049 789 1173 812 virtutibus

321 836 455 864 theologicis
472 838 494 858 ct
518 835 609 858 duabus
626 834 787 862 cardinalibus,
804 836 850 858 scil.
870 835 899 858 de
917 835 1037 864 prudentia
1049 838 1072 858 et
1088 839 1172 864 tempe-

321 884 405 910 rantia;
423 883 507 905 desunt
523 883 668 911 quaestiones
686 882 714 904 de
732 882 863 904 fortitudine
878 884 901 904 et
916 883 1007 905 iustitia.
1024 882 1139 905 Dividitur
1149 883 1170 904 in

325 931 365 952 106
387 939 398 950 «1
410 930 540 953 collationes
558 939 583 956 ι»,
609 936 708 959 quarum
735 935 888 958 unaquaeque
911 929 979 952 habet
997 930 1075 958 plures
1091 930 1171 951 articu-

320 977 366 1003 los,
390 979 412 999 et
429 977 450 998 hi
473 976 545 999 solent
563 976 647 998 habere.
668 976 746 1004 plures
769 977 926 1005 quaestiones,
945 976 974 998 ita
998 979 1019 998 ut
1043 977 1102 998 circa
1125 975 1170 997 480

321 1024 467 1052 quaestiones
485 1026 650 1051 proponantur.

384 1070 456 1092 1111105
479 1070 556 1097 operis
580 1073 671 1097 praeter
693 1069 843 1091 possevinum
866 1071 888 1090 01
913 1068 1025 1096 plurimos
1047 1067 1171 1090 modernos

320 1119 459 1141 mentionem
478 1118 530 1139 iacit
547 1123 573 1139 ex
591 1117 690 1145 antiquis
706 1118 786 1138 auctor
803 1116 949 1138 Firmameuti
971 1116 1040 1137 trium
1058 1114 1170 1137 Ordiuum

320 1164 366 1189 (iol.
393 1163 427 1191 12)
452 1163 486 1185 1115
505 1161 595 1184 verbis:
617 1170 627 1182 c
640 1162 702 1184 ldem
715 1161 871 1190 (Alexander)
884 1162 975 1190 scripsit
991 1162 1111 1184 Summam
1124 1162 1170 1184 vir-

319 1213 392 1232 tutum
410 1210 487 1231 tertiae
500 1209 570 1237 partis
581 1209 772 1235 continuativam,
791 1214 850 1236 quac
862 1207 907 1230 dici
924 1210 999 1235 potest
1011 1209 1074 1230 tertia
1093 1209 1170 1230 tertiae

320 1255 447 1278 Alexandri.
466 1255 489 1277 Et
508 1254 569 1277 istud
586 1260 646 1282 opus
658 1255 703 1277 iam
717 1254 852 1281 novissime,
865 1254 913 1276 scil.
926 1260 986 1276 anno
998 1253 1088 1275 Domini
1105 1253 1170 1290 10119Υ

318 1302 420 1329 primum
432 1302 454 1323 in
471 1301 546 1323 lucem
558 1300 698 1329 productum
710 1303 732 1322 et
749 1300 895 1328 impressioni
908 1299 1017 1322 traditum
1031 1307 1044 1319 1>
1061 1302 1104 1322 etc.
1116 1299 1170 1321 item

318 1349 429 1371 Auctorcs
440 1348 546 1370 editionis
557 1347 681 1369 Vaticanae
699 1346 801 1374 Operum
818 1347 840 1368 S.
854 1347 940 1368 Bonax'.
953 1345 1015 1368 idem
1031 1352 1090 1374 opus
1101 1352 1170 1374 saepe

318 1396 385 1417 citant
403 1396 425 1417 in
443 1394 517 1417 indice
535 1397 655 1417 auctorum
673 1394 704 1415 111.
724 1394 784 1416 Seni.
796 1393 818 1415 d.
831 1393 868 1415 23.
878 1395 900 1415 et
916 1393 1054 1421 seqq—P.
1067 1392 1169 1414 Matthias

317 1442 434 1469 Hauzeur,
447 1441 476 1464 de
488 1447 535 1470 quo
547 1441 604 1463 intra
617 1440 631 1469 Ξ,
643 1440 665 1462 7.
678 1441 810 1469 loquemur,
828 1440 849 1461 in
870 1446 940 1468 opere
964 1447 974 1459 vx
986 1439 1079 1461 Collatio
1101 1439 1169 1461 totius

318 1489 457 1516 theologiae,
476 1491 490 1510 t.
506 1487 531 1509 ll.
554 1493 567 1509 a
592 1487 633 1509 col.
656 1486 685 1509 77
716 1493 789 1515 usque
807 1487 850 1508 128
868 1489 940 1508 totum
965 1487 1009 1508 hoc
1030 1485 1169 1514 opusculum

317 1535 361 1558 sub
383 1535 447 1558 titulo
473 1542 482 1554 α
495 1534 686 1562 Supplementum
709 1534 797 1556 Alensis
809 1542 819 1553 »
839 1534 861 1555 in
885 1532 1049 1561 compendium
1066 1532 1167 1560 redegit,

317 1582 416 1605 editione
438 1583 479 1604 ista
497 1582 585 1604 loannis
607 1581 672 1603 Parvi
691 1587 753 1603 usus.
771 1580 846 1603 Altera
858 1581 927 1603 huius
937 1581 1015 1608 operis
1031 1579 1101 1602 editio
1117 1585 1168 1607 pro-

317 1629 358 1652 diit
379 1629 451 1651 Toleti
479 1628 535 1650 1530
556 1628 620 1656 apud
645 1628 705 1649 ioan.
733 1627 892 1656 Ulhaquiram,
922 1630 945 1649 ut
970 1627 1052 1649 asserit
1072 1626 1131 1648 ioan.
1154 1632 1166 1648 a

317 1677 339 1699 S.
356 1676 453 1698 Antonio
469 1676 492 1697 in
510 1681 551 1697 sua
568 1674 715 1696 Bibliotheca.

379 1723 529 1745 Nihilominus
551 1721 579 1744 de
602 1722 645 1744 hoc
661 1720 787 1749 opusculo,
810 1722 887 1743 utrum
904 1720 932 1742 sit
952 1718 1060 1749 fictitium
1083 1724 1166 1746 necne,

316 1776 399 1798 magna
417 1772 465 1792 orta
483 1772 517 1791 051
534 1768 702 1795 controversia,
726 1773 796 1796 quam
814 1773 841 1789 co
858 1766 965 1789 libentius
985 1766 1021 1788 hic
1038 1766 1165 1793 tangimus,

316 1816 379 1846 quod
398 1815 463 1838 nobis
491 1815 635 1837 occasionem
660 1813 771 1842 praebet,
794 1813 916 1842 reparandi
942 1818 1039 1841 gravem
1063 1818 1165 1835 errorem

316 1862 454 1890 Waddingi,
468 1863 489 1884 in
502 1868 571 1891 quem
584 1862 631 1889 vir,
644 1861 777 1890 ceteroquin
794 1861 909 1888 ingenuus
924 1863 944 1882 et
963 1860 1064 1882 veritatis
1075 1865 1165 1886 amans,

316 1910 413 1932 aliorum
435 1909 550 1934 relatione,
567 1911 590 1930 ut
608 1907 710 1935 videtur,
728 1907 850 1935 (1000111115,
868 1907 958 1929 incaute
976 1905 1064 1936 incidit,
1080 1908 1103 1928 et
1119 1911 1166 1934 quo

316 1963 328 1979 a
347 1957 382 1979 via
400 1958 460 1978 recta
473 1955 587 1977 abductus
599 1954 706 1976 nonnulla
719 1954 784 1982 dixit,
797 1960 856 1983 quae
868 1954 949 1976 honori
966 1954 1051 1976 summi
1062 1953 1166 1975 Doctoris

316 2002 338 2024 S.
357 2002 460 2024 Thomae
483 2001 602 2030 Aquinatis
624 2000 743 2028 derogant.
761 2000 815 2028 Alii,
839 2002 864 2022 ut
881 2000 939 2022 10311.
959 1999 988 2022 (10
1007 1999 1069 2027 llaye
1082 2002 1104 2021 et
1126 1999 1166 2021 Pe-

317 2052 365 2071 trus
377 2048 406 2071 de
423 2048 486 2074 Δ111-’.1,
508 2047 666 2075 Waddingum
684 2048 706 2068 in
724 2047 768 2069 hoc
785 2047 856 2069 secuti
879 2049 938 2068 sunt.
965 2045 1038 2068 110105
1064 2046 1165 2074 ingratae

316 2096 484 2118 controveisiae
497 2095 609 2123 originem
622 2097 644 2117 et
655 2099 814 2122 progressum,
834 2099 894 2122 quae
910 2098 937 2114 ex
954 2092 989 2114 his
1006 2098 1066 2120 quae
1082 2091 1165 2114 dicturi

316 2148 404 2169 5011105,
415 2145 437 2164 01
448 2142 578 2170 opinamur,
590 2141 689 2169 perfecte
701 2140 808 2168 componi
821 2142 906 2168 potest,
919 2138 1020 2161 brux-iter
1031 2138 1164 2161 reseramus.

380 2188 526 2216 Waddingus
543 2187 631 2216 [Annal.
649 2190 703 2209 tom.
722 2187 736 2208 l.
754 2186 783 2209 ad
800 2192 836 2208 an.
856 2184 922 2208 1245.
941 2191 979 2207 nn.
998 2185 1035 2206 20.
1053 2184 1100 2212 21.)
1120 2184 1165 2212 1111-

317 2241 355 2257 1110
378 2235 442 2257 affert
464 2234 579 2263 quaedam
602 2233 674 2256 verba
697 2233 806 2255 Gersonis
829 2233 888 2254 inter
909 2231 951 2253 alia
975 2231 1031 2253 haec
1056 2230 1164 2253 dicentis:

319 2289 329 2302 n
343 2282 465 2304 Testautur
482 2282 566 2309 scripta
583 2280 687 2303 eiusdem
706 2281 728 2302 S.
747 2280 850 2302 Thomae
861 2297 866 2307 ,
888 2279 987 2301 maxime
1004 2277 1110 2300 Secunda
1127 2278 1164 2300 Se-

317 2329 419 2356 cundae,
437 2335 507 2357 quam
523 2329 627 2351 intimam
644 2327 688 2350 sibi
705 2328 789 2350 fecerat
806 2330 828 2350 et
845 2327 980 2349 familiarem
1004 2326 1068 2349 illum
1093 2331 1163 2355 quem

318 2374 425 2397 laudabat
448 2375 565 2397 doctorem
588 2373 743 2396 Alexandrum
756 2382 777 2395 1>.
795 2372 882 2395 Deinde
902 2372 1050 2400 Waddingus
1071 2371 1164 2394 subiun-

317 2422 362 2450 git:
387 2421 514 2449 «intelligit
529 2421 615 2443 Gcrson
640 2421 760 2443 Summam
782 2420 894 2442 virtutum
916 2419 1025 2447 scriptam
1042 2417 1071 2440 ab
1088 2418 1164 2440 Alensi

317 2468 451 2490 familiarem
476 2468 621 2496 potissimum
645 2467 715 2489 [uisse
739 2466 761 2488 S.
780 2466 896 2493 Thomae,
918 2467 943 2488 ut
963 2471 1034 2494 quam
1059 2463 1163 2487 verbote-

318 2522 361 2538 nus
378 2516 444 2543 plene
456 2515 463 2529 ¹
483 2515 588 2537 Secunda
616 2514 735 2537 Secundae
756 2514 825 2536 huius
847 2514 954 2535 insertam
972 2513 1093 2540 excepit».
1116 2511 1164 2534 Hoc

318 2564 379 2586 nullo
405 2563 475 2585 modo
500 2562 601 2585 seribere
623 2562 734 2590 potuisset
755 2561 896 2583 clarissimus
917 2559 1045 2586 Annalista,
1070 2559 1088 2580 si
1113 2558 1164 2586 ipsc

316 2608 437 2631 Summam
455 2609 515 2631 1113111
538 2615 593 2637 prae
611 2607 718 2630 manibus
740 2607 864 2630 habuisset.
886 2607 971 2628 Similis
991 2606 1054 2628 enim
1070 2605 1163 2627 insertio

318 2655 373 2677 falsa
390 2661 441 2677 esse
458 2655 628 2678 demonstratur
648 2654 728 2684 primo
746 2654 853 2683 quidem,
870 2654 924 2682 quia
946 2652 1008 2675 istud
1024 2652 1163 2680 opusculum

318 2701 390 2729 duplo
407 2705 428 2723 et
445 2702 546 2729 amplius
562 2702 637 2724 maius
653 2704 698 2727 est,
717 2706 787 2730 quam
804 2706 830 2722 ea
847 2706 902 2728 pars
919 2700 1028 2722 Summae
1046 2699 1162 2727 Angelici,

317 2754 378 2777 quae
395 2748 488 2770 easdem
506 2750 585 2770 tractat
601 2748 758 2777 quaestiones,
776 2746 837 2769 unde
859 2753 903 2769 non
926 2749 1002 2775 potest
1022 2745 1163 2768 verbotenus

318 2796 340 2817 in
367 2796 427 2817 illam
452 2795 535 2823 excipi,
552 2794 663 2822 secundo,
683 2795 737 2823 quia
766 2798 864 2822 utraque
892 2800 980 2822 opera,
1013 2794 1071 2816 51001
1096 2792 1162 2815 nobis

1230 236 1282 261 post
1298 233 1493 263 qualemcumque
1511 235 1654 258 collationem
1680 237 1756 260 visum
1779 241 1823 265 cst,
1851 244 1895 260 11011
1921 240 2009 267 magis,
2035 240 2075 262 sed

1229 279 1306 306 potius
1323 280 1400 302 minus
1417 280 1475 302 inter
1491 286 1515 302 se
1537 282 1689 310 conveniunt,
1707 289 1776 311 quam
1794 283 1889 305 Summa
1906 284 2008 312 Angelici
2025 290 2076 306 con-

1229 326 1291 348 venit
1308 331 1361 347 eum
1379 326 1429 354 ipsa
1447 326 1575 355 theologica
1592 328 1688 350 Summa
1706 329 1833 351 Alexandri.

1291 372 1339 394 Non
1352 373 1448 398 mirum,
1461 373 1525 402 quod
1535 373 1668 402 Waddingo
1679 380 1730 397 sese
1741 378 1901 403 opposuerunt
1912 376 1990 404 plures
2001 377 2023 398 S.
2033 377 2076 398 Do-

1229 418 1306 440 minici
1331 418 1382 446 11111,
1408 419 1466 441 inter
1491 425 1550 448 quos
1575 420 1677 442 eminent
1697 421 1816 443 Echardus
1847 421 1854 449 (
1868 422 1996 450 Scriptores
2021 422 2075 445 Ord

1229 464 1309 487 Praed.
1327 468 1381 487 tom.
1399 465 1414 487 l.
1432 471 1485 493 pag.
1504 466 1556 488 318.
1574 472 1638 495 seqq.
1656 466 1693 489 ed.
1711 467 1780 489 l’aris.
1799 468 1806 489 l
1813 468 1873 496 721)
1904 471 1926 490 et
1941 469 1973 491 De
1990 468 2077 491 Rubeis

1230 510 1340 538 (Dissert.
1353 512 1443 533 criticae
1454 529 1460 539 ,
1472 511 1526 534 diss.
1543 511 1577 534 15.
1595 518 1614 534 0.
1632 512 1653 534 3.
1669 512 1712 540 4.).
1730 512 1752 534 111
1771 513 1815 535 1100
1826 516 1901 536 13111011
1914 514 1937 536 111
1948 514 1991 536 viri
2003 514 2077 537 erudi-

1229 558 1309 580 tissimi
1322 558 1379 581 ultra
1392 559 1474 581 limites
1485 560 1587 582 veritatis
1598 559 1687 587 abrepti
1702 564 1765 588 sunt,
1780 560 1843 589 quod
1854 561 1899 589 ipsi
1914 563 1966 589 post
1976 561 2076 584 Natalem

1228 604 1383 627 Alexandrum
1400 606 1466 628 istam
1476 606 1596 628 Summam
1609 607 1720 629 virtutum
1732 612 1792 634 opus
1803 607 1897 629 omnino
1906 606 2016 637 fictitium
2026 613 2077 630 esse

1228 651 1378 673 affirmarunt.
1401 651 1456 673 Nam
1480 651 1597 674 Echardus
1620 651 1674 674 dicit
1696 652 1756 680 (loc.
1781 652 1816 674 cit.
1842 658 1896 681 pag.
1914 653 1967 675 319.
1984 659 2003 675 e.
2022 653 2074 681 11.);

1233 705 1243 717 ιι
1253 697 1316 719 Unde
1329 700 1442 727 quotquot
1458 699 1490 720 rei
1509 699 1629 721 litterariae
1646 699 1713 727 periti
1729 699 1775 720 iam
1793 700 1944 728 conveniunt,
1955 705 2015 728 opus
2026 706 2078 722 0550

1228 750 1287 771 pure
1298 744 1430 766 fictitium».
1442 745 1539 772 Insuper
1550 745 1637 772 asserit,
1651 745 1750 767 Natalem
1762 745 1918 768 Alexandrum
1930 746 2014 768 invicte
2026 752 2076 775 pro-

1227 790 1308 819 basse.
1321 791 1441 814 liniensem
1453 797 1498 814 non
1515 792 1590 814 solum
1602 792 1722 814 Summam
1733 793 1793 815 illam
1805 794 1917 815 virtutum
1934 794 2076 816 utSummae

1229 837 1370 865 theologicae
1387 838 1629 865 supplementumnon
1646 838 1778 866 scripsisse,
1796 838 1838 861 sed
1856 844 1897 861 1100
1913 838 2015 861 scribere
2034 845 2076 869 po-

1229 882 1309 910 tuisse,
1327 883 1388 905 «hoc
1399 882 1545 907 ineluctabili?
1559 885 1710 912 ornamento,
1724 884 1787 913 quod
1799 885 1872 912 ipsam
1884 885 2005 907 Summam
2015 885 2076 908 theo-

1229 930 1327 957 logicam
1339 930 1442 952 llalensis
1453 936 1498 952 non
1510 930 1668 958 compleverit.
1680 930 1723 959 Qui
1736 931 1845 953 Summae
1856 936 1912 953 suae
1923 931 2077 959 supplemen-

1229 978 1276 998 tum
1299 975 1386 998 addere
1408 977 1532 1004 cogitasset
1553 976 1666 1004 Halensis‚
1690 977 1729 1005 qui
1752 982 1804 998 eam
1829 976 1949 998 Summam
1971 976 2075 1000 nondum

1228 1021 1327 1049 finierat,
1353 1028 1407 1044 cum
1429 1023 1536 1045 humanis
1552 1025 1673 1050 exemptus
1690 1026 1724 1045 est
1741 1024 1765 1045 »ξ’
1791 1022 1836 1045 Sed
1861 1023 1905 1045 1100
1928 1022 2076 1047 ineluctabile

1227 1068 1397 1097 orymnentum
1409 1074 1474 1090 suam
1487 1068 1563 1097 perdit
1573 1069 1628 1097 vim,
1641 1069 1659 1091 si
1672 1069 1707 1091 vel
1720 1070 1866 1097 supponitur,
1878 1069 1944 1091 istam
1956 1070 2075 1092 Summam

1227 1115 1339 1136 virtutum
1353 1114 1424 1144 prius
1435 1115 1544 1142 scriptam
1561 1120 1612 1137 esse
1634 1120 1704 1143 quam
1717 1114 1824 1142 alteram,
1843 1114 1879 1137 vel
1900 1115 1981 1143 etiam,
1998 1115 2017 1137 si
2035 1116 2074 1138 ista

1228 1162 1323 1184 Summa
1342 1167 1386 1184 non
1404 1164 1439 1184 est
1454 1167 1514 1192 opus
1525 1161 1675 1189 distinctum,
1695 1161 1737 1184 sed
1753 1162 1865 1190 scriptum
1877 1167 1905 1184 eo
1922 1161 1978 1190 fine,
1997 1165 2021 1184 ut
2032 1163 2075 1190 ipsi

1228 1208 1337 1230 Summae
1354 1209 1493 1230 insereretur
1510 1211 1619 1237 tanquam
1635 1208 1740 1230 eiusdem
1758 1214 1819 1236 pars.
1831 1208 1892 1230 Haec
1903 1210 1981 1230 autem
1997 1214 2076 1231 secun-

1228 1253 1257 1276 da
1271 1254 1400 1282 suppositio
1417 1254 1523 1282 congruit
1540 1254 1585 1282 rei,
1602 1254 1661 1276 sicut
1677 1256 1718 1276 est.

1290 1301 1431 1329 Argumenta
1443 1300 1540 1323 Echardi
1552 1301 1601 1323 aliis
1613 1299 1691 1323 verbis
1703 1300 1784 1328 repetit
1796 1299 1827 1322 De.
1848 1299 1941 1328 hubeis,
1960 1300 2001 1328 qui
2018 1299 2075 1329 (loc.

1227 1349 1263 1370 cit.
1277 1354 1296 1370 c.
1309 1347 1340 1376 4.)
1352 1347 1428 1370 addit:
1444 1356 1454 1367 α
1465 1347 1533 1376 Quod
1545 1347 1624 1376 (opus)
1637 1350 1755 1375 postremo
1767 1347 1785 1369 si
1798 1345 1881 1369 alicubi
1897 1349 1937 1368 aut
1953 1347 2014 1374 typis
2030 1346 2075 1369 edi-

1227 1399 1276 1418 tum
1296 1398 1335 1418 aut
1353 1395 1537 1422 manuscriptum
1557 1394 1699 1422 reperiatur,
1711 1393 1736 1416 in
1754 1392 1830 1416 lucem
1845 1393 1954 1423 proferre
1969 1393 2076 1423 postula-

1226 1447 1280 1464 mus
1290 1460 1296 1469 ,
1310 1444 1335 1464 ut
1351 1447 1404 1463 011111
1422 1441 1518 1463 Summa
1531 1441 1658 1468 theologica
1670 1440 1692 1462 S.
1705 1440 1809 1462 Thomae
1820 1440 1917 1468 eiusque
1929 1439 2074 1467 potissimum

1226 1489 1331 1511 Secunda
1349 1487 1469 1510 Secundae
1486 1488 1622 1510 conseratur.
1635 1486 1747 1510 Nondum
1765 1486 1901 1516 comparuit
1916 1485 1977 1509 illud
2001 1492 2075 1516 neque

1225 1535 1312 1565 polerit
1326 1540 1434 1565 unquam
1449 1533 1569 1562 exhiberi,
1589 1534 1630 1556 nisi
1651 1534 1745 1556 sortasse
1760 1539 1788 1555 eo
1808 1533 1918 1556 audaciae
1936 1534 2075 1562 processerit.

1225 1582 1354 1610 quispiam,
1369 1583 1395 1602 ut
1411 1581 1485 1608 ipsam
1498 1579 1628 1602 Secundam
1639 1579 1759 1602 Secundae
1770 1580 1792 1602 S.
1811 1580 1915 1602 Thomae
1933 1579 2074 1602 verbotenus

1226 1627 1341 1650 describat
1356 1633 1455 1655 eamque
1472 1626 1516 1649 sub
1534 1626 1634 1649 doctoris
1651 1626 1754 1648 Halensis
1769 1626 1873 1653 nomine,
1890 1626 1997 1653 apposito
2010 1626 2074 1648 Sum-

1225 1681 1277 1697 mae
1294 1676 1404 1697 rirtutem
1422 1674 1498 1702 titulo,
1516 1673 1553 1696 edi
1571 1676 1668 1696 curet».

1288 1720 1316 1743 Ut
1332 1722 1422 1746 autem,
1434 1722 1546 1748 quantum
1559 1720 1607 1742 iieri
1619 1726 1631 1741 a
1645 1719 1712 1741 nobis
1723 1721 1810 1747 potest,
1822 1725 1877 1741 vera
1893 1725 1905 1741 a
1923 1719 1985 1741 salsis
2000 1724 2073 1741 secer—

1224 1770 1308 1790 nantur
1325 1770 1347 1789 et
1364 1767 1447 1795 cuique
1459 1766 1523 1795 quod
1535 1772 1604 1788 suum
1617 1769 1651 1788 est
1663 1765 1787 1792 tribuatur.
1801 1768 1847 1788 tres
1858 1766 2005 1795 quaestiones
2015 1765 2073 1788 iuter

1223 1820 1247 1837 se
1259 1813 1435 1842 distinguendae
1448 1815 1507 1841 50111,
1519 1813 1567 1835 5011.
1577 1808 1660 1841 11111110,
1673 1815 1751 1835 utrum
1763 1812 1824 1835 istud
1834 1818 1893 1840 opus
1902 1811 1932 1835 de
1945 1811 2072 1834 Virtutibus

1223 1866 1236 1882 3
1255 1859 1387 1887 Waddingo
1399 1859 1542 1881 nominatum
1557 1864 1640 1881 revera
1652 1859 1764 1886 scriptum
1776 1859 1804 1881 sit
1815 1861 1838 1880 et
1848 1858 1924 1881 adhuc
1940 1860 2021 1886 exstet,
2039 1864 2072 1880 se—

1223 1906 1308 1932 cundo.
1317 1909 1394 1929 utrum
1406 1906 1534 1928 Alexander
1544 1906 1647 1928 llalensis
1658 1905 1763 1928 eiusdem
1774 1905 1803 1928 sit
1813 1908 1899 1932 300101,-
1912 1905 1984 1932 tertie,
1994 1907 2071 1927 utrum

1223 1954 1246 1977 S.
1265 1954 1367 1976 Thomas
1383 1954 1410 1976 10
1422 1959 1464 1975 sua
1481 1952 1587 1975 Secunda
1604 1952 1724 1975 Secundae
1736 1952 1779 1974 1100
1795 1951 1854 1974 libro
1871 1952 1900 1973 ita
1918 1957 1974 1974 usus
1991 1951 2029 1979 sit,
2048 1954 2073 1973 ut

1223 2001 1371 2028 Waddingus
1387 2000 1474 2023 asserit.

1286 2047 1350 2071 Circa
1365 2047 1474 2077 primum
1492 2046 1546 2069 nihil
1563 2046 1628 2068 dubii
1645 2046 1792 2074 relinquitur,
1807 2050 1863 2068 ,cum
1880 2045 1946 2073 plura
1958 2045 2070 2073 exempla-

1222 2096 1254 2117 ria
1266 2094 1372 2117 editionis
1384 2094 1527 2120 parisiensis,
1540 2099 1609 2121 quam
1620 2098 1690 2120 supra
1702 2092 1879 2120 descripsimus,
1891 2091 1967 2113 adhuc
1976 2093 2070 2114 exstent..

1223 2141 1276 2163 Tria
1288 2146 1368 2163 eorum
1381 2140 1482 2168 propriis
1493 2139 1566 2161 oculis
1578 2139 1660 2161 nostris
1672 2137 1784 2160 vidimus:
1796 2137 1844 2159 duo
1855 2136 1950 2166 quidem
1960 2137 2070 2159 Monachii

1222 2189 1244 2210 in
1257 2187 1394 2211 bibliotheca
1407 2187 1478 2215 Regia
1488 2189 1509 2209 et
1524 2187 1615 2209 tertium
1629 2186 1651 2207 in
1667 2188 1744 2207 nostro
1759 2187 1873 2207 conventu
1891 2184 1988 2206 civitatis
1999 2183 2070 2213 Belgi-

1222 2239 1262 2255 cae
1280 2234 1301 2256 S.
1320 2233 1436 2256 Trudonis
1454 2232 1498 2261 (St.
1517 2231 1622 2259 Trana),
1645 2230 1708 2260 quod
1726 2231 1856 2253 accuratius
1878 2230 2070 2252 examinavimus.

1221 2280 1270 2302 Non
1283 2279 1429 2307 dubitamus,
1446 2278 1510 2308 quod
1522 2279 1590 2301 etiam
1603 2277 1655 2300 alibi
1670 2277 1713 2300 alia
1725 2276 1863 2305 exemplaria
1874 2275 1978 2298 eiusdem
1994 2276 2071 2304 operis

1221 2327 1373 2349 inveniantur.
1391 2326 1472 2348 Mirum
1490 2330 1544 2347 sane
1561 2323 1663 2351 videtur,
1680 2323 1823 2350 Echardum,
1835 2323 1912 2345 virum
1927 2328 1983 2345 sane
1994 2322 2070 2350 impri-

1221 2373 1265 2395 mis
1281 2372 1397 2395 eruditum
1414 2374 1437 2394 et
1452 2374 1559 2398 acutum,
1580 2374 1603 2393 et
1621 2372 1674 2399 post
1689 2375 1743 2392 eum
1760 2369 1793 2391 De.
1815 2368 1902 2391 Ruheis
1924 2367 1981 2390 illud
1997 2373 2068 2396 opus,

1221 2419 1250 2442 de
1259 2425 1306 2448 quo
1316 2421 1348 2441 tot
1356 2418 1406 2441 libri
1419 2417 1529 2440 testificati
1540 2419 1618 2444 erant,
1631 2416 1774 2444 argumentis
1784 2415 1875 2438 levibus
1884 2417 1993 2443 tanquam
2003 2414 2071 2443 plane

1220 2466 1324 2490 fictitium
1341 2465 1499 2488 demonstrare
1514 2463 1623 2485 voluisse.

1283 2512 1328 2535 Etsi
1351 2514 1427 2534 autern
1445 2511 1467 2532 in
1486 2510 1529 2532 hoc
1544 2509 1608 2539 facto
1624 2511 1769 2537 erraverunt,
1788 2512 1864 2531 tamen
1881 2507 1959 2537 quoad
1976 2506 2069 2530 termam

1220 2559 1392 2588 quaestionem,
1410 2560 1487 2580 utrum
1506 2557 1529 2580 S.
1547 2555 1727 2579 Thomas-istud
1744 2561 1804 2583 opus
1831 2555 2009 2583 transcripserit,
2026 2560 2069 2582 pro

1220 2606 1315 2628 veritate
1332 2608 1354 2627 et
1371 2605 1454 2627 iustitia
1471 2603 1555 2626 tuenda
1573 2603 1608 2625 his
1627 2601 1760 2625 auctoribus
1784 2602 1878 2624 omnino
1895 2600 2070 2624 concedendum

1220 2654 1265 2680 est,
1283 2652 1433 2674 assertionem
1450 2649 1577 2677 Waddingi
1594 2655 1645 2671 esse
1661 2654 1790 2675 erroneam.
1802 2648 1851 2671 Nec
1862 2647 2002 2675 dubitamus,
2013 2648 2068 2677 quin

1221 2699 1271 2727 ipse
1283 2697 1437 2725 Waddingus,
1450 2697 1469 2719 si
1480 2698 1547 2719 istam
1560 2697 1680 2718 Summam
1692 2696 1803 2720 virtutum
1815 2696 1973 2722 examinasset,
1981 2695 2068 2716 sincere

1220 2746 1375 2771 retractasset,
1392 2749 1453 2772 quae
1470 2745 1548 2765 contra
1565 2743 1677 2764 honorem
1695 2742 1717 2764 S.
1736 2742 1839 2764 Thomae
1856 2744 1878 2763 et
1893 2744 1972 2763 contra
1988 2741 2068 2763 verita-

1220 2794 1266 2814 tem
1288 2792 1418 2819 scripserat.
1436 2790 1492 2812 Nam
1509 2790 1527 2812 si
1545 2789 1665 2817 paululum
1682 2789 1825 2810 examinatur
1841 2786 1902 2809 istud
1918 2792 1989 2814 opus,
2006 2787 2067 2808 inve.-

378 2954 393 2972 i.
408 2953 488 2972 Videt-ir
505 2958 546 2971 esse
561 2958 613 2971 error
634 2958 667 2976 pro
680 2958 736 2976 pene,
755 2955 774 2971 ut
788 2953 856 2976 legitur
869 2952 888 2970 in
902 2952 938 2971 sine
956 2954 1069 2971 memoratae
1082 2952 1175 2970 Summae.
