2253 3317
864 161 1043 190 PRAEFATIO
1066 162 1252 190 GENERALIS.
1885 162 1917 190 Xl

173 243 262 277 1879
288 241 416 288 plures
440 240 694 275 bibliothecas
718 239 851 274 ltaliae
877 239 971 273 adiit
996 243 1034 272 et
1059 251 1135 272 non
1161 251 1295 285 parum
1323 252 1431 274 curae
1450 244 1487 274 et
1512 239 1651 274 laboris
1674 240 1855 286 suscepit,
1875 244 1918 274 ut

171 313 269 335 novo
296 300 466 345 Collegio
493 299 767 333 bibliothecam
794 298 949 344 optimis
974 297 1021 331 ad
1047 310 1125 331 rem
1151 298 1375 332 instructam
1402 298 1579 345 operibus
1611 303 1854 345 compararet.
1882 299 1915 333 Α

171 359 267 394 festo
293 358 446 393 tandein
473 357 507 393 S.
535 357 832 403 Bonaventurae,
862 357 905 391 14
930 356 1020 390 Iulii
1040 356 1146 402 1879,
1176 369 1252 390 una
1277 370 1364 391 cum
1383 362 1528 403 septem
1546 357 1738 392 sodalibus
1756 357 1810 392 ibi
1829 371 1915 393 0011-

170 418 336 464 gregatis
361 416 638 463 praeparationi
663 416 856 462 proximae
883 415 1051 449 eiusdem
1077 415 1253 449 editionis
1278 417 1368 450 totis
1393 416 1538 451 viribus
1563 416 1819 451 incumbebat.

265 475 337 511 Sed
363 474 601 510 inscrutabili
628 475 778 508 divinae
806 473 1071 508 Provide-ntiae
1098 474 1255 508 consilio
1283 475 1459 521 contigit,
1483 480 1526 509 ut
1554 475 1593 509 in
1621 475 1915 521 Quadragcsima

169 535 259 569 ‘anni
293 535 397 580 1880,
430 534 522 568 dum
559 533 763 568 nonnullas
800 533 1001 579 superioris
1032 531 1164 566 Italiae
1194 532 1447 568 bibliothecas
1478 534 1596 569 nimio
1632 534 1760 569 labore
1790 534 1914 580 perlu-

170 593 321 639 strabat,
340 605 494 638 germen
522 592 659 638 morbi,
688 604 762 638 quo
787 596 1007 637 peremptus
1033 596 1102 638 est,
1131 592 1348 638 susciperet.
1375 591 1506 627 Morbo
1532 593 1599 628 illo
1617 593 1655 627 in
1674 593 1748 627 fine
1775 594 1915 628 mensis

169 651 258 686 Maii
284 651 452 686 eiusdem
478 651 568 685 anni
595 651 897 696 ingravescente,
925 649 1002 684 fere
1029 650 1076 684 ab
1103 650 1233 684 eodem
1260 654 1428 696 tempore
1446 664 1513 697 per
1529 664 1671 686 annum
1698 656 1735 686 et
1758 652 1858 686 ultra
1874 651 1914 685 in

168 711 268 745 lecto
294 709 519 744 decumbere
546 709 769 755 cogebatur,
789 709 882 755 quin
900 713 1029 743 tamen
1047 709 1255 755 quidquam
1275 709 1320 743 de
1339 709 1484 755 ingenii
1510 710 1713 755 alacritate,
1733 710 1779 744 de
1796 710 1913 744 animi

169 768 406 814 fortitudine,
433 768 479 802 de
506 768 559 802 rei
576 768 745 814 agendae
771 767 1029 802 sollicitudine
1048 768 1270 814 remitteret,
1298 768 1417 802 donec
1443 768 1547 803 lenta
1572 769 1658 804 tabe
1677 773 1911 814 consumtus,

169 827 386 873 saepissime
406 826 674 868 *Eucharistico
701 826 786 861 cibo
804 826 964 872 aliisque
984 825 1177 860 Ecclesiae
1196 825 1445 862 Sacramentis
1462 827 1532 862 rite
1557 829 1741 875 munitus,
1768 827 1913 863 Summi

168 885 365 920 Pontificis
396 885 660 920 benedictione
692 885 914 931 Apostolica
946 889 983 919 et
1014 885 1150 919 ultimo
1184 886 1284 919 vitae
1318 898 1405 920 suae
1437 886 1497 920 dic
1529 887 1716 933 presentia
1747 886 1845 922 Rmi
1872 887 1911 922 P.

170 944 379 990 Generalis,
408 945 466 979 sui
491 945 531 978 111
559 943 706 979 Christo
733 944 866 990 patris,
907 944 1122 978 consolatus
1161 948 1198 978 et
1229 944 1380 978 (livinae
1412 944 1598 979 voluntati
1636 946 1788 991 penitus
1826 947 1913 980 resi-

168 1008 322 1049 gnatus,
354 1003 416 1049 pie
456 1003 555 1037 inter
591 1002 765 1037 Fratrum
806 1015 937 1049 preces
963 1003 1001 1036 in
1029 1002 1194 1037 Domino
1221 1002 1467 1049 obdormivit,
1495 1003 1555 1037 die
1582 1003 1678 1038 festo
1705 1004 1738 1039 S.
1766 1003 1910 1051 Clarae,

172 1062 214 1095 12
233 1062 398 1107 Augusti
416 1061 618 1107 superioris
635 1062 725 1095 anni
745 1062 845 1096 1881.
868 1061 1132 1096 Oonszcnimcctiis
1157 1062 1195 1096 iii
1221 1061 1313 1096 brevi
1338 1061 1482 1108 azplew't
1508 1065 1659 1109 tempora
1684 1063 1795 1098 *ni'zcltci
1813 1063 1911 1110 (Sap.

169 1120 206 1166 4,
237 1120 305 1166 13),
333 1120 441 1154 cuius
466 1120 646 1154 memoria
672 1120 711 1154 in
737 1119 1003 1154 benedictione
1030 1121 1087 1154 sit.

1016 1236 1064 1271 Π.

262 1354 332 1390 His
359 1355 568 1390 secundum
594 1367 719 1389 rerum
744 1355 915 1389 ordinem
933 1355 1129 1402 enarratis,
1149 1355 1315 1389 breviter
1330 1368 1601 1403 proponamus,
1622 1357 1713 1403 quid
1730 1370 1797 1403 pro
1815 1371 1913 1393 nova

169 1414 333 1449 editione
359 1413 577 1448 faciendum
603 1426 625 1448 a
650 1413 965 1459 praecedentibus
991 1413 1200 1448 editoribus
1226 1414 1337 1448 nobis
1363 1414 1539 1449 relictum
1565 1416 1624 1450 sit.

262 1472 410 1508 Primus
435 1473 589 1520 quidem
616 1471 787 1507 defectus
813 1472 966 1507 illarum
992 1473 1202 1507 editionum
1227 1477 1299 1520 est,
1327 1473 1428 1519 quod
1454 1478 1580 1508 textus
1597 1475 1637 1508 in
1664 1475 1770 1510 nullo
1796 1475 1913 1510 edito-

167 1545 251 1567 rum
277 1544 433 1578 operum
459 1536 515 1566 est
539 1531 652 1578 plene
679 1535 884 1577 correctus,
911 1532 1028 1566 immo
1054 1532 1093 1565 in
1119 1531 1296 1577 plurimis
1322 1532 1499 1578 operibus
1525 1537 1644 1567 scatet
1661 1534 1825 1581 mendis,
1860 1535 1912 1569 la-

169 1591 277 1626 cunis
307 1596 421 1637 atque
452 1590 826 1637 interpolationibus,
860 1603 955 1637 quae
981 1591 1021 1624 in
1054 1590 1279 1625 Vaticanam
1310 1591 1515 1625 editionem
1546 1592 1776 1638 irrepserunt
1806 1598 1844 1627 et
1872 1594 1912 1628 in

169 1654 368 1697 sequentes
394 1649 633 1684 transierunt.
661 1648 856 1684 Nonnulla
881 1662 993 1695 opera
1018 1650 1094 1683 iam
1119 1650 1159 1684 in
1184 1650 1317 1696 primis
1344 1650 1575 1685 editionibus
1600 1663 1675 1685 non
1701 1651 1775 1686 nisi
1802 1652 1911 1687 valde

168 1709 303 1743 mutila
329 1713 366 1742 et
392 1708 525 1742 vitiata
549 1709 589 1742 111
614 1708 740 1742 lucem
766 1708 1002 1754 prodierunt,
1030 1709 1081 1742 ita
1108 1713 1150 1743 ut
1176 1709 1241 1742 vix
1267 1708 1446 1743 mediocri
1485 1709 1655 1756 ingenio,
1683 1710 1823 1745 nedum
1851 1711 1912 1746 Se-

168 1768 322 1814 raphico
348 1767 509 1802 Doctore
535 1767 652 1813 digna
677 1767 886 1801 videantur.
912 1766 966 1802 Ut
991 1767 1037 1801 de
1062 1767 1146 1801 aliis
1172 1767 1279 1802 libris
1297 1767 1469 1802 hocloco
1487 1772 1693 1814 taceamus,
1714 1769 1794 1815 ipse
1815 1769 1931 1804 Com-·

168 1826 359 1862 memmius
384 1826 422 1860 iii
449 1825 553 1860 libros
578 1824 836 1861 Sententiarum
861 1825 965 1860 vitiis
991 1825 1102 1860 modo
1119 1826 1334 1860 memoratis
1353 1826 1509 1860 mininie
1528 1831 1637 1861 caret.
1665 1826 1721 1861 De
1746 1828 1817 1862 1100
1835 1829 1910 1862 iam

169 1889 398 1932 conquestus
423 1889 479 1919 est
504 1884 635 1919 Petrus
665 1884 835 1932 Triyosus
853 1883 894 1919 O.
914 1883 947 1919 S.
966 1883 1024 1918 Fr.
1053 1884 1191 1930 Capuc.
1210 1884 1216 1901 ¹
1247 1884 1306 1919 his
1324 1884 1465 1919 verbis:
1493 1884 1652 1919 «Omnia
1669 1887 1908 1933 exemplaria,
1927 1907 1929 1911 ·

169 1957 264 1991 quae
291 1957 361 1990 ego
388 1943 466 1978 vidi
494 1944 634 1989 (agitur
658 1943 704 1977 de
731 1943 894 1990 quodam
920 1943 1003 1978 loco
1020 1943 1061 1977 in
1080 1947 1221 1989 quaest.
1242 1943 1271 1977 1.
1291 1942 1470 1989 Prologi),
1490 1948 1579 1978 sunt
1595 1945 1788 1991 mendosa,
1809 1946 1910 1992 quod

169 2003 385 2050 frequenter
409 2003 563 2037 invenio
588 2003 628 2036 in
654 2002 725 2036 isto
752 2001 954 2048 Sei-aphico
980 2001 1152 2036 Doctore.
1179 2000 1228 2036 Et
1253 2001 1364 2036 valde
1397 2002 1521 2048 doleo,
1550 2003 1652 2048 quod
1677 2007 1805 2038 tantus
1835 2003 1908 2039 Do-

169 2067 249 2097 ctor
273 2066 331 2097 tot
356 2065 497 2096 scateat
521 2061 683 2107 mendis,
711 2061 812 2107 quod
837 2061 964 2095 nescio
990 2060 1129 2107 quibus
1156 2061 1205 2095 sit
1230 2060 1507 2106 imputandum.
1536 2060 1771 2096 Eius-tamen
1798 2075 1910 2108 opera

169 2121 368 2155 emendata
392 2124 430 2155 et
453 2124 564 2154 aucta
591 2119 653 2154 fel.
680 2118 944 2155 record-sixti
971 2119 1016 2154 V.
1043 2118 1083 2153 P.
1111 2118 1159 2154 M.
1186 2120 1290 2153 iussu
1320 2119 1430 2153 valde
1457 2119 1761 2155 desiderantur».
1789 2120 1910 2156 Multa

169 2180 377 2226 specimina
402 2191 545 2225 eorum,
574 2191 670 2225 quac
694 2183 777 2213 tum
803 2179 843 2212 in
872 2177 1124 2213 Commentario
1149 2177 1197 2212 ad
1234 2177 1453 2223 Sententias,
1475 2182 1558 2212 tum
1584 2179 1623 2212 in
1659 2178 1928 2215 Commentario

168 2238 215 2274 ad
239 2238 469 2273 Ecclesiasteii
495 2238 633 2272 omissa
658 2241 761 2283 sunt,
789 2236 900 2272 offert
924 2237 1077 2271 laudata
1096 2236 1203 2271 Ratio
1221 2248 1326 2271 novae
1344 2236 1551 2271 collectionis
1581 2242 1649 2272 etc.
1665 2238 1677 2255 ‘²
1702 2237 1816 2273 Plura
1836 2239 1910 2273 alia.

170 2297 378 2344 specimina
403 2296 623 2343 suppeditat
643 2296 705 2330 hic
723 2296 869 2342 primus
895 2300 1043 2330 nostrae
1069 2295 1245 2329 editionis
1271 2299 1396 2330 tomus
1413 2294 1490 2329 fere
1509 2296 1548 2329 in
1566 2296 1728 2342 singulis
1745 2298 1919 2345 paginis,

169 2356 343 2403 quamvis
374 2355 420 2389 de
449 2355 624 2401 plurimis
650 2354 837 2389 erroribus
868 2354 1157 2400 typographicis
1182 2367 1229 2387 110
1256 2354 1487 2388 mentionem
1515 2354 1668 2400 quidem
1697 2355 1907 2391 fecerimus.

170 2414 292 2450 Grave
317 2414 389 2449 hoc
416 2414 554 2448 vitium
580 2414 789 2448 editionum
815 2413 1123 2460 praecedentium
1148 2411 1350 2446 manifeste
1377 2418 1628 2458 opportunam
1660 2426 1739 2448 esse
1771 2424 1908 2449 novam

169 2473 374 2508 editionem
411 2472 647 2518 comprobat,
686 2485 756 2506 nec
787 2471 995 2506 remedium
1029 2475 1159 2505 contra
1184 2470 1281 2505 illud
1313 2470 1483 2505 exhiberi
1509 2484 1618 2517 posse
1645 2477 1807 2519 constat,
1835 2474 1908 2509 nisi

170 2531 353 2567 consultis
378 2530 553 2577 pluribus
579 2535 616 2565 et
641 2530 861 2565 melioribus
887 2529 1093 2565 codicibus.
1121 2528 1253 2564 Sciunt
1271 2530 1371 2563 enim
1390 2542 1519 2564 onmes
1536 2531 1688 2577 eruditi,
1708 2531 1907 2578 plerosque

170 2590 319 2625 codices
350 2589 549 2624 oscitantia
586 2594 624 2624 et
660 2589 851 2635 imperitia
887 2588 1175 2623 amanuensium
1204 2588 1379 2633 plurimis
1416 2588 1564 2623 mendis
1595 2594 1632 2623 et
1656 2589 1803 2625 lacunis
1829 2603 1907 2626 csse

171 2652 374 2694 corruptos.
402 2647 485 2682 Hoc
511 2648 674 2682 maxime
705 2647 846 2682 accidit
877 2647 1037 2681 saeculis
1062 2659 1084 2680 a
1108 2646 1216 2686 XIII.
1243 2647 1290 2680 ad
1315 2646 1417 2693 XV.;
1444 2647 1582 2693 partim
1609 2647 1657 2682 ob
1684 2649 1908 2695 scripturam

170 2707 301 2741 multis
327 2706 434 2752 siglis
460 2707 538 2741 sive
564 2707 663 2741 notis
689 2706 980 2752 compendiariis
998 2705 1108 2739 valde
1125 2704 1383 2739 abbreviatam
1401 2705 1560 2752 ideoque
1578 2706 1680 2741 lectu
1698 2719 1807 2753 saepe
1825 2720 1908 2754 per—

171 2765 381 2810 difficilem,
408 2765 546 2811 partim
578 2764 627 2799 ob
660 2764 945 2799 multitudinem
976 2763 1215 2798 librariorum
1240 2763 1516 2809 imperitorum,
1545 2765 1612 2810 qui
1639 2770 1835 2811 quaestum
1863 2779 1908 2800 ex

265 2906 272 2919 ¹
290 2905 385 2927 Summa
401 2905 468 2927 theol.
487 2905 508 2926 S.
525 2905 713 2933 Bonaventume,
730 2905 836 2933 Lugduni
858 2906 914 2928 1616
925 2924 930 2934 ,
948 2912 1001 2933 pag.
1021 2905 1063 2933 Ἰ18,
1081 2905 1122 2927 col.
1146 2906 1161 2927 Ι.

264 2948 273 2963 ‘³
291 2948 345 2970 Pars
361 2948 392 2977 11,
410 2954 463 2976 pag.
482 2948 526 2969 200
543 2954 607 2976 seqq.
