2253 3317
762 168 793 197 IN
815 166 975 196 ttABRUM
995 166 1255 197 SENTssNiiARUM.

204 249 235 270 19.
253 247 277 271 S.
289 246 435 275 Benedictus,
450 245 592 270 Patriurchu
605 246 778 271 Monachorum
790 243 977 269 occillenmiium.

132 295 222 323 Regula
240 297 263 317 et
279 294 404 323 opuscula,
423 294 502 316 Patrol.
521 294 609 321 Latina,
628 297 681 316 tom.
700 294 737 316 66.

198 341 235 364 20.
252 341 276 365 S.
293 340 440 369 Bernartius,
454 339 531 364 Abbas
542 339 704 364 Claraecallis.
717 340 791 369 Opera
803 340 890 367 omnia,
907 338 978 361 Vene-

136 389 172 410 tiis
193 388 260 416 1765,
279 390 333 420 tom.
351 388 364 409 6
383 387 444 414 (voli.
463 387 493 415 3).

197 434 234 455 21.
251 433 370 461 Boethius,
384 432 489 456 Manlius
501 432 635 457 Set-erinus.
648 432 723 462 Opera
734 434 824 460 omnia,
842 433 923 460 Migne,
939 432 979 454 l’a-

130 481 184 504 arol.
201 481 286 507 Latina,
305 483 358 502 tom.
376 480 412 502 63.
431 479 468 502 64.

198 528 234 550 22.
252 526 409 554 Caelestinus,
429 527 501 556 Papa.

198 575 234 596 23.
253 573 377 602 Callistus,
398 574 470 603 Papo.

197 620 233 643 24.
251 620 357 644 Conone-5
373 620 444 643 sacri.
463 620 520 642 Vide
536 620 591 642 inira
609 619 653 642 sub
671 625 692 642 n.
710 619 746 641 53.

197 666 233 688 25.
251 665 387 689 Cassianus.
404 665 489 693 Opera,
508 665 588 687 rau-01.
606 665 694 691 Latina,
713 668 766 687 tom.
781 664 817 687 49.
835 664 871 686 50.

197 713 233 734 26.
259 711 426 739 Cassiodorus,
450 712 553 741 Maynus
574 710 693 734 Aurelius.
718 711 798 733 Patrol.
815 711 903 738 Latina,
921 714 976 733 tom.

129 760 170 782 69,
187 759 224 782 70.

196 806 232 828 27.
245 806 275 828 De
286 805 373 834 causis,
393 806 450 828 liber
466 813 478 828 a
490 806 511 828 S.
526 806 610 828 Bonax.
622 805 698 828 adime
710 804 821 827 Aristoteli
836 804 975 832 adscriptus,

127 853 172 881 alui
190 855 264 875 tamen
282 853 380 874 continet
398 854 484 874 tantum
501 853 617 879 excerpta,
635 850 760 880 aquodam
778 851 894 878 incognito
906 850 976 878 philo-

133 898 206 926 sopho
218 897 294 920 Arabo
304 897 360 920 sacta
372 903 399 920 ex
408 897 466 920 libro
478 897 631 925 Neoplatonici
641 897 770 925 philosophi
783 897 854 919 Procli
862 894 977 927 στοιχείω-

132 952 167 969 σις
183 943 315 973 θεολογική,
333 945 372 973 qui
390 945 489 967 continet
504 945 614 966 elementa
633 944 809 972 metaphysieae.
827 943 895 965 Istum
913 942 976 965 libel-

128 991 180 1013 lum
192 991 325 1014 Get-nardus
341 997 353 1012 a
371 990 483 1013 Cremona
502 990 532 1017 (ἢ-
551 989 623 1017 1187)
640 990 663 1012 in
679 989 783 1012 Latinum
801 990 913 1011 convertit
931 988 975 1011 suh

132 1038 196 1059 titulo
208 1036 235 1060 dc
247 1036 399 1066 Exposilione
415 1035 524 1059 bonitalis
537 1041 622 1066 purae.
640 1035 684 1058 Cir.
701 1035 731 1058 de
748 1036 783 1058 nis
794 1035 878 1058 librum
895 1035 976 1058 doetis-

132 1084 216 1106 simum
235 1084 272 1106 Dr.
290 1083 340 1106 Otto
358 1083 537 1105 Bardenltewer:
556 1082 594 1104 Die
616 1081 877 1110 pseudo-aristotelisene
894 1081 977 1103 Sem-ist

132 1129 207 1152 Ueber
218 1129 260 1152 das
271 1130 332 1151 reine
344 1129 409 1151 Gute.
422 1127 504 1157 (Liber
520 1128 549 1150 de
566 1128 661 1156 causis).
673 1127 792 1155 Freiburg,
808 1127 896 1149 Herder
911 1127 975 1149 1882.

194 1176 229 1198 28.
248 1175 340 1203 Cicero,
360 1175 458 1198 Murcus
472 1173 570 1197 Tullius.
588 1173 662 1202 Opera
674 1174 763 1201 omnia,
782 1174 897 1201 Augustae
915 1173 976 1195 Tau-

131 1224 234 1245 rinorum
257 1222 321 1249 1824,
340 1225 393 1244 tom.
415 1222 440 1243 10
458 1222 479 1244 in
499 1222 518 1243 Β.

194 1270 230 1292 29.
248 1269 272 1292 S.
290 1268 396 1292 Clemens
412 1269 439 1296 I.,
458 1268 530 1297 Papa.

194 1316 230 1338 30.
247 1315 378 1339 Concilium
395 1314 553 1339 Caesariense.
575 1314 729 1337 conciliorum
751 1314 906 1336 collectionem
929 1314 974 1336 iam

129 1369 200 1392 supra
219 1369 238 1386 n.
257 1363 270 1385 3
289 1363 465 1385 nominavimus.

194 1410 230 1432 31.
248 1409 380 1433 Concilium
397 1407 589 1438 Carllzapinense.

194 1456 230 1478 32.
248 1455 380 1479 Concilium
397 1454 589 1478 Cltalcedonense.

194 1503 230 1525 33.
248 1501 378 1525 Concilium
396 1500 581 1531 Compeucliense.

193 1548 230 1571 34.
247 1547 378 1571 Concilium
394 1546 572 1570 Eliberiaznum.

194 1595 229 1617 35.
248 1594 379 1618 Concilium
395 1593 543 1617 Laodicense.

194 1642 230 1664 36.
248 1641 379 1665 Concilium
394 1642 558 1664 Latera-nense.

195 1689 230 1711 37.
250 1688 381 1712 Concilium
397 1688 536 1712 Nicaenum.

195 1737 231 1758 38.
249 1735 379 1759 Concilium
396 1734 530 1758 Rllemense.

195 1783 230 1805 39.
249 1781 380 1805 Concilium
399 1781 544 1804 Tolelanum.

194 1829 230 1851 40.
247 1828 272 1852 S.
285 1828 430 1858 Cyprianus,
446 1827 573 1858 Episcopus
585 1826 788 1857 Caae-llmyinensis,
802 1826 876 1855 Opera
886 1827 973 1855 omma,

130 1876 212 1898 Patrol.
229 1875 313 1902 Latina,
331 1877 386 1897 torn.
404 1875 424 1896 3.
448 1873 468 1896 4.
811 1898 818 1902 -

195 1922 231 1944 41.
255 1921 379 1951 Didymus,
409 1920 588 1944 Alexandrinus
611 1920 739 1948 (Caecus).
762 1920 842 1943 Patrol.
870 1920 955 1942 Graeca
968 1938 973 1947 ‚

133 1972 186 1991 tom.
204 1968 241 1991 39.

195 2015 231 2037 42,
249 2015 394 2044 Dionysius,
421 2013 465 2037 sub
487 2013 554 2037 tilulo
576 2013 727 2043 Areopaqita.
758 2013 795 2036 Usi
817 2019 898 2036 sumus
919 2012 973 2036 edit.

133 2062 211 2084 Venet.
233 2061 302 2088 1756,
320 2064 374 2083 tom.
392 2062 406 2083 2
423 2062 445 2083 in
463 2061 508 2089 fot,
519 2061 642 2089 interprete
654 2060 784 2083 Baithasare
795 2059 904 2083 Corderio
916 2060 938 2081 S.
951 2059 973 2087 l.;

127 2107 254 2136 aliquando
270 2113 327 2129 vero
343 2107 488 2129 translatione
509 2107 596 2129 loannis
613 2107 672 2129 Scoti
685 2106 804 2134 Erigonae,
817 2106 879 2134 apud
891 2106 972 2134 Migne,

129 2153 212 2176 Patrol.
230 2153 315 2180 Latina,
332 2157 386 2176 tom.
408 2154 456 2175 122.

195 2199 231 2222 43.
249 2199 382 2227 Euat-isius,
400 2199 473 2228 Papa.

196 2245 231 2268 44.
249 2245 358 2269 Euclides
375 2245 526 2276 Mequrensis.
544 2246 629 2275 Opera,
647 2246 758 2274 impressa
772 2245 871 2268 venetiis
893 2245 956 2268 1509.

195 2291 232 2314 45.
248 2291 273 2315 S.
291 2290 413 2319 Eusebius,
428 2291 556 2321 Episcopus
571 2291 729 2315 Vercellensis.
741 2291 829 2321 Opera,
842 2292 922 2315 Patrol.
933 2292 974 2314 La-

130 2339 188 2366 tina,
207 2342 260 2360 tom.
279 2339 315 2360 ⁴2.

196 2384 232 2407 46.
249 2384 274 2407 S.
292 2383 420 2412 Fabianus,
437 2384 508 2413 Pupa.

196 2430 232 2453 47.
249 2430 273 2454 S.
292 2430 434 2454 Franciscus
451 2430 594 2454 Assisiensis.
617 2431 703 2459 Regula
725 2434 747 2453 et
768 2432 892 2460 opuscula,
916 2431 973 2454 rari-

129 2478 171 2500 siis
192 2477 256 2505 1641,
275 2481 328 2499 tom.
350 2477 354 2499 Ι
374 2478 395 2499 in
413 2477 449 2499 101.

196 2522 232 2546 48.
250 2522 274 2546 S.
297 2522 450 2553 Fulqenlius,
475 2523 603 2553 Episcopus
625 2523 758 2554 caspensis.
781 2524 855 2553 Opera
877 2525 972 2553 omnia,

133 2571 213 2593 ratrol.
226 2570 310 2597 Latina,
324 2573 377 2592 tom.
390 2570 427 2592 65.
439 2570 492 2593 Eius
503 2570 586 2593 librum
599 2571 627 2593 de
640 2570 692 2593 Fide
709 2571 738 2593 ad
750 2571 840 2594 Petrum
853 2572 874 2593 S.
887 2572 972 2593 Bonav.

130 2617 236 2640 attribuit
252 2617 274 2639 S.
292 2617 427 2645 Augustino.
786 2612 787 2615 ’

196 2664 232 2687 49.
251 2663 366 2691 Celusius,
386 2664 458 2693 Papa.

196 2710 231 2732 50.
251 2709 388 2733 Gennadius
399 2708 558 2733 Massiliensis.
571 2709 657 2738 Opera,
675 2710 754 2733 Patrol.
767 2710 850 2739 Latina,
869 2714 922 2733 tom.
935 2710 972 2732 58.

129 2756 197 2785 Opus
213 2757 262 2779 eius
279 2756 307 2778 de
324 2756 483 2778 Ecclesiastieis
506 2755 656 2784 Dogmatibus
678 2757 699 2779 in
721 2756 890 2779 Commentario
915 2763 927 2779 a
950 2757 972 2779 S.

133 2803 218 2825 Bon-av.
242 2803 368 2830 Augustino
385 2801 525 2829 attribuitur,
544 2802 584 2824 sed
601 2803 622 2824 in
640 2802 749 2831 Apologia
767 2803 895 2831 Pauperum
913 2806 973 2825 recte

134 2848 250 2871 (iennadio
267 2849 304 2874 (ci.
321 2855 391 2876 supra
409 2848 536 2876 Prolegom.
553 2854 572 2870 c.
591 2849 604 2870 l.
621 2848 635 2877 ξ
649 2848 688 2877 5.).

196 2894 233 2917 51.
251 2894 369 2918 Giton-nis
390 2894 542 2917 Porrelanus.
565 2894 731 2918 Commentaria
753 2895 824 2918 edidit
840 2896 862 2918 in
884 2896 973 2925 aliquos

130 2942 204 2964 libros
221 2942 314 2965 Boethii.
327 2943 369 2971 lpsi
382 2942 488 2965 tribuitur
499 2943 566 2964 etiam
584 2942 641 2965 liber
652 2942 701 2966 Sem
715 2943 901 2973 principiorum,
916 2945 974 2966 inter

1764 168 1876 197 LXXXV

1034 251 1104 274 opera
1118 246 1242 269 Aristotelis
1254 247 1335 269 editus.
1349 246 1423 275 Opera
1436 247 1511 269 omnia
1525 246 1588 275 apud
1600 247 1685 274 signe,
1699 246 1779 268 Patrol.
1793 246 1875 271 Latina,

1034 296 1087 315 tom.
1107 293 1155 315 188.

1097 340 1133 362 52.
1160 339 1243 363 Glossa
1265 340 1293 362 ad
1317 340 1339 362 S.
1362 341 1516 369 Scriptorum,
1539 343 1586 363 tum
1609 338 1734 363 ordinatio
1758 339 1876 361 Watatridi

1032 385 1118 413 Strabi,
1137 389 1185 409 tum
1202 386 1362 410 interlinearis
1378 387 1478 409 Anselml
1496 386 1660 409 Laudunensis.
1673 386 1772 415 Utraque
1788 386 1877 408 inveni-

1034 436 1070 456 tur
1081 434 1103 455 in
1114 432 1283 456 Commentario
1296 433 1379 455 Nicolai
1396 433 1424 456 de
1436 433 1494 461 Lyra
1507 432 1598 455 Ordinis
1609 433 1733 461 minorum,
1749 433 1815 455 cuius
1831 431 1876 454 edi-

1034 481 1093 502 tione
1110 481 1221 508 impressa
1240 480 1339 502 Venetils
1357 480 1426 508 1588,
1446 483 1499 503 tom.
1517 480 1530 502 6
1548 480 1570 502 in
1588 480 1632 507 iot,
1651 480 1685 502 usi
1701 485 1789 502 sumus.

1096 525 1132 548 53.
1151 525 1288 549 Gratianus.
1301 526 1422 549 Decretum
1446 532 1485 548 seu
1506 526 1632 549 Concordia
1652 525 1830 549 discordantium
1843 532 1876 548 ca-

1034 579 1127 595 nonum.
1140 574 1169 595 Ex
1181 573 1286 602 plurimis
1297 573 1349 596 edd.
1361 574 1507 596 nominamus
1519 574 1645 596 Romanam
1657 579 1693 596 an.
1712 573 1778 600 1582,
1795 575 1849 595 torn.
1862 573 1875 594 2

1032 620 1054 642 in
1073 620 1110 642 101.
1127 623 1149 642 et
1166 620 1325 648 narniensem,
1339 620 1418 643 Patrol.
1431 620 1522 648 Latina,
1541 622 1595 643 tom.
1613 619 1668 648 187,
1687 618 1771 648 quibus
1783 619 1875 642 utimur.

1096 665 1132 688 54.
1151 665 1176 689 S.
1200 666 1330 696 &egyptius
1347 667 1372 694 I.,
1392 666 1464 696 Papa.
1482 666 1557 695 Opera
1576 667 1665 694 omnia,
1689 665 1790 688 venetiis
1808 664 1874 691 1744,

1032 716 1086 736 tom.
1105 713 1118 736 4
1135 714 1156 736 in
1175 714 1210 736 101.

1095 761 1131 783 55.
1150 761 1174 784 S.
1193 760 1324 790 Greqorius
1344 761 1400 789 Vll„
1420 761 1493 791 Papa.

1095 808 1132 830 56.
1149 807 1174 831 S.
1197 807 1340 838 Gregorius,
1360 807 1488 838 Episcopus
1504 807 1681 832 Nazianzenus.
1699 807 1774 836 Opera
1786 809 1874 833 omnia,

1033 854 1132 877 Venetiis
1153 854 1217 882 1753,
1235 857 1289 877 tom.
1307 855 1321 877 2
1338 855 1359 877 in
1378 855 1414 877 101.

1095 901 1131 923 57.
1150 900 1284 924 Gulielmus
1301 900 1524 929 Autissiodorensis,
1544 901 1637 926 (rectius
1653 900 1874 928 Autissiodorensis).

1031 949 1126 970 Summa
1145 949 1279 976 theologica.

1095 994 1131 1016 58.
1149 993 1288 1022 Gulielmus,
1303 993 1433 1024 Episcopus
1444 993 1590 1017 Parisiensis.
1603 994 1685 1023 Opera,
1694 994 1795 1017 Venetiis
1807 994 1874 1021 1591,

1033 1044 1086 1063 tom.
1110 1042 1114 1063 Ι
1137 1041 1157 1063 in
1175 1041 1212 1063 101.

1095 1088 1131 1111 59.
1149 1088 1247 1118 Hirpino.
1265 1088 1339 1116 Opera
1357 1089 1445 1116 omnia,
1465 1088 1544 1111 Datrol.
1562 1088 1637 1111 Latina
1648 1106 1653 1116 ,
1671 1090 1726 1110 tom.
1740 1087 1873 1110 116-17-18.

1095 1135 1132 1156 60.
1152 1133 1287 1164 Hesychius,
1307 1133 1429 1164 presbyter
1441 1133 1675 1164 Hie}osolymitanus.
1693 1134 1775 1162 Migne,
1794 1134 1873 1156 Pau-01.

1031 1182 1129 1209 (hocca,
1148 1184 1202 1203 tom.
1220 1181 1257 1203 93.

1095 1227 1131 1249 61.
1151 1227 1257 1249 Hermas.
1275 1226 1355 1249 Patrol.
1373 1227 1471 1253 Graeca,
1490 1229 1543 1249 tom.
1558 1227 1578 1248 2.

1094 1273 1131 1294 62.
1148 1272 1173 1296 S.
1192 1272 1357 1301 Hieronymus.
1375 1271 1450 1300 Opera
1468 1273 1554 1299 omnia,
1574 1272 1677 1294 Veronae
1693 1272 1756 1299 1734,
1775 1275 1829 1294 tom.
1846 1273 1869 1293 11

1031 1321 1052 1342 in
1071 1320 1107 1341 sol.

1094 1366 1130 1388 63.
1148 1365 1173 1389 S.
1192 1365 1306 1393 Hilarius,
1321 1364 1451 1395 Episcopus
1463 1364 1621 1388 Piclatiensis.
1638 1364 1712 1393 Opera
1725 1366 1814 1393 omnia,
1834 1366 1874 1387 Ve-

1031 1413 1097 1434 netiis
1123 1412 1187 1439 1750,
1205 1415 1259 1434 tom.
1278 1412 1291 1433 2
1308 1412 1330 1433 in
1348 1411 1385 1433 101.

1094 1458 1130 1481 64.
1154 1458 1267 1481 Horatius
1294 1457 1402 1481 Flaccus.
1428 1457 1544 1485 Carmina,

1031 1506 1099 1535 1830,
1116 1508 1170 1528 tom.
1188 1506 1201 1528 2
1218 1506 1242 1527 in
1258 1505 1279 1527 8.

1093 1553 1130 1575 (55.
1149 1552 1215 1582 liupo
1232 1551 1259 1575 de
1276 1551 1300 1575 S.
1322 1551 1419 1575 Victore.
1437 1551 1510 1579 Opera
1528 1551 1611 1577 omnia,
1624 1550 1704 1573 patrol.
1716 1550 1801 1578 Latina,
1819 1554 1873 1573 tom.

1035 1599 1139 1622 175-177.

1093 1646 1129 1668 66,
1147 1644 1250 1675 Hupuli'o
1266 1645 1303 1667 vel
1321 1643 1442 1674 Humilia,
1462 1643 1622 1671 Vercellensi3‚
1640 1642 1712 1666 edidit
1735 1643 1827 1665 Glossas
1852 1644 1873 1665 in

1031 1692 1148 1714 decretum
1160 1691 1270 1719 Gratiani;
1283 1691 1410 1719 allegantur
1421 1690 1443 1712 in
1457 1689 1509 1712 edit.
1523 1689 1624 1712 Romana
1636 1689 1733 1711 indicata
1745 1688 1790 1711 sub
1802 1695 1823 1711 n.
1836 1689 1873 1711 53.

1094 1738 1131 1760 67.
1149 1737 1173 1761 S.
1192 1737 1342 1761 Innocentius
1359 1737 1385 1764 I.‚
1405 1736 1477 1766 Papa.

1093 1785 1130 1806 68.
1148 1783 1298 1807 Innocentius
1315 1783 1364 1811 111.,
1384 1783 1458 1812 Papa.
1476 1782 1557 1805 Patrol.
1574 1782 1664 1809 Latina,
1683 1784 1737 1805 tom.
1755 1781 1862 1804 214-217.

1094 1831 1130 1853 69.
1148 1829 1253 1854 Ioacliim
1269 1828 1353 1853 Abbas.
1378 1829 1444 1852 Hunc
1468 1829 1490 1851 S.
1516 1829 1674 1852 Bonaventura
1700 1829 1714 1851 Ι.
1732 1829 1793 1852 Sent.
1812 1828 1833 1851 d.
1851 1829 1872 1851 5.

1030 1877 1086 1900 duh.
1104 1877 1124 1899 4.
1143 1879 1265 1904 memorat,
1283 1875 1324 1898 sed
1341 1875 1487 1898 confutando.

1092 1923 1130 1945 70.
1147 1923 1172 1946 S.
1190 1923 1290 1946 loannes
1307 1921 1501 1952 Clirysoslomus‚
1517 1921 1646 1951 Episcopus
1663 1920 1873 1950 Constantinopoli-

1029 1971 1107 1993 lanus.
1124 1970 1199 1998 Opera
1216 1970 1302 1997 omnia,
1321 1969 1421 1991 Venetiis
1438 1968 1509 1996 1734,
1527 1971 1582 1991 tom.
1603 1968 1629 1990 13
1646 1968 1668 1990 in
1685 1968 1723 1990 101.

1090 2016 1127 2038 71.
1145 2015 1169 2039 S.
1188 2016 1287 2038 Ioannes
1304 2015 1474 2038 Damascenus.
1492 2013 1566 2042 Opera
1583 2014 1672 2040 omnia,
1684 2013 1765 2035 Patrol.
1778 2013 1870 2040 Graeca,

1028 2066 1082 2086 tom.
1100 2062 1137 2085 94.
1154 2062 1190 2085 95.
1208 2062 1244 2084 96.

1091 2109 1128 2131 72.
1146 2108 1266 2138 Iosephus.
1283 2108 1315 2130 De
1332 2108 1392 2130 Bello
1410 2107 1513 2133 ludaico,
1532 2106 1633 2129 Venetiis
1644 2112 1703 2128 anno
1725 2105 1797 2132 1487,
1816 2108 1870 2128 tom.

1032 2156 1038 2177 1
1060 2155 1082 2177 in
1099 2155 1136 2177 101.

1090 2201 1128 2224 73.
1147 2201 1214 2224 Isaac
1230 2199 1367 2224 Beimiram.
1384 2199 1452 2222 Liber
1469 2199 1641 2227 Definitionum,
1659 2198 1688 2220 de
1704 2198 1795 2220 Diaetis.

1090 2248 1127 2271 74.
1146 2249 1220 2276 Isaac,
1234 2247 1310 2271 Abbas
1321 2246 1450 2271 Siciliensis.
1467 2246 1549 2275 Opera,
1562 2246 1641 2268 Patrol.
1654 2246 1738 2273 Latina,
1752 2249 1805 2268 tom.
1823 2245 1871 2268 194.

1090 2295 1128 2317 75.
1140 2294 1164 2318 S.
1177 2293 1291 2322 Isidorus,
1303 2293 1432 2323 Episcopus
1445 2292 1595 2323 Hispalenszs.
1608 2292 1681 2320 Opera
1693 2293 1777 2318 omnia,
1791 2292 1870 2315 patrol.

1028 2341 1113 2369 Latina,
1130 2345 1186 2364 tom.
1201 2341 1238 2362 82.
1260 2340 1300 2366 83,
1319 2339 1356 2362 84.

1090 2388 1128 2410 76.
1145 2386 1251 2410 Isidorus
1267 2386 1393 2410 Mercator.
1407 2385 1513 2409 Collecti«)
1525 2385 1681 2413 decretalium,
1693 2385 1773 2408 Patrol.
1786 2385 1870 2412 Latina,

1030 2439 1083 2457 tom.
1105 2434 1153 2456 130.

1090 2482 1128 2504 77.
1145 2480 1234 2508 Iulius,
1254 2480 1326 2510 Papa.

1091 2529 1129 2550 78.
1148 2527 1223 2551 lulius
1241 2526 1335 2550 Caesar.
1352 2525 1514 2549 Commentarii
1531 2525 1560 2548 tle
1577 2525 1637 2547 Bello
1654 2524 1739 2547 Gallico
1758 2527 1780 2547 et
1796 2525 1869 2550 civili,

1030 2575 1114 2598 Patavii
1133 2573 1198 2601 1746,
1216 2576 1270 2595 tom.
1289 2573 1309 2595 1.

1091 2620 1128 2642 79.
1146 2619 1265 2649 Leqendae
1281 2618 1441 2646 Sanctorum;
1453 2618 1474 2640 in
1491 2618 1567 2645 spei-ie
1584 2617 1606 2639 S.
1624 2616 1709 2639 Bonav.
1731 2617 1868 2638 mentionem

1030 2667 1081 2689 iacit
1096 2665 1217 2694 Legendae
1234 2666 1255 2688 S.
1268 2665 1397 2687 Genovel'ae
1409 2664 1473 2693 (Acta
1493 2664 1628 2686 Sanctorum
1638 2681 1643 2691 ‚
1656 2662 1700 2686 suh
1717 2662 1754 2685 die
1767 2662 1780 2684 3
1794 2662 1869 2685 lanua-

1030 2714 1074 2742 rii),
1095 2713 1116 2735 S.
1134 2712 1246 2735 Laurentii
1264 2711 1329 2740 (ibid.
1352 2711 1377 2733 10
1395 2711 1513 2739 Augusti),
1531 2712 1553 2732 et
1569 2710 1590 2732 S.
1609 2710 1695 2732 Martini
1712 2712 1734 2732 et
1752 2709 1842 2731 Nicolai.

1092 2759 1128 2781 80.
1145 2758 1170 2782 S.
1188 2758 1232 2781 Leo
1250 2758 1278 2785 I.‚
1297 2757 1370 2787 Papa.
1389 2756 1462 2785 Opera
1479 2757 1567 2784 omnia,
1580 2756 1685 2784 Lugduni
1708 2756 1770 2783 1700,
1789 2759 1842 2778 tom.
1855 2756 1868 2778 2

1028 2807 1050 2828 in
1068 2806 1104 2828 sol.

1092 2853 1128 2874 st.
1147 2851 1213 2874 Liber
1238 2850 1422 2881 Institutitmum.
1449 2851 1528 2873 Utrum
1553 2850 1581 2872 sit
1604 2849 1711 2872 Lactantii
1737 2849 1868 2872 Fit-miniani

1029 2898 1172 2922 (Divinarum
1190 2897 1354 2919 institutionum
1372 2896 1423 2918 libri
1439 2896 1493 2924 Vll.)
1504 2914 1509 2924 ,
1526 2897 1548 2918 in
1566 2895 1642 2918 medio
1659 2896 1815 2924 relinquimus.

1092 2944 1128 2965 82.
1146 2941 1288 2966 Macrobius.
1306 2942 1390 2970 Opera,
1409 2942 1514 2970 Lugduni
1536 2942 1603 2970 1550,
1622 2944 1675 2964 tom.
1697 2943 1702 2964 1
1724 2943 1746 2964 in
1765 2942 1795 2964 40.

1573 1460 1689 1485 Augustae
1706 1457 1873 1481 Taurinorum.
1910 1475 1913 1477 ,
