<?xml version="1.0" encoding="UTF-8"?>
<!DOCTYPE html PUBLIC "-//W3C//DTD XHTML 1.0 Transitional//EN"
    "http://www.w3.org/TR/xhtml1/DTD/xhtml1-transitional.dtd">
<html xmlns="http://www.w3.org/1999/xhtml" xml:lang="en" lang="en">
 <head>
  <title>
</title>
<meta http-equiv="Content-Type" content="text/html;charset=utf-8" />
  <meta name='ocr-system' content='tesseract 3.04.00' />
  <meta name='ocr-capabilities' content='ocr_page ocr_carea ocr_par ocr_line ocrx_word'/>
</head>
<body>
  <div class='ocr_page' id='page_1' title='image "./doctorisseraphic11bona_0062.png"; bbox 0 0 2253 3317; ppageno 0'>
   <div class='ocr_carea' id='block_1_1' title="bbox 332 155 1327 185">
    <p class='ocr_par' dir='ltr' id='par_1_1' title="bbox 332 155 1327 185">
     <span class='ocr_line' id='line_1_1' title="bbox 332 155 1327 185; baseline -0.001 -1"><span class='ocrx_word' id='word_1_1' title='bbox 332 155 430 184; x_wconf 79' lang='lat' dir='ltr'>XLVIII</span> <span class='ocrx_word' id='word_1_2' title='bbox 1066 156 1168 184; x_wconf 62' lang='lat' dir='ltr'>RfflA</span> <span class='ocrx_word' id='word_1_3' title='bbox 1190 156 1274 184; x_wconf 79' lang='lat' dir='ltr'>SIX&#39;I&#39;I</span> <span class='ocrx_word' id='word_1_4' title='bbox 1297 156 1327 185; x_wconf 90' lang='lat' dir='ltr'>V.</span> 
     </span>
    </p>
   </div>
   <div class='ocr_carea' id='block_1_2' title="bbox 323 232 2077 2983">
    <p class='ocr_par' dir='ltr' id='par_1_2' title="bbox 326 232 2075 808">
     <span class='ocr_line' id='line_1_2' title="bbox 330 232 2070 278; baseline 0.001 -12"><span class='ocrx_word' id='word_1_5' title='bbox 330 239 367 267; x_wconf 76' lang='lat' dir='ltr'>et</span> <span class='ocrx_word' id='word_1_6' title='bbox 393 233 432 267; x_wconf 91' lang='lat' dir='ltr'>in</span> <span class='ocrx_word' id='word_1_7' title='bbox 463 232 739 278; x_wconf 84' lang='lat' dir='ltr'>Episcoporum</span> <span class='ocrx_word' id='word_1_8' title='bbox 766 233 935 267; x_wconf 90' lang='lat' dir='ltr'>ordinem</span> <span class='ocrx_word' id='word_1_9' title='bbox 970 232 1096 267; x_wconf 82' lang='lat' dir='ltr'>statim</span> <span class='ocrx_word' id='word_1_10' title='bbox 1131 232 1342 278; x_wconf 15' lang='lat' dir='ltr'>&amp;empta-vit,</span> <span class='ocrx_word' id='word_1_11' title='bbox 1381 244 1468 266; x_wconf 85' lang='lat' dir='ltr'>nam</span> <span class='ocrx_word' id='word_1_12' title='bbox 1504 232 1683 267; x_wconf 86' lang='lat' dir='ltr'>ecclesiae</span> <span class='ocrx_word' id='word_1_13' title='bbox 1717 232 1927 268; x_wconf 87' lang='lat' dir='ltr'>Albanensi</span> <span class='ocrx_word' id='word_1_14' title='bbox 1961 233 2070 267; x_wconf 89' lang='lat' dir='ltr'>illum</span> 
     </span>
     <span class='ocr_line' id='line_1_3' title="bbox 330 290 2071 338; baseline 0 -12"><span class='ocrx_word' id='word_1_15' title='bbox 330 290 529 337; x_wconf 84' lang='lat' dir='ltr'>praefecit,</span> <span class='ocrx_word' id='word_1_16' title='bbox 558 291 623 338; x_wconf 82' lang='lat' dir='ltr'>q&#39;ui</span> <span class='ocrx_word' id='word_1_17' title='bbox 649 291 768 326; x_wconf 87' lang='lat' dir='ltr'>honos</span> <span class='ocrx_word' id='word_1_18' title='bbox 794 290 1072 337; x_wconf 78' lang='lat' dir='ltr'>antiquioribus</span> <span class='ocrx_word' id='word_1_19' title='bbox 1097 290 1328 337; x_wconf 81' lang='lat' dir='ltr'>presbyteris</span> <span class='ocrx_word' id='word_1_20' title='bbox 1355 290 1620 326; x_wconf 86' lang='lat' dir='ltr'>Cardinalibus</span> <span class='ocrx_word' id='word_1_21' title='bbox 1647 291 1763 325; x_wconf 89' lang='lat' dir='ltr'>tribui</span> <span class='ocrx_word' id='word_1_22' title='bbox 1782 291 1886 326; x_wconf 89' lang='lat' dir='ltr'>solet.</span> <span class='ocrx_word' id='word_1_23' title='bbox 1907 291 1989 336; x_wconf 82' lang='lat' dir='ltr'>Qua</span> <span class='ocrx_word' id='word_1_24' title='bbox 2005 291 2071 326; x_wconf 90' lang='grc'>1110</span> 
     </span>
     <span class='ocr_line' id='line_1_4' title="bbox 329 348 2071 396; baseline 0 -12"><span class='ocrx_word' id='word_1_25' title='bbox 329 350 563 396; x_wconf 85' lang='lat' dir='ltr'>amplissima</span> <span class='ocrx_word' id='word_1_26' title='bbox 587 350 773 395; x_wconf 81' lang='lat' dir='ltr'>dignitate</span> <span class='ocrx_word' id='word_1_27' title='bbox 802 354 954 395; x_wconf 85' lang='lat' dir='ltr'>auctus,</span> <span class='ocrx_word' id='word_1_28' title='bbox 982 350 1197 384; x_wconf 87' lang='lat' dir='ltr'>universam</span> <span class='ocrx_word' id='word_1_29' title='bbox 1231 350 1269 383; x_wconf 90' lang='lat' dir='ltr'>in</span> <span class='ocrx_word' id='word_1_30' title='bbox 1302 348 1372 384; x_wconf 90' lang='lat' dir='ltr'>Dei</span> <span class='ocrx_word' id='word_1_31' title='bbox 1398 349 1557 395; x_wconf 85' lang='lat' dir='ltr'>gloriam</span> <span class='ocrx_word' id='word_1_32' title='bbox 1585 353 1623 384; x_wconf 87' lang='lat' dir='ltr'>ct</span> <span class='ocrx_word' id='word_1_33' title='bbox 1648 349 1840 384; x_wconf 76' lang='lat' dir='ltr'>Ecclesiae.</span> <span class='ocrx_word' id='word_1_34' title='bbox 1866 350 2071 384; x_wconf 76' lang='lat' dir='ltr'>utilitatem</span> 
     </span>
     <span class='ocr_line' id='line_1_5' title="bbox 329 407 2071 455; baseline 0 -12"><span class='ocrx_word' id='word_1_35' title='bbox 329 408 501 444; x_wconf 78' lang='grc'>0011111111.</span> <span class='ocrx_word' id='word_1_36' title='bbox 528 407 679 443; x_wconf 86' lang='lat' dir='ltr'>Etenim</span> <span class='ocrx_word' id='word_1_37' title='bbox 705 408 743 442; x_wconf 90' lang='lat' dir='ltr'>in</span> <span class='ocrx_word' id='word_1_38' title='bbox 770 407 882 443; x_wconf 90' lang='lat' dir='ltr'>rebus</span> <span class='ocrx_word' id='word_1_39' title='bbox 901 407 1060 443; x_wconf 88' lang='lat' dir='ltr'>Concilii</span> <span class='ocrx_word' id='word_1_40' title='bbox 1087 408 1213 443; x_wconf 83' lang='lat' dir='ltr'>arduis</span> <span class='ocrx_word' id='word_1_41' title='bbox 1239 421 1391 455; x_wconf 82' lang='lat' dir='ltr'>operam</span> <span class='ocrx_word' id='word_1_42' title='bbox 1409 408 1602 454; x_wconf 80' lang='lat' dir='ltr'>egregiam</span> <span class='ocrx_word' id='word_1_43' title='bbox 1619 408 1825 454; x_wconf 81' lang='lat' dir='ltr'>praestitit,</span> <span class='ocrx_word' id='word_1_44' title='bbox 1845 408 2071 443; x_wconf 77' lang='lat' dir='ltr'>catholicam</span> 
     </span>
     <span class='ocr_line' id='line_1_6' title="bbox 327 465 2075 514; baseline 0 -13"><span class='ocrx_word' id='word_1_45' title='bbox 327 467 440 502; x_wconf 79' lang='lat' dir='ltr'>fidem</span> <span class='ocrx_word' id='word_1_46' title='bbox 466 467 769 502; x_wconf 72' lang='lat' dir='ltr'>constantissime</span> <span class='ocrx_word' id='word_1_47' title='bbox 796 465 984 512; x_wconf 75' lang='lat' dir='ltr'>defendit,</span> <span class='ocrx_word' id='word_1_48' title='bbox 1012 479 1147 513; x_wconf 87' lang='lat' dir='ltr'>pravas</span> <span class='ocrx_word' id='word_1_49' title='bbox 1173 467 1370 513; x_wconf 83' lang='lat' dir='ltr'>opiniones</span> <span class='ocrx_word' id='word_1_50' title='bbox 1394 466 1575 501; x_wconf 80' lang='lat' dir='ltr'>acerrime</span> <span class='ocrx_word' id='word_1_51' title='bbox 1599 466 1798 512; x_wconf 87' lang='lat' dir='ltr'>refutavit,</span> <span class='ocrx_word' id='word_1_52' title='bbox 1827 467 2075 514; x_wconf 88' lang='lat' dir='ltr'>eiusdemque</span> 
     </span>
     <span class='ocr_line' id='line_1_7' title="bbox 328 524 2072 572; baseline 0 -12"><span class='ocrx_word' id='word_1_53' title='bbox 328 526 544 572; x_wconf 85' lang='lat' dir='ltr'>prudentia,</span> <span class='ocrx_word' id='word_1_54' title='bbox 572 526 758 571; x_wconf 89' lang='lat' dir='ltr'>doctrina,</span> <span class='ocrx_word' id='word_1_55' title='bbox 787 526 1004 572; x_wconf 69' lang='lat' dir='ltr'>sanctitate,</span> <span class='ocrx_word' id='word_1_56' title='bbox 1031 525 1264 561; x_wconf 87' lang='lat' dir='ltr'>orationibus</span> <span class='ocrx_word' id='word_1_57' title='bbox 1307 525 1479 571; x_wconf 78' lang='lat' dir='ltr'>Gregorii</span> <span class='ocrx_word' id='word_1_58' title='bbox 1517 524 1715 560; x_wconf 87' lang='lat' dir='ltr'>Pontificis</span> <span class='ocrx_word' id='word_1_59' title='bbox 1745 525 1944 571; x_wconf 87' lang='lat' dir='ltr'>pastoralis</span> <span class='ocrx_word' id='word_1_60' title='bbox 1970 525 2072 560; x_wconf 90' lang='lat' dir='ltr'>solli-</span> 
     </span>
     <span class='ocr_line' id='line_1_8' title="bbox 328 583 2072 631; baseline -0.001 -12"><span class='ocrx_word' id='word_1_61' title='bbox 328 585 456 620; x_wconf 70' lang='lat' dir='ltr'>citudo</span> <span class='ocrx_word' id='word_1_62' title='bbox 482 589 676 631; x_wconf 87' lang='lat' dir='ltr'>tantopere</span> <span class='ocrx_word' id='word_1_63' title='bbox 702 584 832 620; x_wconf 85' lang='lat' dir='ltr'>adiuta</span> <span class='ocrx_word' id='word_1_64' title='bbox 856 589 930 631; x_wconf 84' lang='lat' dir='ltr'>est,</span> <span class='ocrx_word' id='word_1_65' title='bbox 958 588 1001 619; x_wconf 92' lang='lat' dir='ltr'>ut</span> <span class='ocrx_word' id='word_1_66' title='bbox 1038 584 1188 619; x_wconf 87' lang='lat' dir='ltr'>sublato</span> <span class='ocrx_word' id='word_1_67' title='bbox 1213 597 1280 631; x_wconf 88' lang='lat' dir='ltr'>per</span> <span class='ocrx_word' id='word_1_68' title='bbox 1305 583 1375 619; x_wconf 91' lang='lat' dir='ltr'>Dei</span> <span class='ocrx_word' id='word_1_69' title='bbox 1402 584 1698 619; x_wconf 87' lang='lat' dir='ltr'>misericordiam</span> <span class='ocrx_word' id='word_1_70' title='bbox 1725 584 1939 619; x_wconf 84' lang='lat' dir='ltr'>schismatis</span> <span class='ocrx_word' id='word_1_71' title='bbox 1964 584 2072 619; x_wconf 87' lang='lat' dir='ltr'>dissi-</span> 
     </span>
     <span class='ocr_line' id='line_1_9' title="bbox 327 642 2072 690; baseline 0 -13"><span class='ocrx_word' id='word_1_72' title='bbox 327 644 406 689; x_wconf 84' lang='lat' dir='ltr'>dio,</span> <span class='ocrx_word' id='word_1_73' title='bbox 433 643 595 678; x_wconf 87' lang='lat' dir='ltr'>Michael</span> <span class='ocrx_word' id='word_1_74' title='bbox 622 643 881 690; x_wconf 77' lang='lat' dir='ltr'>Palaeologus,</span> <span class='ocrx_word' id='word_1_75' title='bbox 910 642 1138 678; x_wconf 81' lang='lat' dir='ltr'>Graecorum</span> <span class='ocrx_word' id='word_1_76' title='bbox 1164 643 1376 689; x_wconf 86' lang='lat' dir='ltr'>imperator,</span> <span class='ocrx_word' id='word_1_77' title='bbox 1405 642 1680 689; x_wconf 84' lang='lat' dir='ltr'>orientalesque</span> <span class='ocrx_word' id='word_1_78' title='bbox 1701 643 1872 677; x_wconf 90' lang='lat' dir='ltr'>nationes</span> <span class='ocrx_word' id='word_1_79' title='bbox 1897 643 1944 677; x_wconf 90' lang='lat' dir='ltr'>ad</span> <span class='ocrx_word' id='word_1_80' title='bbox 1970 642 2072 689; x_wconf 89' lang='lat' dir='ltr'>Apo-</span> 
     </span>
     <span class='ocr_line' id='line_1_10' title="bbox 327 701 2071 748; baseline -0.001 -12"><span class='ocrx_word' id='word_1_81' title='bbox 327 702 480 737; x_wconf 78' lang='lat' dir='ltr'>stolieae</span> <span class='ocrx_word' id='word_1_82' title='bbox 518 701 623 738; x_wconf 82' lang='lat' dir='ltr'>Sedis</span> <span class='ocrx_word' id='word_1_83' title='bbox 657 702 931 748; x_wconf 72' lang='lat' dir='ltr'>obedientiam,</span> <span class='ocrx_word' id='word_1_84' title='bbox 968 702 1153 736; x_wconf 86' lang='lat' dir='ltr'>unitatem</span> <span class='ocrx_word' id='word_1_85' title='bbox 1186 702 1567 748; x_wconf 83' lang='lat' dir='ltr'>communionemque</span> <span class='ocrx_word' id='word_1_86' title='bbox 1600 701 1796 747; x_wconf 74' lang='lat' dir='ltr'>redierint,</span> <span class='ocrx_word' id='word_1_87' title='bbox 1830 714 1874 736; x_wconf 89' lang='lat' dir='ltr'>ac</span> <span class='ocrx_word' id='word_1_88' title='bbox 1908 701 2071 748; x_wconf 87' lang='lat' dir='ltr'>denique</span> 
     </span>
     <span class='ocr_line' id='line_1_11' title="bbox 326 760 1705 808; baseline -0.001 -13"><span class='ocrx_word' id='word_1_89' title='bbox 326 762 466 805; x_wconf 73' lang='lat' dir='ltr'>‹hgnus</span> <span class='ocrx_word' id='word_1_90' title='bbox 491 761 644 796; x_wconf 89' lang='lat' dir='ltr'>habitus</span> <span class='ocrx_word' id='word_1_91' title='bbox 669 765 743 807; x_wconf 85' lang='lat' dir='ltr'>est,</span> <span class='ocrx_word' id='word_1_92' title='bbox 771 774 883 808; x_wconf 90' lang='lat' dir='ltr'>quem</span> <span class='ocrx_word' id='word_1_93' title='bbox 911 760 1045 796; x_wconf 83' lang='lat' dir='ltr'>Graeci</span> <span class='ocrx_word' id='word_1_94' title='bbox 1071 760 1253 806; x_wconf 88' lang='lat' dir='ltr'>Eutychii</span> <span class='ocrx_word' id='word_1_95' title='bbox 1279 760 1432 794; x_wconf 91' lang='lat' dir='ltr'>nomine</span> <span class='ocrx_word' id='word_1_96' title='bbox 1457 760 1705 806; x_wconf 82' lang='lat' dir='ltr'>appellarent.</span> 
     </span>
    </p>

    <p class='ocr_par' dir='ltr' id='par_1_3' title="bbox 324 818 2077 1750">
     <span class='ocr_line' id='line_1_12' title="bbox 419 818 2071 867; baseline -0.001 -12"><span class='ocrx_word' id='word_1_97' title='bbox 419 820 438 867; x_wconf 68' lang='grc' dir='ltr'>ξ</span> <span class='ocrx_word' id='word_1_98' title='bbox 464 821 495 855; x_wconf 85' lang='grc'>8.</span> <span class='ocrx_word' id='word_1_99' title='bbox 530 819 663 855; x_wconf 89' lang='lat' dir='ltr'>Merito</span> <span class='ocrx_word' id='word_1_100' title='bbox 697 820 829 866; x_wconf 82' lang='lat' dir='ltr'>igitur,</span> <span class='ocrx_word' id='word_1_101' title='bbox 866 833 953 854; x_wconf 89' lang='grc'>011111</span> <span class='ocrx_word' id='word_1_102' title='bbox 987 819 1102 866; x_wconf 87' lang='lat' dir='ltr'>paulo</span> <span class='ocrx_word' id='word_1_103' title='bbox 1136 823 1223 865; x_wconf 89' lang='lat' dir='ltr'>post</span> <span class='ocrx_word' id='word_1_104' title='bbox 1248 819 1287 853; x_wconf 90' lang='lat' dir='ltr'>in</span> <span class='ocrx_word' id='word_1_105' title='bbox 1314 819 1445 853; x_wconf 89' lang='lat' dir='ltr'>eodem</span> <span class='ocrx_word' id='word_1_106' title='bbox 1473 818 1643 854; x_wconf 87' lang='lat' dir='ltr'>Concilio</span> <span class='ocrx_word' id='word_1_107' title='bbox 1677 818 1905 854; x_wconf 86' lang='lat' dir='ltr'>fortissimus</span> <span class='ocrx_word' id='word_1_108' title='bbox 1931 818 2071 854; x_wconf 80' lang='lat' dir='ltr'>Christi</span> 
     </span>
     <span class='ocr_line' id='line_1_13' title="bbox 325 877 2071 925; baseline -0.002 -11"><span class='ocrx_word' id='word_1_109' title='bbox 325 880 468 914; x_wconf 79' lang='lat' dir='ltr'>athleta.</span> <span class='ocrx_word' id='word_1_110' title='bbox 493 892 538 913; x_wconf 78' lang='lat' dir='ltr'>ex</span> <span class='ocrx_word' id='word_1_111' title='bbox 564 879 677 913; x_wconf 90' lang='lat' dir='ltr'>huius</span> <span class='ocrx_word' id='word_1_112' title='bbox 703 879 802 913; x_wconf 81' lang='lat' dir='ltr'>vitae</span> <span class='ocrx_word' id='word_1_113' title='bbox 830 878 1130 925; x_wconf 79' lang='lat' dir='ltr'>peregrinatione</span> <span class='ocrx_word' id='word_1_114' title='bbox 1155 879 1203 912; x_wconf 90' lang='lat' dir='ltr'>ad</span> <span class='ocrx_word' id='word_1_115' title='bbox 1229 877 1430 912; x_wconf 89' lang='lat' dir='ltr'>caelestem</span> <span class='ocrx_word' id='word_1_116' title='bbox 1469 877 1629 923; x_wconf 89' lang='lat' dir='ltr'>patriam</span> <span class='ocrx_word' id='word_1_117' title='bbox 1669 877 1907 924; x_wconf 81' lang='lat' dir='ltr'>emigrasset,</span> <span class='ocrx_word' id='word_1_118' title='bbox 1942 890 2071 912; x_wconf 87' lang='lat' dir='ltr'>omnes</span> 
     </span>
     <span class='ocr_line' id='line_1_14' title="bbox 326 935 2071 983; baseline -0.002 -10"><span class='ocrx_word' id='word_1_119' title='bbox 326 939 405 973; x_wconf 87' lang='grc'>01113</span> <span class='ocrx_word' id='word_1_120' title='bbox 432 943 590 973; x_wconf 86' lang='lat' dir='ltr'>mortem</span> <span class='ocrx_word' id='word_1_121' title='bbox 617 938 838 982; x_wconf 88' lang='lat' dir='ltr'>doluerunt,</span> <span class='ocrx_word' id='word_1_122' title='bbox 866 949 997 972; x_wconf 90' lang='lat' dir='ltr'>omnes</span> <span class='ocrx_word' id='word_1_123' title='bbox 1034 949 1275 971; x_wconf 90' lang='lat' dir='ltr'>communem</span> <span class='ocrx_word' id='word_1_124' title='bbox 1312 936 1493 971; x_wconf 88' lang='lat' dir='ltr'>iacturam</span> <span class='ocrx_word' id='word_1_125' title='bbox 1521 936 1783 983; x_wconf 87' lang='lat' dir='ltr'>deplorarunt,</span> <span class='ocrx_word' id='word_1_126' title='bbox 1812 948 1941 971; x_wconf 91' lang='grc'>01111103</span> <span class='ocrx_word' id='word_1_127' title='bbox 1967 935 2071 971; x_wconf 88' lang='grc'>1111113</span> 
     </span>
     <span class='ocr_line' id='line_1_15' title="bbox 326 995 2072 1043; baseline -0.002 -11"><span class='ocrx_word' id='word_1_128' title='bbox 326 998 440 1032; x_wconf 82' lang='lat' dir='ltr'>funus</span> <span class='ocrx_word' id='word_1_129' title='bbox 465 997 645 1043; x_wconf 71' lang='lat' dir='ltr'>lacrymis</span> <span class='ocrx_word' id='word_1_130' title='bbox 670 1002 708 1031; x_wconf 87' lang='lat' dir='ltr'>et</span> <span class='ocrx_word' id='word_1_131' title='bbox 732 996 910 1031; x_wconf 83' lang='lat' dir='ltr'>laudibus</span> <span class='ocrx_word' id='word_1_132' title='bbox 937 1000 1135 1038; x_wconf 85' lang='lat' dir='ltr'>ornarunt,</span> <span class='ocrx_word' id='word_1_133' title='bbox 1172 995 1236 1029; x_wconf 89' lang='lat' dir='ltr'>sed</span> <span class='ocrx_word' id='word_1_134' title='bbox 1263 1007 1361 1029; x_wconf 85' lang='lat' dir='ltr'>unus</span> <span class='ocrx_word' id='word_1_135' title='bbox 1386 999 1534 1041; x_wconf 88' lang='lat' dir='ltr'>praeter</span> <span class='ocrx_word' id='word_1_136' title='bbox 1559 999 1718 1041; x_wconf 88' lang='grc'>0010103,</span> <span class='ocrx_word' id='word_1_137' title='bbox 1746 995 1817 1029; x_wconf 89' lang='lat' dir='ltr'>viri</span> <span class='ocrx_word' id='word_1_138' title='bbox 1843 995 2072 1030; x_wconf 87' lang='lat' dir='ltr'>sanctissimi</span> 
     </span>
     <span class='ocr_line' id='line_1_16' title="bbox 326 1053 2074 1101; baseline -0.002 -10"><span class='ocrx_word' id='word_1_139' title='bbox 326 1057 442 1091; x_wconf 82' lang='lat' dir='ltr'>vitam</span> <span class='ocrx_word' id='word_1_140' title='bbox 468 1056 708 1100; x_wconf 77' lang='lat' dir='ltr'>integerrime</span> <span class='ocrx_word' id='word_1_141' title='bbox 733 1060 874 1101; x_wconf 85' lang='lat' dir='ltr'>actam,</span> <span class='ocrx_word' id='word_1_142' title='bbox 914 1066 1035 1089; x_wconf 86' lang='lat' dir='ltr'>mores</span> <span class='ocrx_word' id='word_1_143' title='bbox 1061 1054 1364 1100; x_wconf 86' lang='lat' dir='ltr'>probatissimos,</span> <span class='ocrx_word' id='word_1_144' title='bbox 1392 1053 1539 1088; x_wconf 88' lang='lat' dir='ltr'>labores</span> <span class='ocrx_word' id='word_1_145' title='bbox 1565 1053 1774 1100; x_wconf 89' lang='lat' dir='ltr'>permultos</span> <span class='ocrx_word' id='word_1_146' title='bbox 1800 1066 1868 1100; x_wconf 91' lang='lat' dir='ltr'>pro</span> <span class='ocrx_word' id='word_1_147' title='bbox 1901 1053 2074 1089; x_wconf 86' lang='lat' dir='ltr'>Ecclesia</span> 
     </span>
     <span class='ocr_line' id='line_1_17' title="bbox 326 1112 2070 1161; baseline -0.001 -12"><span class='ocrx_word' id='word_1_148' title='bbox 326 1120 537 1161; x_wconf 81' lang='lat' dir='ltr'>susceptos,</span> <span class='ocrx_word' id='word_1_149' title='bbox 565 1114 775 1149; x_wconf 83' lang='lat' dir='ltr'>doctrinam</span> <span class='ocrx_word' id='word_1_150' title='bbox 802 1114 841 1148; x_wconf 91' lang='lat' dir='ltr'>in</span> <span class='ocrx_word' id='word_1_151' title='bbox 868 1113 935 1148; x_wconf 89' lang='grc'>1110</span> <span class='ocrx_word' id='word_1_152' title='bbox 963 1113 1045 1159; x_wconf 87' lang='lat' dir='ltr'>ipso</span> <span class='ocrx_word' id='word_1_153' title='bbox 1063 1112 1234 1148; x_wconf 80' lang='lat' dir='ltr'>Concilio</span> <span class='ocrx_word' id='word_1_154' title='bbox 1252 1116 1461 1159; x_wconf 87' lang='lat' dir='ltr'>spectatam</span> <span class='ocrx_word' id='word_1_155' title='bbox 1479 1112 1621 1158; x_wconf 78' lang='lat' dir='ltr'>insigni</span> <span class='ocrx_word' id='word_1_156' title='bbox 1639 1112 1856 1147; x_wconf 87' lang='lat' dir='ltr'>laudatione</span> <span class='ocrx_word' id='word_1_157' title='bbox 1878 1112 2070 1147; x_wconf 84' lang='lat' dir='ltr'>verissime</span> 
     </span>
     <span class='ocr_line' id='line_1_18' title="bbox 324 1171 2072 1219; baseline -0.001 -11"><span class='ocrx_word' id='word_1_158' title='bbox 324 1173 539 1209; x_wconf 80' lang='lat' dir='ltr'>celebravit.</span> <span class='ocrx_word' id='word_1_159' title='bbox 566 1173 603 1208; x_wconf 91' lang='lat' dir='ltr'>Is</span> <span class='ocrx_word' id='word_1_160' title='bbox 629 1172 703 1207; x_wconf 88' lang='lat' dir='ltr'>fuit</span> <span class='ocrx_word' id='word_1_161' title='bbox 728 1173 812 1219; x_wconf 88' lang='lat' dir='ltr'>piae</span> <span class='ocrx_word' id='word_1_162' title='bbox 841 1172 1041 1207; x_wconf 85' lang='lat' dir='ltr'>memoriae</span> <span class='ocrx_word' id='word_1_163' title='bbox 1068 1171 1201 1206; x_wconf 84' lang='lat' dir='ltr'>Petrus</span> <span class='ocrx_word' id='word_1_164' title='bbox 1228 1171 1439 1207; x_wconf 87' lang='lat' dir='ltr'>Cardinalis</span> <span class='ocrx_word' id='word_1_165' title='bbox 1463 1184 1486 1206; x_wconf 93' lang='lat' dir='ltr'>a</span> <span class='ocrx_word' id='word_1_166' title='bbox 1512 1171 1746 1218; x_wconf 85' lang='lat' dir='ltr'>Tarantasia,</span> <span class='ocrx_word' id='word_1_167' title='bbox 1776 1172 1833 1206; x_wconf 84' lang='lat' dir='ltr'>vir</span> <span class='ocrx_word' id='word_1_168' title='bbox 1861 1171 2072 1206; x_wconf 85' lang='lat' dir='ltr'>eruditione</span> 
     </span>
     <span class='ocr_line' id='line_1_19' title="bbox 325 1229 2069 1279; baseline -0.002 -11"><span class='ocrx_word' id='word_1_169' title='bbox 325 1240 361 1268; x_wconf 80' lang='lat' dir='ltr'>et</span> <span class='ocrx_word' id='word_1_170' title='bbox 387 1233 591 1268; x_wconf 85' lang='lat' dir='ltr'>christiana</span> <span class='ocrx_word' id='word_1_171' title='bbox 616 1232 834 1279; x_wconf 88' lang='lat' dir='ltr'>eloquentia</span> <span class='ocrx_word' id='word_1_172' title='bbox 858 1235 1070 1277; x_wconf 87' lang='lat' dir='ltr'>praestans,</span> <span class='ocrx_word' id='word_1_173' title='bbox 1098 1231 1164 1277; x_wconf 89' lang='lat' dir='ltr'>qui</span> <span class='ocrx_word' id='word_1_174' title='bbox 1192 1235 1324 1277; x_wconf 89' lang='lat' dir='ltr'>postea</span> <span class='ocrx_word' id='word_1_175' title='bbox 1349 1230 1396 1265; x_wconf 91' lang='lat' dir='ltr'>ad</span> <span class='ocrx_word' id='word_1_176' title='bbox 1422 1230 1667 1276; x_wconf 88' lang='lat' dir='ltr'>pontificatus</span> <span class='ocrx_word' id='word_1_177' title='bbox 1684 1229 1883 1276; x_wconf 86' lang='lat' dir='ltr'>fastigium</span> <span class='ocrx_word' id='word_1_178' title='bbox 1900 1234 2069 1276; x_wconf 85' lang='lat' dir='ltr'>evectus,</span> 
     </span>
     <span class='ocr_line' id='line_1_20' title="bbox 328 1287 2069 1337; baseline -0.002 -11"><span class='ocrx_word' id='word_1_179' title='bbox 328 1292 569 1327; x_wconf 82' lang='lat' dir='ltr'>Innocentius</span> <span class='ocrx_word' id='word_1_180' title='bbox 595 1290 699 1337; x_wconf 88' lang='lat' dir='ltr'>Papa</span> <span class='ocrx_word' id='word_1_181' title='bbox 723 1290 768 1325; x_wconf 85' lang='lat' dir='ltr'>V.</span> <span class='ocrx_word' id='word_1_182' title='bbox 796 1294 852 1325; x_wconf 87' lang='lat' dir='ltr'>est</span> <span class='ocrx_word' id='word_1_183' title='bbox 876 1290 1102 1336; x_wconf 88' lang='lat' dir='ltr'>appellatus.</span> <span class='ocrx_word' id='word_1_184' title='bbox 1132 1289 1219 1335; x_wconf 87' lang='lat' dir='ltr'>Ipse</span> <span class='ocrx_word' id='word_1_185' title='bbox 1246 1302 1334 1324; x_wconf 87' lang='lat' dir='ltr'>vero</span> <span class='ocrx_word' id='word_1_186' title='bbox 1361 1288 1538 1325; x_wconf 80' lang='lat' dir='ltr'>Summus</span> <span class='ocrx_word' id='word_1_187' title='bbox 1565 1288 1743 1323; x_wconf 76' lang='lat' dir='ltr'>Pontifex</span> <span class='ocrx_word' id='word_1_188' title='bbox 1779 1288 1983 1335; x_wconf 85' lang='lat' dir='ltr'>Gregorius</span> <span class='ocrx_word' id='word_1_189' title='bbox 2021 1287 2069 1323; x_wconf 92' lang='lat' dir='ltr'>X.</span> 
     </span>
     <span class='ocr_line' id='line_1_21' title="bbox 325 1347 2073 1394; baseline -0.002 -9"><span class='ocrx_word' id='word_1_190' title='bbox 325 1365 369 1386; x_wconf 80' lang='lat' dir='ltr'>ex</span> <span class='ocrx_word' id='word_1_191' title='bbox 396 1351 521 1385; x_wconf 87' lang='lat' dir='ltr'>intimi</span> <span class='ocrx_word' id='word_1_192' title='bbox 539 1350 654 1384; x_wconf 89' lang='lat' dir='ltr'>animi</span> <span class='ocrx_word' id='word_1_193' title='bbox 674 1349 847 1384; x_wconf 89' lang='lat' dir='ltr'>sensibus</span> <span class='ocrx_word' id='word_1_194' title='bbox 864 1349 1045 1384; x_wconf 87' lang='lat' dir='ltr'>amissum</span> <span class='ocrx_word' id='word_1_195' title='bbox 1065 1348 1228 1394; x_wconf 88' lang='lat' dir='ltr'>fratrem,</span> <span class='ocrx_word' id='word_1_196' title='bbox 1248 1348 1459 1383; x_wconf 87' lang='lat' dir='ltr'>adiutorem</span> <span class='ocrx_word' id='word_1_197' title='bbox 1477 1352 1515 1382; x_wconf 90' lang='lat' dir='ltr'>et</span> <span class='ocrx_word' id='word_1_198' title='bbox 1532 1348 1789 1383; x_wconf 85' lang='lat' dir='ltr'>consiliarium</span> <span class='ocrx_word' id='word_1_199' title='bbox 1806 1347 2073 1383; x_wconf 77' lang='lat' dir='ltr'>fidelissimum</span> 
     </span>
     <span class='ocr_line' id='line_1_22' title="bbox 324 1406 2071 1456; baseline -0.002 -12"><span class='ocrx_word' id='word_1_200' title='bbox 324 1410 465 1455; x_wconf 89' lang='lat' dir='ltr'>dolens,</span> <span class='ocrx_word' id='word_1_201' title='bbox 485 1409 612 1456; x_wconf 88' lang='lat' dir='ltr'>palam</span> <span class='ocrx_word' id='word_1_202' title='bbox 629 1408 811 1455; x_wconf 79' lang='lat' dir='ltr'>gravibus</span> <span class='ocrx_word' id='word_1_203' title='bbox 829 1407 954 1442; x_wconf 85' lang='lat' dir='ltr'>verbis</span> <span class='ocrx_word' id='word_1_204' title='bbox 971 1407 1197 1442; x_wconf 86' lang='lat' dir='ltr'>testificatus</span> <span class='ocrx_word' id='word_1_205' title='bbox 1224 1411 1289 1453; x_wconf 87' lang='lat' dir='ltr'>est,</span> <span class='ocrx_word' id='word_1_206' title='bbox 1310 1406 1537 1441; x_wconf 87' lang='lat' dir='ltr'>catholicam</span> <span class='ocrx_word' id='word_1_207' title='bbox 1556 1406 1776 1452; x_wconf 85' lang='lat' dir='ltr'>Ecclesiam,</span> <span class='ocrx_word' id='word_1_208' title='bbox 1797 1419 1892 1453; x_wconf 89' lang='lat' dir='ltr'>quae</span> <span class='ocrx_word' id='word_1_209' title='bbox 1910 1419 1956 1441; x_wconf 85' lang='lat' dir='ltr'>ex</span> <span class='ocrx_word' id='word_1_210' title='bbox 1974 1406 2071 1441; x_wconf 90' lang='lat' dir='ltr'>tanti</span> 
     </span>
     <span class='ocr_line' id='line_1_23' title="bbox 326 1465 2077 1514; baseline -0.002 -11"><span class='ocrx_word' id='word_1_211' title='bbox 326 1469 395 1503; x_wconf 80' lang='lat' dir='ltr'>viri</span> <span class='ocrx_word' id='word_1_212' title='bbox 421 1469 562 1514; x_wconf 84' lang='lat' dir='ltr'>pietate.</span> <span class='ocrx_word' id='word_1_213' title='bbox 588 1472 625 1502; x_wconf 89' lang='lat' dir='ltr'>et</span> <span class='ocrx_word' id='word_1_214' title='bbox 651 1467 823 1502; x_wconf 85' lang='lat' dir='ltr'>doctrina</span> <span class='ocrx_word' id='word_1_215' title='bbox 840 1466 986 1501; x_wconf 87' lang='lat' dir='ltr'>fructus</span> <span class='ocrx_word' id='word_1_216' title='bbox 1005 1466 1214 1501; x_wconf 88' lang='lat' dir='ltr'>uberrimos</span> <span class='ocrx_word' id='word_1_217' title='bbox 1240 1470 1454 1512; x_wconf 86' lang='lat' dir='ltr'>acceperat,</span> <span class='ocrx_word' id='word_1_218' title='bbox 1482 1478 1661 1511; x_wconf 85' lang='lat' dir='ltr'>magnam</span> <span class='ocrx_word' id='word_1_219' title='bbox 1687 1465 1791 1500; x_wconf 91' lang='lat' dir='ltr'>illius</span> <span class='ocrx_word' id='word_1_220' title='bbox 1817 1469 1936 1500; x_wconf 88' lang='lat' dir='ltr'>morte</span> <span class='ocrx_word' id='word_1_221' title='bbox 1953 1465 2077 1500; x_wconf 52' lang='lat' dir='ltr'>iactu*-</span> 
     </span>
     <span class='ocr_line' id='line_1_24' title="bbox 324 1524 2072 1572; baseline -0.002 -10"><span class='ocrx_word' id='word_1_222' title='bbox 324 1541 402 1562; x_wconf 83' lang='lat' dir='ltr'>ram</span> <span class='ocrx_word' id='word_1_223' title='bbox 428 1527 572 1561; x_wconf 84' lang='lat' dir='ltr'>fecisse.</span> <span class='ocrx_word' id='word_1_224' title='bbox 602 1525 673 1562; x_wconf 82' lang='lat' dir='ltr'>Sed</span> <span class='ocrx_word' id='word_1_225' title='bbox 691 1539 777 1560; x_wconf 86' lang='lat' dir='ltr'>vere.</span> <span class='ocrx_word' id='word_1_226' title='bbox 802 1539 825 1560; x_wconf 87' lang='lat' dir='ltr'>a</span> <span class='ocrx_word' id='word_1_227' title='bbox 850 1525 993 1572; x_wconf 82' lang='lat' dir='ltr'>Spiritu</span> <span class='ocrx_word' id='word_1_228' title='bbox 1020 1524 1157 1560; x_wconf 84' lang='lat' dir='ltr'>Sancto</span> <span class='ocrx_word' id='word_1_229' title='bbox 1175 1525 1321 1559; x_wconf 88' lang='lat' dir='ltr'>dictum</span> <span class='ocrx_word' id='word_1_230' title='bbox 1339 1529 1417 1559; x_wconf 89' lang='lat' dir='ltr'>est:</span> <span class='ocrx_word' id='word_1_231' title='bbox 1445 1524 1493 1559; x_wconf 70' lang='lat' dir='ltr'>In</span> <span class='ocrx_word' id='word_1_232' title='bbox 1518 1524 1682 1559; x_wconf 68' lang='lat' dir='ltr'>memoria</span> <span class='ocrx_word' id='word_1_233' title='bbox 1702 1526 1840 1559; x_wconf 70' lang='lat' dir='ltr'>aeterna</span> <span class='ocrx_word' id='word_1_234' title='bbox 1868 1524 1934 1559; x_wconf 72' lang='lat' dir='ltr'>erit</span> <span class='ocrx_word' id='word_1_235' title='bbox 1958 1524 2072 1559; x_wconf 72' lang='lat' dir='ltr'>iustus</span> 
     </span>
     <span class='ocr_line' id='line_1_25' title="bbox 326 1582 2071 1632; baseline -0.002 -11"><span class='ocrx_word' id='word_1_236' title='bbox 326 1586 437 1630; x_wconf 72' lang='lat' dir='ltr'>(Psal.</span> <span class='ocrx_word' id='word_1_237' title='bbox 459 1586 535 1632; x_wconf 87' lang='lat'>111,</span> <span class='ocrx_word' id='word_1_238' title='bbox 556 1586 614 1631; x_wconf 91' lang='grc'>6.).</span> <span class='ocrx_word' id='word_1_239' title='bbox 634 1584 731 1620; x_wconf 86' lang='lat' dir='ltr'>Nam</span> <span class='ocrx_word' id='word_1_240' title='bbox 747 1585 812 1631; x_wconf 92' lang='lat' dir='ltr'>qui</span> <span class='ocrx_word' id='word_1_241' title='bbox 827 1585 864 1619; x_wconf 87' lang='lat' dir='ltr'>in</span> <span class='ocrx_word' id='word_1_242' title='bbox 886 1585 965 1619; x_wconf 84' lang='lat' dir='ltr'>vita</span> <span class='ocrx_word' id='word_1_243' title='bbox 981 1583 1143 1618; x_wconf 87' lang='lat' dir='ltr'>illustris</span> <span class='ocrx_word' id='word_1_244' title='bbox 1171 1583 1309 1629; x_wconf 87' lang='lat' dir='ltr'>fuerat,</span> <span class='ocrx_word' id='word_1_245' title='bbox 1336 1583 1458 1618; x_wconf 90' lang='lat' dir='ltr'>multo</span> <span class='ocrx_word' id='word_1_246' title='bbox 1476 1587 1563 1630; x_wconf 92' lang='lat' dir='ltr'>post</span> <span class='ocrx_word' id='word_1_247' title='bbox 1579 1587 1736 1618; x_wconf 89' lang='lat' dir='ltr'>mortem</span> <span class='ocrx_word' id='word_1_248' title='bbox 1764 1582 1889 1617; x_wconf 89' lang='lat' dir='ltr'>factus</span> <span class='ocrx_word' id='word_1_249' title='bbox 1911 1582 2071 1618; x_wconf 87' lang='grc'>03111111-</span> 
     </span>
     <span class='ocr_line' id='line_1_26' title="bbox 325 1641 2070 1691; baseline -0.002 -11"><span class='ocrx_word' id='word_1_250' title='bbox 325 1646 454 1690; x_wconf 79' lang='lat' dir='ltr'>strior,</span> <span class='ocrx_word' id='word_1_251' title='bbox 483 1644 563 1679; x_wconf 89' lang='lat' dir='ltr'>Deo</span> <span class='ocrx_word' id='word_1_252' title='bbox 598 1644 663 1691; x_wconf 90' lang='lat' dir='ltr'>qui</span> <span class='ocrx_word' id='word_1_253' title='bbox 700 1642 936 1678; x_wconf 91' lang='lat' dir='ltr'>admirabilis</span> <span class='ocrx_word' id='word_1_254' title='bbox 962 1647 1000 1677; x_wconf 92' lang='grc'>01</span> <span class='ocrx_word' id='word_1_255' title='bbox 1025 1642 1212 1689; x_wconf 86' lang='lat' dir='ltr'>gloriosus</span> <span class='ocrx_word' id='word_1_256' title='bbox 1237 1646 1294 1677; x_wconf 89' lang='lat' dir='ltr'>est</span> <span class='ocrx_word' id='word_1_257' title='bbox 1319 1642 1357 1676; x_wconf 93' lang='lat' dir='ltr'>in</span> <span class='ocrx_word' id='word_1_258' title='bbox 1386 1641 1534 1677; x_wconf 78' lang='lat' dir='ltr'>Sanctis</span> <span class='ocrx_word' id='word_1_259' title='bbox 1553 1642 1649 1687; x_wconf 88' lang='lat' dir='ltr'>suis,</span> <span class='ocrx_word' id='word_1_260' title='bbox 1670 1642 1790 1688; x_wconf 89' lang='lat' dir='ltr'>signis</span> <span class='ocrx_word' id='word_1_261' title='bbox 1809 1641 2070 1688; x_wconf 88' lang='lat' dir='ltr'>compluribus</span> 
     </span>
     <span class='ocr_line' id='line_1_27' title="bbox 324 1700 2072 1750; baseline -0.002 -11"><span class='ocrx_word' id='word_1_262' title='bbox 324 1717 366 1740; x_wconf 82' lang='lat' dir='ltr'>ac</span> <span class='ocrx_word' id='word_1_263' title='bbox 392 1703 577 1750; x_wconf 83' lang='lat' dir='ltr'>prodigiis</span> <span class='ocrx_word' id='word_1_264' title='bbox 602 1708 639 1737; x_wconf 91' lang='lat' dir='ltr'>et</span> <span class='ocrx_word' id='word_1_265' title='bbox 665 1702 856 1736; x_wconf 86' lang='lat' dir='ltr'>miraculis</span> <span class='ocrx_word' id='word_1_266' title='bbox 882 1701 1046 1736; x_wconf 84' lang='lat' dir='ltr'>maxime</span> <span class='ocrx_word' id='word_1_267' title='bbox 1074 1700 1293 1747; x_wconf 84' lang='lat' dir='ltr'>insignibus</span> <span class='ocrx_word' id='word_1_268' title='bbox 1319 1701 1416 1735; x_wconf 88' lang='lat' dir='ltr'>servi</span> <span class='ocrx_word' id='word_1_269' title='bbox 1444 1700 1501 1735; x_wconf 91' lang='lat' dir='ltr'>sui</span> <span class='ocrx_word' id='word_1_270' title='bbox 1529 1700 2072 1746; x_wconf 74' lang='lat' dir='ltr'>sanctitatemcomprobante.</span> 
     </span>
    </p>

    <p class='ocr_par' dir='ltr' id='par_1_4' title="bbox 323 1758 2076 2748">
     <span class='ocr_line' id='line_1_28' title="bbox 418 1758 2070 1809; baseline -0.002 -12"><span class='ocrx_word' id='word_1_271' title='bbox 418 1763 437 1809; x_wconf 67' lang='grc' dir='ltr'>ξ</span> <span class='ocrx_word' id='word_1_272' title='bbox 463 1763 494 1797; x_wconf 83' lang='lat'>9.</span> <span class='ocrx_word' id='word_1_273' title='bbox 523 1762 688 1806; x_wconf 85' lang='lat' dir='ltr'>Quorum</span> <span class='ocrx_word' id='word_1_274' title='bbox 716 1760 984 1795; x_wconf 87' lang='lat' dir='ltr'>miraculorum</span> <span class='ocrx_word' id='word_1_275' title='bbox 1022 1759 1124 1794; x_wconf 89' lang='lat' dir='ltr'>fama</span> <span class='ocrx_word' id='word_1_276' title='bbox 1161 1772 1248 1794; x_wconf 89' lang='grc'>011111</span> <span class='ocrx_word' id='word_1_277' title='bbox 1286 1759 1388 1805; x_wconf 90' lang='lat' dir='ltr'>apud</span> <span class='ocrx_word' id='word_1_278' title='bbox 1427 1771 1558 1794; x_wconf 87' lang='lat' dir='ltr'>omnes</span> <span class='ocrx_word' id='word_1_279' title='bbox 1595 1758 1930 1806; x_wconf 86' lang='lat' dir='ltr'>percrebresceret,</span> <span class='ocrx_word' id='word_1_280' title='bbox 1969 1759 2070 1794; x_wconf 89' lang='lat' dir='ltr'>idem</span> 
     </span>
     <span class='ocr_line' id='line_1_29' title="bbox 325 1817 2070 1867; baseline -0.003 -10"><span class='ocrx_word' id='word_1_281' title='bbox 325 1822 462 1866; x_wconf 77' lang='lat' dir='ltr'>Sixtus,</span> <span class='ocrx_word' id='word_1_282' title='bbox 489 1821 752 1867; x_wconf 86' lang='lat' dir='ltr'>praedeeessor</span> <span class='ocrx_word' id='word_1_283' title='bbox 776 1824 919 1865; x_wconf 89' lang='lat' dir='ltr'>noster,</span> <span class='ocrx_word' id='word_1_284' title='bbox 940 1832 959 1853; x_wconf 91' lang='lat' dir='ltr'>c</span> <span class='ocrx_word' id='word_1_285' title='bbox 977 1818 1133 1854; x_wconf 89' lang='lat' dir='ltr'>sublimi</span> <span class='ocrx_word' id='word_1_286' title='bbox 1160 1818 1403 1865; x_wconf 88' lang='lat' dir='ltr'>Apostolicae</span> <span class='ocrx_word' id='word_1_287' title='bbox 1430 1817 1536 1853; x_wconf 83' lang='lat' dir='ltr'>Sedis</span> <span class='ocrx_word' id='word_1_288' title='bbox 1562 1818 1718 1864; x_wconf 88' lang='lat' dir='ltr'>specula</span> <span class='ocrx_word' id='word_1_289' title='bbox 1734 1830 1777 1852; x_wconf 90' lang='lat' dir='ltr'>ea</span> <span class='ocrx_word' id='word_1_290' title='bbox 1793 1818 1998 1864; x_wconf 87' lang='lat' dir='ltr'>aspiciens,</span> <span class='ocrx_word' id='word_1_291' title='bbox 2015 1818 2070 1853; x_wconf 50' lang='lat' dir='ltr'>di*</span> 
     </span>
     <span class='ocr_line' id='line_1_30' title="bbox 324 1876 2075 1926; baseline -0.002 -10"><span class='ocrx_word' id='word_1_292' title='bbox 324 1882 448 1926; x_wconf 48' lang='grc' dir='ltr'>ἱ01111111</span> <span class='ocrx_word' id='word_1_293' title='bbox 473 1880 558 1926; x_wconf 88' lang='lat' dir='ltr'>Dei,</span> <span class='ocrx_word' id='word_1_294' title='bbox 587 1880 652 1926; x_wconf 89' lang='lat' dir='ltr'>qui</span> <span class='ocrx_word' id='word_1_295' title='bbox 679 1879 773 1914; x_wconf 87' lang='lat' dir='ltr'>facit</span> <span class='ocrx_word' id='word_1_296' title='bbox 799 1878 988 1913; x_wconf 89' lang='lat' dir='ltr'>mirabilia</span> <span class='ocrx_word' id='word_1_297' title='bbox 1013 1890 1152 1924; x_wconf 84' lang='lat' dir='ltr'>magna</span> <span class='ocrx_word' id='word_1_298' title='bbox 1178 1877 1299 1923; x_wconf 85' lang='lat' dir='ltr'>solus,</span> <span class='ocrx_word' id='word_1_299' title='bbox 1327 1876 1382 1911; x_wconf 89' lang='lat' dir='ltr'>ibi</span> <span class='ocrx_word' id='word_1_300' title='bbox 1407 1877 1520 1923; x_wconf 88' lang='lat' dir='ltr'>plane</span> <span class='ocrx_word' id='word_1_301' title='bbox 1548 1889 1627 1911; x_wconf 90' lang='lat' dir='ltr'>esse</span> <span class='ocrx_word' id='word_1_302' title='bbox 1654 1876 1853 1911; x_wconf 84' lang='lat' dir='ltr'>intellexit.</span> <span class='ocrx_word' id='word_1_303' title='bbox 1873 1876 2007 1923; x_wconf 89' lang='lat' dir='ltr'>Itaque</span> <span class='ocrx_word' id='word_1_304' title='bbox 2033 1881 2075 1912; x_wconf 84' lang='lat' dir='ltr'>et</span> 
     </span>
     <span class='ocr_line' id='line_1_31' title="bbox 324 1934 2076 1987; baseline -0.003 -13"><span class='ocrx_word' id='word_1_305' title='bbox 324 1945 458 1987; x_wconf 82' lang='lat' dir='ltr'>sponte</span> <span class='ocrx_word' id='word_1_306' title='bbox 485 1952 569 1985; x_wconf 86' lang='lat' dir='ltr'>sua,</span> <span class='ocrx_word' id='word_1_307' title='bbox 598 1943 635 1973; x_wconf 90' lang='grc'>01</span> <span class='ocrx_word' id='word_1_308' title='bbox 660 1938 781 1972; x_wconf 87' lang='lat' dir='ltr'>clarae</span> <span class='ocrx_word' id='word_1_309' title='bbox 813 1937 1013 1972; x_wconf 86' lang='lat' dir='ltr'>memoriae</span> <span class='ocrx_word' id='word_1_310' title='bbox 1037 1936 1236 1971; x_wconf 83' lang='lat' dir='ltr'>Frederico</span> <span class='ocrx_word' id='word_1_311' title='bbox 1269 1935 1524 1971; x_wconf 88' lang='lat' dir='ltr'>Romanorum</span> <span class='ocrx_word' id='word_1_312' title='bbox 1550 1935 1789 1982; x_wconf 87' lang='lat' dir='ltr'>imperatore,</span> <span class='ocrx_word' id='word_1_313' title='bbox 1816 1934 1988 1982; x_wconf 84' lang='lat' dir='ltr'>regibus,</span> <span class='ocrx_word' id='word_1_314' title='bbox 2016 1948 2076 1970; x_wconf 82' lang='lat' dir='ltr'>re·-</span> 
     </span>
     <span class='ocr_line' id='line_1_32' title="bbox 323 1994 2068 2045; baseline -0.003 -12"><span class='ocrx_word' id='word_1_315' title='bbox 323 1998 582 2045; x_wconf 87' lang='lat' dir='ltr'>buspublicis,</span> <span class='ocrx_word' id='word_1_316' title='bbox 623 1996 786 2032; x_wconf 90' lang='lat' dir='ltr'>ducibus</span> <span class='ocrx_word' id='word_1_317' title='bbox 824 1995 1120 2042; x_wconf 86' lang='lat' dir='ltr'>civitatibusque</span> <span class='ocrx_word' id='word_1_318' title='bbox 1158 1994 1359 2041; x_wconf 87' lang='lat' dir='ltr'>permultis</span> <span class='ocrx_word' id='word_1_319' title='bbox 1401 1994 1643 2029; x_wconf 86' lang='lat' dir='ltr'>vehementer</span> <span class='ocrx_word' id='word_1_320' title='bbox 1684 1994 1982 2041; x_wconf 88' lang='lat' dir='ltr'>requirentibus,</span> <span class='ocrx_word' id='word_1_321' title='bbox 2025 2007 2068 2029; x_wconf 90' lang='lat' dir='ltr'>ac</span> 
     </span>
     <span class='ocr_line' id='line_1_33' title="bbox 324 2053 2076 2100; baseline -0.003 -8"><span class='ocrx_word' id='word_1_322' title='bbox 324 2058 495 2093; x_wconf 89' lang='lat' dir='ltr'>omnium</span> <span class='ocrx_word' id='word_1_323' title='bbox 521 2056 597 2091; x_wconf 86' lang='lat' dir='ltr'>fere</span> <span class='ocrx_word' id='word_1_324' title='bbox 622 2056 794 2090; x_wconf 90' lang='lat' dir='ltr'>fidelium</span> <span class='ocrx_word' id='word_1_325' title='bbox 821 2067 1005 2090; x_wconf 88' lang='lat' dir='ltr'>consensu</span> <span class='ocrx_word' id='word_1_326' title='bbox 1031 2054 1277 2100; x_wconf 88' lang='lat' dir='ltr'>efflagitante,</span> <span class='ocrx_word' id='word_1_327' title='bbox 1297 2054 1343 2088; x_wconf 90' lang='lat' dir='ltr'>de</span> <span class='ocrx_word' id='word_1_328' title='bbox 1362 2054 1442 2088; x_wconf 85' lang='lat' dir='ltr'>viro</span> <span class='ocrx_word' id='word_1_329' title='bbox 1459 2053 1782 2100; x_wconf 83' lang='lat' dir='ltr'>praestantissimo</span> <span class='ocrx_word' id='word_1_330' title='bbox 1804 2053 2076 2088; x_wconf 86' lang='lat' dir='ltr'>Bonaventura</span> 
     </span>
     <span class='ocr_line' id='line_1_34' title="bbox 324 2112 2066 2163; baseline -0.003 -11"><span class='ocrx_word' id='word_1_331' title='bbox 324 2116 513 2163; x_wconf 87' lang='lat' dir='ltr'>Episcopo</span> <span class='ocrx_word' id='word_1_332' title='bbox 539 2114 729 2151; x_wconf 86' lang='lat' dir='ltr'>Cardinali</span> <span class='ocrx_word' id='word_1_333' title='bbox 755 2115 795 2148; x_wconf 92' lang='lat' dir='ltr'>in</span> <span class='ocrx_word' id='word_1_334' title='bbox 821 2113 978 2149; x_wconf 80' lang='lat' dir='ltr'>Sanctos</span> <span class='ocrx_word' id='word_1_335' title='bbox 1003 2112 1199 2147; x_wconf 87' lang='lat' dir='ltr'>referendo</span> <span class='ocrx_word' id='word_1_336' title='bbox 1217 2112 1397 2147; x_wconf 85' lang='lat' dir='ltr'>Pontifex</span> <span class='ocrx_word' id='word_1_337' title='bbox 1414 2112 1606 2147; x_wconf 85' lang='lat' dir='ltr'>Romanus</span> <span class='ocrx_word' id='word_1_338' title='bbox 1624 2112 1779 2158; x_wconf 89' lang='lat' dir='ltr'>dignam</span> <span class='ocrx_word' id='word_1_339' title='bbox 1799 2112 2066 2158; x_wconf 88' lang='lat' dir='ltr'>cogitationem</span> 
     </span>
     <span class='ocr_line' id='line_1_35' title="bbox 324 2171 2075 2221; baseline -0.002 -11"><span class='ocrx_word' id='word_1_340' title='bbox 324 2175 500 2221; x_wconf 81' lang='lat' dir='ltr'>suscepit.</span> <span class='ocrx_word' id='word_1_341' title='bbox 528 2173 682 2210; x_wconf 81' lang='lat' dir='ltr'>Summa</span> <span class='ocrx_word' id='word_1_342' title='bbox 706 2173 825 2220; x_wconf 88' lang='lat' dir='ltr'>igitur</span> <span class='ocrx_word' id='word_1_343' title='bbox 852 2185 942 2207; x_wconf 88' lang='lat' dir='ltr'>cura</span> <span class='ocrx_word' id='word_1_344' title='bbox 968 2176 1006 2206; x_wconf 90' lang='lat' dir='ltr'>et</span> <span class='ocrx_word' id='word_1_345' title='bbox 1031 2171 1233 2217; x_wconf 88' lang='lat' dir='ltr'>diligentia</span> <span class='ocrx_word' id='word_1_346' title='bbox 1258 2171 1358 2205; x_wconf 91' lang='lat' dir='ltr'>vitae</span> <span class='ocrx_word' id='word_1_347' title='bbox 1384 2171 1489 2206; x_wconf 93' lang='lat' dir='ltr'>illius</span> <span class='ocrx_word' id='word_1_348' title='bbox 1515 2171 1654 2205; x_wconf 79' lang='lat' dir='ltr'>eximia</span> <span class='ocrx_word' id='word_1_349' title='bbox 1671 2171 1870 2205; x_wconf 87' lang='lat' dir='ltr'>sanctitate</span> <span class='ocrx_word' id='word_1_350' title='bbox 1895 2175 1934 2205; x_wconf 92' lang='lat' dir='ltr'>et</span> <span class='ocrx_word' id='word_1_351' title='bbox 1958 2171 2075 2206; x_wconf 86' lang='lat' dir='ltr'>mira--</span> 
     </span>
     <span class='ocr_line' id='line_1_36' title="bbox 324 2229 2069 2277; baseline -0.003 -8"><span class='ocrx_word' id='word_1_352' title='bbox 324 2234 496 2269; x_wconf 78' lang='lat' dir='ltr'>culorum</span> <span class='ocrx_word' id='word_1_353' title='bbox 522 2233 677 2267; x_wconf 87' lang='lat' dir='ltr'>veritate.</span> <span class='ocrx_word' id='word_1_354' title='bbox 703 2232 918 2266; x_wconf 83' lang='lat' dir='ltr'>examinata</span> <span class='ocrx_word' id='word_1_355' title='bbox 942 2235 1055 2277; x_wconf 88' lang='lat' dir='ltr'>atque.</span> <span class='ocrx_word' id='word_1_356' title='bbox 1075 2234 1285 2276; x_wconf 88' lang='lat' dir='ltr'>comperta,</span> <span class='ocrx_word' id='word_1_357' title='bbox 1306 2229 1484 2264; x_wconf 87' lang='lat' dir='ltr'>omnibus</span> <span class='ocrx_word' id='word_1_358' title='bbox 1502 2229 1683 2276; x_wconf 89' lang='lat' dir='ltr'>denique,</span> <span class='ocrx_word' id='word_1_359' title='bbox 1711 2241 1806 2276; x_wconf 88' lang='lat' dir='ltr'>quae</span> <span class='ocrx_word' id='word_1_360' title='bbox 1824 2229 1871 2263; x_wconf 88' lang='lat' dir='ltr'>ad</span> <span class='ocrx_word' id='word_1_361' title='bbox 1889 2242 1972 2264; x_wconf 89' lang='lat' dir='ltr'>eam</span> <span class='ocrx_word' id='word_1_362' title='bbox 1989 2242 2069 2264; x_wconf 87' lang='lat' dir='ltr'>rem</span> 
     </span>
     <span class='ocr_line' id='line_1_37' title="bbox 323 2287 2068 2340; baseline -0.002 -13"><span class='ocrx_word' id='word_1_363' title='bbox 323 2292 582 2340; x_wconf 82' lang='lat' dir='ltr'>pertinebant,</span> <span class='ocrx_word' id='word_1_364' title='bbox 609 2292 679 2325; x_wconf 87' lang='lat' dir='ltr'>rite</span> <span class='ocrx_word' id='word_1_365' title='bbox 705 2295 881 2337; x_wconf 89' lang='lat' dir='ltr'>recteque</span> <span class='ocrx_word' id='word_1_366' title='bbox 906 2289 1020 2334; x_wconf 86' lang='lat' dir='ltr'>actis,</span> <span class='ocrx_word' id='word_1_367' title='bbox 1047 2289 1094 2323; x_wconf 87' lang='lat' dir='ltr'>ad</span> <span class='ocrx_word' id='word_1_368' title='bbox 1120 2288 1191 2323; x_wconf 88' lang='lat' dir='ltr'>Dei</span> <span class='ocrx_word' id='word_1_369' title='bbox 1217 2288 1378 2334; x_wconf 89' lang='lat' dir='ltr'>gloriam</span> <span class='ocrx_word' id='word_1_370' title='bbox 1404 2292 1442 2322; x_wconf 91' lang='lat' dir='ltr'>et</span> <span class='ocrx_word' id='word_1_371' title='bbox 1466 2287 1659 2323; x_wconf 85' lang='lat' dir='ltr'>Ecclesiae</span> <span class='ocrx_word' id='word_1_372' title='bbox 1693 2287 1901 2322; x_wconf 89' lang='lat' dir='ltr'>catholicae</span> <span class='ocrx_word' id='word_1_373' title='bbox 1927 2288 2068 2323; x_wconf 84' lang='lat' dir='ltr'>exalta-</span> 
     </span>
     <span class='ocr_line' id='line_1_38' title="bbox 324 2346 2065 2397; baseline -0.003 -11"><span class='ocrx_word' id='word_1_374' title='bbox 324 2353 483 2397; x_wconf 86' lang='lat' dir='ltr'>tionem,</span> <span class='ocrx_word' id='word_1_375' title='bbox 510 2363 578 2397; x_wconf 95' lang='lat' dir='ltr'>pro</span> <span class='ocrx_word' id='word_1_376' title='bbox 604 2362 671 2385; x_wconf 89' lang='lat' dir='ltr'>sua</span> <span class='ocrx_word' id='word_1_377' title='bbox 696 2361 844 2384; x_wconf 89' lang='lat' dir='ltr'>summa</span> <span class='ocrx_word' id='word_1_378' title='bbox 869 2349 978 2395; x_wconf 89' lang='lat' dir='ltr'>eique</span> <span class='ocrx_word' id='word_1_379' title='bbox 1004 2360 1026 2382; x_wconf 88' lang='lat' dir='ltr'>a</span> <span class='ocrx_word' id='word_1_380' title='bbox 1051 2347 1130 2382; x_wconf 89' lang='lat' dir='ltr'>Deo</span> <span class='ocrx_word' id='word_1_381' title='bbox 1156 2347 1196 2381; x_wconf 89' lang='lat' dir='ltr'>in</span> <span class='ocrx_word' id='word_1_382' title='bbox 1222 2347 1332 2382; x_wconf 88' lang='lat' dir='ltr'>beato</span> <span class='ocrx_word' id='word_1_383' title='bbox 1359 2346 1470 2381; x_wconf 88' lang='lat' dir='ltr'>Petro</span> <span class='ocrx_word' id='word_1_384' title='bbox 1488 2346 1673 2393; x_wconf 89' lang='lat' dir='ltr'>Apostolo</span> <span class='ocrx_word' id='word_1_385' title='bbox 1699 2346 1837 2381; x_wconf 86' lang='lat' dir='ltr'>tradita</span> <span class='ocrx_word' id='word_1_386' title='bbox 1861 2351 2065 2394; x_wconf 87' lang='lat' dir='ltr'>potestate,</span> 
     </span>
     <span class='ocr_line' id='line_1_39' title="bbox 323 2404 2068 2453; baseline -0.003 -8"><span class='ocrx_word' id='word_1_387' title='bbox 323 2410 484 2445; x_wconf 84' lang='lat' dir='ltr'>eundem</span> <span class='ocrx_word' id='word_1_388' title='bbox 522 2409 675 2444; x_wconf 89' lang='lat' dir='ltr'>beatum</span> <span class='ocrx_word' id='word_1_389' title='bbox 712 2408 1034 2453; x_wconf 87' lang='lat' dir='ltr'>Bonaventuram,</span> <span class='ocrx_word' id='word_1_390' title='bbox 1074 2406 1120 2440; x_wconf 90' lang='lat' dir='ltr'>de</span> <span class='ocrx_word' id='word_1_391' title='bbox 1158 2405 1317 2440; x_wconf 87' lang='lat' dir='ltr'>fratrum</span> <span class='ocrx_word' id='word_1_392' title='bbox 1348 2417 1501 2440; x_wconf 88' lang='lat' dir='ltr'>suorum</span> <span class='ocrx_word' id='word_1_393' title='bbox 1536 2404 1570 2441; x_wconf 82' lang='lat' dir='ltr'>S.</span> <span class='ocrx_word' id='word_1_394' title='bbox 1597 2404 1639 2440; x_wconf 88' lang='lat' dir='ltr'>R.</span> <span class='ocrx_word' id='word_1_395' title='bbox 1673 2404 1715 2440; x_wconf 87' lang='lat' dir='ltr'>E.</span> <span class='ocrx_word' id='word_1_396' title='bbox 1747 2404 2004 2440; x_wconf 87' lang='lat' dir='ltr'>Cardinalium</span> <span class='ocrx_word' id='word_1_397' title='bbox 2030 2409 2068 2440; x_wconf 89' lang='lat' dir='ltr'>et</span> 
     </span>
     <span class='ocr_line' id='line_1_40' title="bbox 323 2463 2071 2516; baseline -0.003 -12"><span class='ocrx_word' id='word_1_398' title='bbox 323 2469 574 2516; x_wconf 86' lang='lat' dir='ltr'>praelatorum</span> <span class='ocrx_word' id='word_1_399' title='bbox 601 2467 771 2503; x_wconf 86' lang='lat' dir='ltr'>omnium</span> <span class='ocrx_word' id='word_1_400' title='bbox 797 2477 998 2511; x_wconf 86' lang='lat' dir='ltr'>consensu,</span> <span class='ocrx_word' id='word_1_401' title='bbox 1026 2465 1066 2499; x_wconf 91' lang='lat' dir='ltr'>in</span> <span class='ocrx_word' id='word_1_402' title='bbox 1094 2464 1251 2500; x_wconf 84' lang='lat' dir='ltr'>Sanctos</span> <span class='ocrx_word' id='word_1_403' title='bbox 1276 2464 1407 2499; x_wconf 88' lang='lat' dir='ltr'>retulit</span> <span class='ocrx_word' id='word_1_404' title='bbox 1432 2468 1470 2498; x_wconf 91' lang='lat' dir='ltr'>et</span> <span class='ocrx_word' id='word_1_405' title='bbox 1496 2464 1535 2498; x_wconf 92' lang='lat' dir='ltr'>in</span> <span class='ocrx_word' id='word_1_406' title='bbox 1555 2463 1778 2499; x_wconf 83' lang='lat' dir='ltr'>Sanctorum</span> <span class='ocrx_word' id='word_1_407' title='bbox 1801 2463 2071 2499; x_wconf 82' lang='lat' dir='ltr'>Confessorum</span> 
     </span>
     <span class='ocr_line' id='line_1_41' title="bbox 324 2522 2067 2569; baseline -0.004 -6"><span class='ocrx_word' id='word_1_408' title='bbox 324 2528 552 2562; x_wconf 81' lang='lat' dir='ltr'>Pontificum</span> <span class='ocrx_word' id='word_1_409' title='bbox 570 2526 777 2562; x_wconf 89' lang='lat' dir='ltr'>Doctorum</span> <span class='ocrx_word' id='word_1_410' title='bbox 803 2537 1002 2559; x_wconf 89' lang='lat' dir='ltr'>numerum</span> <span class='ocrx_word' id='word_1_411' title='bbox 1028 2523 1229 2569; x_wconf 88' lang='lat' dir='ltr'>adscripsit</span> <span class='ocrx_word' id='word_1_412' title='bbox 1253 2527 1367 2569; x_wconf 88' lang='lat' dir='ltr'>atque</span> <span class='ocrx_word' id='word_1_413' title='bbox 1393 2523 1618 2569; x_wconf 86' lang='lat' dir='ltr'>aggregavit</span> <span class='ocrx_word' id='word_1_414' title='bbox 1651 2523 1806 2569; x_wconf 90' lang='lat' dir='ltr'>eiusque</span> <span class='ocrx_word' id='word_1_415' title='bbox 1833 2522 1973 2557; x_wconf 87' lang='lat' dir='ltr'>festum</span> <span class='ocrx_word' id='word_1_416' title='bbox 2003 2535 2067 2557; x_wconf 92' lang='lat' dir='ltr'>an-</span> 
     </span>
     <span class='ocr_line' id='line_1_42' title="bbox 323 2581 2070 2627; baseline -0.003 -6"><span class='ocrx_word' id='word_1_417' title='bbox 323 2587 569 2621; x_wconf 80' lang='lat' dir='ltr'>niversarium</span> <span class='ocrx_word' id='word_1_418' title='bbox 596 2585 695 2619; x_wconf 89' lang='lat' dir='ltr'>diem</span> <span class='ocrx_word' id='word_1_419' title='bbox 722 2583 887 2619; x_wconf 85' lang='lat' dir='ltr'>secunda</span> <span class='ocrx_word' id='word_1_420' title='bbox 912 2583 1050 2617; x_wconf 89' lang='lat' dir='ltr'>mensis</span> <span class='ocrx_word' id='word_1_421' title='bbox 1074 2581 1164 2616; x_wconf 88' lang='lat' dir='ltr'>Iulii</span> <span class='ocrx_word' id='word_1_422' title='bbox 1182 2581 1372 2616; x_wconf 90' lang='lat' dir='ltr'>dominica</span> <span class='ocrx_word' id='word_1_423' title='bbox 1389 2581 1449 2615; x_wconf 89' lang='lat' dir='ltr'>die</span> <span class='ocrx_word' id='word_1_424' title='bbox 1468 2581 1662 2627; x_wconf 86' lang='lat' dir='ltr'>celebrari,</span> <span class='ocrx_word' id='word_1_425' title='bbox 1682 2581 1924 2627; x_wconf 87' lang='lat' dir='ltr'>officiumque</span> <span class='ocrx_word' id='word_1_426' title='bbox 1941 2581 1987 2615; x_wconf 89' lang='lat' dir='ltr'>de</span> <span class='ocrx_word' id='word_1_427' title='bbox 2005 2593 2070 2626; x_wconf 79' lang='lat' dir='ltr'>eo,</span> 
     </span>
     <span class='ocr_line' id='line_1_43' title="bbox 324 2639 2066 2685; baseline -0.005 -4"><span class='ocrx_word' id='word_1_428' title='bbox 324 2646 442 2680; x_wconf 79' lang='lat' dir='ltr'>veluti</span> <span class='ocrx_word' id='word_1_429' title='bbox 468 2645 513 2679; x_wconf 85' lang='lat' dir='ltr'>de</span> <span class='ocrx_word' id='word_1_430' title='bbox 541 2643 761 2680; x_wconf 88' lang='lat' dir='ltr'>Confessore</span> <span class='ocrx_word' id='word_1_431' title='bbox 786 2641 971 2677; x_wconf 89' lang='lat' dir='ltr'>Pontifice</span> <span class='ocrx_word' id='word_1_432' title='bbox 998 2640 1158 2676; x_wconf 85' lang='lat' dir='ltr'>Doctorc</span> <span class='ocrx_word' id='word_1_433' title='bbox 1184 2640 1224 2674; x_wconf 91' lang='lat' dir='ltr'>in</span> <span class='ocrx_word' id='word_1_434' title='bbox 1251 2641 1427 2675; x_wconf 89' lang='lat' dir='ltr'>universa</span> <span class='ocrx_word' id='word_1_435' title='bbox 1452 2639 1624 2675; x_wconf 87' lang='lat' dir='ltr'>Ecclesia</span> <span class='ocrx_word' id='word_1_436' title='bbox 1648 2640 1795 2674; x_wconf 88' lang='lat' dir='ltr'>recitari</span> <span class='ocrx_word' id='word_1_437' title='bbox 1821 2640 1946 2685; x_wconf 90' lang='lat' dir='ltr'>iussit,</span> <span class='ocrx_word' id='word_1_438' title='bbox 1981 2639 2066 2674; x_wconf 90' lang='lat' dir='ltr'>aliis</span> 
     </span>
     <span class='ocr_line' id='line_1_44' title="bbox 324 2698 1923 2748; baseline -0.004 -9"><span class='ocrx_word' id='word_1_439' title='bbox 324 2706 411 2739; x_wconf 78' lang='lat' dir='ltr'>item</span> <span class='ocrx_word' id='word_1_440' title='bbox 440 2704 598 2738; x_wconf 85' lang='lat' dir='ltr'>decretis</span> <span class='ocrx_word' id='word_1_441' title='bbox 623 2702 795 2748; x_wconf 86' lang='lat' dir='ltr'>adiectis,</span> <span class='ocrx_word' id='word_1_442' title='bbox 823 2714 918 2748; x_wconf 89' lang='lat' dir='ltr'>quae</span> <span class='ocrx_word' id='word_1_443' title='bbox 943 2700 983 2734; x_wconf 91' lang='lat' dir='ltr'>in</span> <span class='ocrx_word' id='word_1_444' title='bbox 1009 2699 1177 2734; x_wconf 85' lang='lat' dir='ltr'>eiusdem</span> <span class='ocrx_word' id='word_1_445' title='bbox 1204 2698 1301 2734; x_wconf 82' lang='lat' dir='ltr'>Sixti</span> <span class='ocrx_word' id='word_1_446' title='bbox 1326 2699 1463 2733; x_wconf 88' lang='lat' dir='ltr'>litteris</span> <span class='ocrx_word' id='word_1_447' title='bbox 1488 2698 1639 2745; x_wconf 90' lang='lat' dir='ltr'>plenius</span> <span class='ocrx_word' id='word_1_448' title='bbox 1671 2698 1923 2733; x_wconf 87' lang='lat' dir='ltr'>continentur.</span> 
     </span>
    </p>

    <p class='ocr_par' dir='ltr' id='par_1_5' title="bbox 324 2756 2073 2983">
     <span class='ocr_line' id='line_1_45' title="bbox 417 2756 2073 2809; baseline -0.004 -12"><span class='ocrx_word' id='word_1_449' title='bbox 417 2763 436 2809; x_wconf 63' lang='grc' dir='ltr'>ξ</span> <span class='ocrx_word' id='word_1_450' title='bbox 463 2762 516 2797; x_wconf 85' lang='lat'>10.</span> <span class='ocrx_word' id='word_1_451' title='bbox 543 2761 592 2796; x_wconf 87' lang='lat' dir='ltr'>Et</span> <span class='ocrx_word' id='word_1_452' title='bbox 617 2761 790 2808; x_wconf 86' lang='lat' dir='ltr'>quamvis</span> <span class='ocrx_word' id='word_1_453' title='bbox 816 2760 1002 2806; x_wconf 85' lang='lat' dir='ltr'>gloriosus</span> <span class='ocrx_word' id='word_1_454' title='bbox 1027 2758 1090 2793; x_wconf 91' lang='grc'>1110</span> <span class='ocrx_word' id='word_1_455' title='bbox 1108 2757 1249 2792; x_wconf 88' lang='lat' dir='ltr'>Doctor</span> <span class='ocrx_word' id='word_1_456' title='bbox 1274 2756 1308 2793; x_wconf 91' lang='grc'>8.</span> <span class='ocrx_word' id='word_1_457' title='bbox 1335 2757 1601 2792; x_wconf 87' lang='lat' dir='ltr'>Bonaventura</span> <span class='ocrx_word' id='word_1_458' title='bbox 1626 2761 1664 2791; x_wconf 90' lang='lat' dir='ltr'>et</span> <span class='ocrx_word' id='word_1_459' title='bbox 1685 2757 1725 2791; x_wconf 91' lang='lat' dir='ltr'>in</span> <span class='ocrx_word' id='word_1_460' title='bbox 1742 2756 1913 2791; x_wconf 88' lang='lat' dir='ltr'>Ecclesia</span> <span class='ocrx_word' id='word_1_461' title='bbox 1938 2756 2073 2791; x_wconf 68' lang='lat' dir='ltr'>catho-</span> 
     </span>
     <span class='ocr_line' id='line_1_46' title="bbox 324 2815 2063 2865; baseline -0.004 -9"><span class='ocrx_word' id='word_1_462' title='bbox 324 2823 395 2857; x_wconf 79' lang='lat' dir='ltr'>lica</span> <span class='ocrx_word' id='word_1_463' title='bbox 423 2820 689 2856; x_wconf 87' lang='lat' dir='ltr'>celeberrimus</span> <span class='ocrx_word' id='word_1_464' title='bbox 715 2821 778 2865; x_wconf 90' lang='lat' dir='ltr'>sit,</span> <span class='ocrx_word' id='word_1_465' title='bbox 806 2819 908 2854; x_wconf 84' lang='lat' dir='ltr'>etin</span> <span class='ocrx_word' id='word_1_466' title='bbox 935 2818 1038 2852; x_wconf 90' lang='lat' dir='ltr'>caelo</span> <span class='ocrx_word' id='word_1_467' title='bbox 1063 2817 1226 2851; x_wconf 82' lang='lat' dir='ltr'>maxime</span> <span class='ocrx_word' id='word_1_468' title='bbox 1251 2816 1506 2862; x_wconf 88' lang='lat' dir='ltr'>resplendeat,</span> <span class='ocrx_word' id='word_1_469' title='bbox 1534 2815 1601 2850; x_wconf 90' lang='lat' dir='ltr'>ubi</span> <span class='ocrx_word' id='word_1_470' title='bbox 1627 2828 1763 2850; x_wconf 89' lang='lat' dir='ltr'>corona</span> <span class='ocrx_word' id='word_1_471' title='bbox 1787 2815 1855 2849; x_wconf 87' lang='lat' dir='ltr'>illa</span> <span class='ocrx_word' id='word_1_472' title='bbox 1880 2820 1936 2849; x_wconf 89' lang='lat' dir='ltr'>est</span> <span class='ocrx_word' id='word_1_473' title='bbox 1962 2827 2063 2849; x_wconf 88' lang='lat' dir='ltr'>eoro-</span> 
     </span>
     <span class='ocr_line' id='line_1_47' title="bbox 324 2873 2063 2926; baseline -0.005 -11"><span class='ocrx_word' id='word_1_474' title='bbox 324 2886 444 2926; x_wconf 86' lang='lat' dir='ltr'>natus,</span> <span class='ocrx_word' id='word_1_475' title='bbox 472 2892 585 2926; x_wconf 89' lang='lat' dir='ltr'>quam</span> <span class='ocrx_word' id='word_1_476' title='bbox 611 2879 825 2925; x_wconf 87' lang='lat' dir='ltr'>repromisit</span> <span class='ocrx_word' id='word_1_477' title='bbox 849 2877 951 2913; x_wconf 89' lang='lat' dir='ltr'>Deus</span> <span class='ocrx_word' id='word_1_478' title='bbox 970 2875 1220 2922; x_wconf 88' lang='lat' dir='ltr'>diligentibus</span> <span class='ocrx_word' id='word_1_479' title='bbox 1247 2887 1303 2920; x_wconf 88' lang='lat' dir='ltr'>se,</span> <span class='ocrx_word' id='word_1_480' title='bbox 1331 2887 1400 2909; x_wconf 88' lang='lat' dir='ltr'>nec</span> <span class='ocrx_word' id='word_1_481' title='bbox 1426 2874 1506 2909; x_wconf 89' lang='lat' dir='ltr'>ulla</span> <span class='ocrx_word' id='word_1_482' title='bbox 1530 2874 1696 2908; x_wconf 90' lang='lat' dir='ltr'>humana</span> <span class='ocrx_word' id='word_1_483' title='bbox 1720 2886 1758 2908; x_wconf 89' lang='lat' dir='ltr'>re</span> <span class='ocrx_word' id='word_1_484' title='bbox 1785 2874 1969 2919; x_wconf 88' lang='lat' dir='ltr'>indigeat,</span> <span class='ocrx_word' id='word_1_485' title='bbox 1997 2873 2063 2919; x_wconf 90' lang='lat' dir='ltr'>qui</span> 
     </span>
     <span class='ocr_line' id='line_1_48' title="bbox 324 2931 2063 2983; baseline -0.005 -9"><span class='ocrx_word' id='word_1_486' title='bbox 324 2940 433 2975; x_wconf 89' lang='lat' dir='ltr'>bonis</span> <span class='ocrx_word' id='word_1_487' title='bbox 459 2938 536 2973; x_wconf 91' lang='lat' dir='ltr'>illis</span> <span class='ocrx_word' id='word_1_488' title='bbox 562 2951 648 2973; x_wconf 90' lang='lat' dir='ltr'>cum</span> <span class='ocrx_word' id='word_1_489' title='bbox 675 2937 824 2973; x_wconf 87' lang='lat' dir='ltr'>Christo</span> <span class='ocrx_word' id='word_1_490' title='bbox 849 2936 1071 2983; x_wconf 88' lang='lat' dir='ltr'>perfruitur,</span> <span class='ocrx_word' id='word_1_491' title='bbox 1099 2946 1194 2981; x_wconf 87' lang='lat' dir='ltr'>quac</span> <span class='ocrx_word' id='word_1_492' title='bbox 1220 2946 1290 2967; x_wconf 90' lang='lat' dir='ltr'>nec</span> <span class='ocrx_word' id='word_1_493' title='bbox 1316 2933 1448 2968; x_wconf 90' lang='lat' dir='ltr'>oculus</span> <span class='ocrx_word' id='word_1_494' title='bbox 1486 2933 1597 2979; x_wconf 87' lang='lat' dir='ltr'>vidit,</span> <span class='ocrx_word' id='word_1_495' title='bbox 1637 2945 1707 2967; x_wconf 89' lang='lat' dir='ltr'>nec</span> <span class='ocrx_word' id='word_1_496' title='bbox 1745 2933 1785 2967; x_wconf 92' lang='lat' dir='ltr'>in</span> <span class='ocrx_word' id='word_1_497' title='bbox 1812 2945 1874 2967; x_wconf 90' lang='lat' dir='ltr'>cor</span> <span class='ocrx_word' id='word_1_498' title='bbox 1899 2931 2063 2966; x_wconf 89' lang='lat' dir='ltr'>hominis</span> 
     </span>
    </p>
   </div>
  </div>
 </body>
</html>
