2253 3317
175 1455 245 1473 solutio
258 1460 303 1478 quo-

198 1478 281 1496 ruudam.

174 1779 300 1801 ssepi-abatur.

187 1964 270 1987 Diligere
279 1966 305 1982 te-

176 1989 229 2013 netur
246 1988 306 2011 tripli-

176 2012 227 2029 mter.

313 127 367 155 20ss

309 203 541 240 comparationem
557 202 592 229 ad
608 201 725 229 virtutes
739 199 815 227 alias.
831 199 1016 236 Comparatur
1034 198 1107 226 enim
1123 200 1153 226 ut

310 253 412 282 mater,
428 252 458 277 ut
473 248 539 276 dicit
550 246 710 275 Ambrosius
722 247 738 278 ¹.
754 248 933 282 eomparatur
948 248 979 273 ut
992 244 1154 277 vineatam,

309 299 340 324 ut
361 296 426 324 ‹lic-it
447 294 592 331 Apostolus
612 294 647 321 ad
675 293 851 321 Colossenses
882 291 1000 320 terti0²:
1036 290 1155 319 Caritas

308 345 349 369 est
364 340 512 369 viuculmu
520 338 716 376 perfeetionis.
733 338 844 366 Ratione
859 337 940 374 primi
956 337 1155 373 appropriatur

309 387 394 420 Patri,
415 387 521 415 ratione
541 385 656 414 secundi
678 384 792 421 Spiritui
815 387 918 413 sancto.

387 433 425 461 Ad
447 432 516 460 illud
538 432 612 469 quod
634 431 764 459 obiicitur
779 431 813 459 de
830 430 979 460 Richardo,
995 429 1155 462 dit-endum,

309 480 383 516 quod
403 478 571 516 yrcttuitzon
591 486 646 506 non
668 477 734 506 dicit
755 476 954 513 proprietatem
973 475 1077 503 amoris
1097 474 1155 502 sive

308 525 432 556 amandi.
455 525 501 553 sed
525 524 723 561 proprietatem
744 531 891 560 personae,
907 530 979 559 quae
994 522 1041 549 dat.
1058 524 1085 549 et
1100 528 1155 548 non

310 571 415 607 recipit.

668 663 732 690 Due.
757 662 795 689 ΙΙΙ.

388 758 453 785 [tem
475 756 620 795 quaeritur
643 756 677 784 de
698 756 751 783 hoe
772 755 848 791 quod
869 755 948 786 dicit.
969 754 1044 791 quod
1065 752 1157 789 Spiri-

310 808 356 832 tus
376 807 498 831 satietas
525 806 569 830 est
587 802 716 834 (lile-etio,
745 810 805 839 qua
830 801 921 829 Pater
949 804 975 828 et
1004 799 1099 828 Filius
1126 807 1156 827 se

1181 394 1184 424 1

996 120 1248 149 SENTENTIARUM
1271 120 1330 148 LlB.
1353 120 1369 147 Ι.

1210 197 1268 225 sive
1289 197 1426 233 inspirare
1445 197 1576 233 importat
1589 200 1682 225 aetum
1704 196 1871 224 notionalem
1887 198 1914 224 et
1928 195 2060 224 essentia-

1210 244 1278 277 lem,
1299 244 1365 280 quia
1386 251 1485 271 sensus
1506 246 1563 277 est,
1584 243 1659 280 quod
1681 243 1814 280 Spiritum
1843 242 2003 279 producunt
2030 245 2057 271 et

1210 290 1314 318 donum
1337 290 1398 318 eius
1418 289 1498 317 nobis
1513 289 1671 323 conferunt3
1693 289 1767 318 unde
1789 289 1856 317 dicit
1870 288 1953 317 simul
1975 288 2058 325 Spiri-

1210 339 1256 365 tus
1277 336 1362 365 saneti
1391 336 1603 373 productionem
1632 339 1659 364 et
1680 336 1784 372 gratiae
1813 335 1997 364 collationem.
2028 335 2058 362 Et

1210 382 1340 419 quamvis
1368 385 1496 419 respectu
1525 385 1603 410 aetus
1638 382 1793 410 essentialis
1821 390 1875 409 non
1908 380 2059 418 recipiatur

1210 428 1347 457 habitudo
1370 428 1498 462 ablativi,
1519 428 1653 465 recipitur
1678 431 1770 456 tamen
1793 428 1899 456 ratione
1927 427 2058 461 notionis,

1211 475 1282 503 sieut
1303 477 1330 503 et
1351 473 1413 503 lite:
1437 475 1515 503 Pater
1540 474 1606 503 dicit
1633 482 1662 503 se
1685 482 1735 502 suo
1762 474 1862 507 Verbo,
1884 474 1950 502 dieit
1975 474 2058 502 etiam

1210 524 1356 549 creaturas
1380 521 1484 555 Verbo:
1513 520 1596 549 simili
1618 521 1701 549 modo
1729 520 1940 557 intelligendum
1962 523 2004 548 est
2031 519 2058 548 in

1183 573 1184 577 ’
1212 567 1362 604 proposito.

310 850 432 878 irwieem
460 853 485 877 et
512 857 565 876 nos
597 847 730 885 (llllymzt.
763 847 921 883 Quaeritur.
943 850 1039 875 utrum
1077 846 1156 874 Pater
1183 856 1185 884 ς

309 899 337 925 et
357 896 440 924 Filius
461 895 577 932 diligant
597 903 650 923 izos
665 894 769 931 Spiritu
792 897 894 922 sancto.
912 893 1007 922 Utrum
1026 892 1099 921 enim
1118 892 1157 920 di-

311 942 395 979 ligant
415 950 445 970 se
466 941 585 978 Spiritus
600 943 706 975 sancto,
728 943 880 977 quaeretur
892 940 901 952 ³
921 939 1096 968 distinctione
1111 938 1157 966 tri-

311 989 415 1026 gesima
439 988 577 1022 secunda.
598 988 646 1016 ubi
668 987 748 1016 istam
777 987 968 1024 quaestionem
1000 985 1157 1023 specialiter

312 1038 412 1063 movet.
428 1035 479 1063 Sed
502 1035 592 1071 prima
607 1034 719 1063 videtur
733 1034 846 1061 omnum
860 1033 929 1061 salsa
952 1036 979 1061 et
994 1032 1156 1069 impropria.

311 1082 380 1110 Cum
402 1081 475 1109 enim
497 1081 613 1109 dicitur:
637 1081 715 1109 Pater
737 1083 764 1109 et
786 1080 869 1108 Filius
891 1080 1010 1116 diligunt
1025 1087 1075 1107 nos
1096 1081 1156 1112 etr...

311 1131 417 1156 constat
438 1128 512 1164 quod
536 1127 654 1156 verbum
675 1126 817 1164 ‹liliyeadi
834 1129 943 1155 tenetur
956 1125 1156 1154 essentialiter.-

311 1182 378 1210 ergo
399 1175 421 1202 si
450 1174 585 1210 diligant⁴
606 1174 711 1210 Spiritu
736 1176 845 1207 sancto,
868 1175 933 1201 sunt
957 1172 1077 1209 Spiritus
1099 1179 1159 1200 san-

313 1223 382 1249 etus.
407 1221 436 1249 Et
458 1220 574 1254 iterum,
590 1220 656 1249 dicit
670 1220 840 1257 Augustinus
853 1219 872 1249 ⁵.
894 1219 969 1256 quod
991 1219 1059 1247 haee
1080 1218 1158 1246 nullo
1185 1226 1187 1237 ²

313 1267 395 1295 modo
422 1267 598 1295 conceditur:
631 1267 710 1295 Pater
738 1266 828 1302 diligit
858 1274 887 1294 se
915 1265 1019 1302 Spiritu
1045 1267 1158 1298 saneto,

312 1314 377 1350 quia
398 1313 514 1350 diligere
536 1316 646 1342 tenetur
670 1313 865 1341 essentialiter:
888 1320 954 1348 ergo
982 1311 1109 1340 similiter
1131 1311 1158 1339 in

313 1360 462 1397 proposito.

392 1406 567 1434 Rsssposnsso:
592 1405 719 1441 Quidam
734 1406 842 1439 dicunt.
864 1405 939 1442 quod
953 1405 1092 1433 ablativus
1114 1404 1160 1432 ille

314 1452 465 1489 exponitur
486 1460 536 1488 per
551 1452 622 1480 hane
637 1452 868 1488 praepositionem
887 1460 942 1488 per
966 1459 1030 1480 eum
1051 1458 1161 1479 accusa-

315 1498 380 1532 tivo,
403 1498 429 1526 id
451 1501 492 1526 est
513 1507 567 1535 per
593 1498 738 1534 Spiritum
758 1501 909 1531 muctam,-
930 1501 957 1526 et
971 1497 1069 1534 regula
1079 1497 1088 1511 '³
1109 1500 1159 1532 est,

316 1545 390 1581 quod
412 1545 479 1573 haee
500 1545 669 1582 praepositio
685 1553 740 1581 per
761 1553 824 1573 eum
840 1544 934 1573 verbis
956 1544 1107 1572 transitivis
1122 1544 1160 1572 di-

316 1590 352 1618 eit
382 1590 642 1624 subauctorstatem.
668 1598 733 1619 eum
757 1590 892 1618 absolutis
918 1597 984 1618 vero
1014 1590 1161 1617 auetorita-

315 1640 379 1665 tem.
402 1637 477 1665 Unde
492 1645 556 1665 eum
578 1637 693 1673 diligere
718 1637 753 1665 sit
773 1636 963 1670 transitivum,
986 1643 1084 1664 sensus
1106 1638 1159 1669 est,

314 1682 388 1719 quod
402 1683 480 1710 Pater
492 1685 519 1710 et
530 1682 614 1710 Filius
625 1682 746 1718 diligunt
758 1690 807 1710 nos
819 1690 869 1718 per
881 1681 1015 1718 Spiritum
1025 1685 1161 1716 sanctum,

314 1729 394 1765 quasi
415 1729 533 1757 diceret:
558 1729 636 1757 Pater
664 1732 797 1765 operatur
824 1736 875 1765 per
903 1728 1009 1756 Filium.
1038 1745 1077 1748 —
1108 1728 1160 1756 Sed

314 1776 382 1803 haee
396 1775 533 1811 expositio
554 1783 609 1803 non
624 1775 736 1804 videtur
750 1775 930 1806 conveniens,
946 1775 1012 1811 quia
1033 1767 1161 1803 similiter

313 1824 406 1858 posset
419 1821 427 1834 ⁷
449 1821 514 1849 diei:
539 1821 617 1849 Pater
637 1824 664 1849 et
687 1821 770 1849 Filius
784 1822 904 1858 puniunt
918 1821 976 1850 sive
998 1821 1096 1849 odiunt
1111 1829 1161 1849 nos

313 1868 418 1905 Spiritu
439 1870 545 1901 saneim
567 1868 642 1904 quod
664 1876 718 1896 non
740 1868 801 1896 vult
822 1868 914 1896 dicere
936 1867 1114 1904 Augustinus.

393 1914 540 1951 Propterea
567 1914 731 1948 notandum,
760 1914 836 1951 quod
864 1914 984 1952 diligere
1010 1914 1161 1951 aliquando
1188 1912 1189 1925 ³

316 1964 424 1989 tenetur
436 1969 512 1997 pure
526 1960 726 1994 essentialiter,
741 1964 772 1989 ut
794 1969 858 1989 eum
874 1961 988 1990 dieitur:
1007 1961 1087 1989 Pater
1102 1961 1162 1989 dili·
1188 1966 1190 1992 ἰ

316 2007 354 2044 git
375 2015 404 2036 se
415 2007 437 2041 ⁸3
453 2007 603 2044 aliquando
615 2016 691 2044 pure
705 2008 901 2041 uotiouttliter,
920 2011 951 2036 ut
966 2016 1029 2036 euin
1045 2008 1159 2036 dicitur:

315 2052 394 2082 Pater
415 2057 442 2082 et
463 2055 546 2082 Filius
568 2055 688 2091 diligunt
709 2062 738 2083 se
759 2054 863 2091 Spiritu
885 2057 995 2089 sancto,
1022 2055 1093 2083 sic-ut
1117 2063 1162 2092 pa-

316 2100 424 2134 tebit⁹;
449 2100 599 2137 aliquando
616 2101 730 2137 partim.
754 2101 954 2134 essentialiter,
976 2101 1089 2138 partim
1114 2110 1162 2129 ηο-

316 2147 472 2180 tiouctliter,
498 2147 569 2175 sicut
597 2155 660 2175 eum
690 2147 805 2176 dieitur:
835 2147 954 2183 diligunt.
975 2156 1025 2176 nos
1057 2148 1161 2184 Spiritu

317 2196 425 2225 saneto;
446 2196 473 2221 et
501 2194 553 2222 hoe
572 2194 591 2206 ¹⁰
622 2196 709 2230 patet,
730 2194 796 2230 quia
828 2194 901 2222 idem
930 2198 971 2223 est
998 2195 1107 2223 Patrem
1135 2198 1162 2223 et

317 2240 414 2268 Filium
441 2240 556 2276 diligere
584 2248 634 2268 nos
662 2240 766 2277 Spiritu
793 2244 902 2275 sancto.
924 2241 999 2277 quod
1026 2241 1161 2278 Spiritum

317 2289 443 2314 sanetum
465 2286 543 2314 nobis
564 2287 674 2315 mittere
695 2287 753 2315 sive
775 2287 920 2324 inspirare.
942 2288 1048 2316 Mittere
1066 2291 1161 2316 autem

380 2402 385 2416 ¹
403 2402 530 2425 Comment.
548 2404 569 2424 in
588 2403 601 2425 Ι.
619 2403 687 2431 Epist.
707 2404 735 2425 ad
753 2403 804 2426 Cor.
826 2410 845 2426 e.
864 2405 889 2431 8,
908 2405 936 2426 :22
955 2405 1014 2427 Dum
1031 2406 1092 2427 enim
1104 2406 1159 2427 cari-

317 2444 400 2469 tatem,
418 2448 477 2469 quae
494 2445 567 2463 matt-r
583 2443 687 2464 omnium
705 2442 819 2464 bonorum
836 2446 880 2470 est,
898 2449 943 2465 non
966 2447 1095 2474 sectantur,
1114 2450 1159 2465 non

317 2480 405 2507 sciunt,
423 2481 481 2502 sicut
497 2483 593 2508 oportet.
611 2480 719 2503 Celerum
736 2482 773 2503 hic
789 2481 916 2504 Comment.
935 2489 979 2504 non
991 2486 1025 2505 est
1037 2484 1159 2510 genuinus.

317 2518 350 2540 De
361 2521 452 2541 auctore
465 2519 642 2543 (Ambrosiaster
659 2520 730 2548 vulgo
742 2522 847 2549 vocatur)
860 2521 913 2543 vide
925 2522 982 2543 infra
995 2521 1017 2543 d.
1031 2521 1091 2543 XIX.
1105 2528 1123 2544 (·..
1138 2521 1158 2548 li,

318 2560 368 2578 nota
387 2557 416 2578 ad
434 2560 519 2579 textum
537 2558 645 2585 Magistri.
898 2560 899 2563 ’

378 2595 387 2609 '2
406 2596 469 2617 Vers.
489 2595 524 2617 14.

377 2634 387 2647 ³
405 2634 455 2656 Vat.
472 2641 525 2656 cum
542 2635 657 2663 aliquibus
682 2635 749 2658 codd.
774 2636 906 2665 quaeritur.
931 2638 1000 2659 Paulo
1026 2638 1082 2659 infra
1109 2641 1161 2665 post

317 2673 392 2695 ”toret
408 2679 468 2695 unus
484 2674 569 2696 alterve
587 2674 637 2696 cod.
656 2677 680 2696 ut
696 2675 728 2696 17.
746 2675 809 2697 addit
826 2675 946 2704 Maytster.

378 2710 387 2725 ⁴
405 2711 444 2733 Ed.
466 2712 471 2733 l
492 2711 599 2741 ditiqant.
617 2712 666 2734 Mox
683 2712 733 2735 cod.
752 2713 770 2734 T
782 2714 838 2735 sunt
854 2713 946 2742 Spiritu
957 2715 1038 2737 scozcto
1051 2716 1161 2742 prosunt

317 2749 421 2778 Spiritus
437 2752 540 2773 sanctus.

378 2788 387 2802 ⁵
405 2788 464 2811 Lihr.
483 2789 531 2811 XV.
549 2790 578 2812 de
596 2790 659 2812 Trin.
677 2796 696 2812 e.
714 2790 735 2812 7.
753 2797 774 2812 n.
796 2791 829 2818 12,
847 2793 869 2812 ot
885 2797 904 2813 e.
926 2792 959 2813 17.
978 2798 999 2814 n.
1019 2792 1054 2814 28.

379 2826 388 2841 ⁶
405 2826 460 2849 Cod.
478 2828 495 2849 Ο
512 2829 533 2850 et
550 2828 611 2850 ratio
627 2827 699 2851 huius
717 2829 766 2851 loco
783 2830 806 2851 et
819 2829 912 2858 reynla.
931 2830 979 2852 Mox
997 2834 1050 2858 post
1065 2830 1161 2854 absolue

317 2865 346 2888 tis
363 2872 388 2888 ex
406 2867 504 2894 antiquis
520 2873 574 2889 mss.
592 2869 613 2888 ot
629 2867 665 2889 ed.
686 2868 692 2889 l
714 2867 873 2890 substituimus
891 2874 945 2891 cero
963 2875 1005 2896 pro
1021 2871 1108 2892 (tutem.

1567 660 1634 688 Dun.
1658 660 1700 688 [V.

1290 753 1357 781 {tem
1372 753 1518 790 quaeritur
1534 753 1568 781 de
1590 753 1642 781 hoe
1657 753 1729 789 quod
1754 753 1831 781 dir-it:
1853 753 1918 781 Sive
1932 752 2008 780 (atim
2022 753 2061 781 sit

1214 798 1313 826 atticas
1334 798 1490 826 avtbormu
1508 798 1568 826 sive
1588 798 1750 831 sanctitas,-
1775 798 1843 835 quid
1871 798 1981 827 dicatur
2009 806 2060 835 per

1212 845 1264 873 hoo
1292 852 1392 873 nomen
1421 845 1541 878 amm,-
1561 845 1627 881 quia
1648 848 1696 872 aut
1718 845 1809 873 unitas
1831 844 1898 873 dicit
1924 844 2059 873 unitatem

1211 891 1405 924 essentialem,
1427 894 1486 919 aut-
1500 891 1692 924 aotionalem,
1714 893 1762 919 aut
1780 890 1972 928 personalem.
2002 891 2060 919 Non

1211 938 1400 969 essentialem,
1432 938 1498 974 quia
1528 940 1594 966 tune
1625 946 1679 966 non
1710 941 1782 966 esset
1813 937 1977 971 amborum,
2012 937 2060 966 sed

1211 984 1314 1017 trium;
1342 992 1396 1012 non
1426 984 1608 1017 notionalem⁷
1637 984 1702 1020 quia
1723 984 1841 1020 Spiritus
1869 986 1982 1012 sanctus
2006 991 2066 1012 non·

1212 1033 1254 1059 est
1268 1031 1425 1059 communis
1445 1030 1574 1067 spirati03
1602 1038 1657 1058 non
1678 1030 1867 1067 personalem,
1894 1030 1960 1066 quia
1982 1030 2061 1058 Pater

1212 1080 1239 1105 et
1260 1077 1343 1105 Filius
1365 1085 1419 1106 non
1441 1081 1506 1105 sunt
1527 1085 1616 1105 unum
1631 1077 1658 1105 in
1674 1085 1801 1113 persona.
1816 1077 1887 1105 Item
1905 1076 2059 1113 quaeritur,
2072 1083 2161 1124 Q¹¹35⁵²¹⁰
2174 1083 2206 1101 in-

1212 1132 1268 1160 quo
1290 1124 1373 1152 modo
1394 1124 1463 1152 haee
1477 1123 1496 1136 ¹¹
1520 1123 1745 1160 distinguantur,
1766 1123 1881 1156 unitas,
1902 1123 2060 1156 sanctitas,
2096 1112 2113 1124 ω
2129 1111 2168 1124 ‘³⁰⁸'

1215 1170 1337 1199 caritas.

1292 1217 1467 1245 nssspmmsso:
1484 1216 1648 1250 Dicendum,
1663 1216 1738 1252 quod
1760 1216 1852 1244 unitas
1867 1215 2062 1252 personaliter

1214 1266 1334 1292 tenetur.
1350 1263 1402 1292 Sed
1418 1263 1628 1297 attendendum,
1643 1263 1718 1299 quod
1733 1262 1826 1291 unitas
1844 1262 2002 1299 aliquorum
2025 1262 2064 1291 di-
2075 1269 2148 1310 '‘¹5¹2'ssss
2161 1259 2206 1287 mii-¹

1214 1310 1287 1338 citur
1309 1309 1472 1346 dupliciter:
1495 1312 1544 1338 aut
1564 1318 1619 1346 qua
1641 1309 1726 1346 aliqui
1755 1312 1820 1337 sunt
1844 1317 1949 1338 unum.
1974 1312 2001 1337 et
2022 1309 2061 1338 sie
2107 1304 2111 1310 ‘
2130 1306 2134 1310 '
2224 1306 2225 1309 ’

1215 1356 1303 1384 Patris
1331 1359 1358 1384 et
1380 1356 1436 1383 Filii
1466 1364 1518 1384 non
1542 1359 1584 1384 est
1605 1356 1698 1384 unitas
1724 1355 1907 1392 personalis;
1931 1359 1980 1384 aut
2007 1364 2063 1392 qua

1214 1402 1301 1439 aliqui
1322 1405 1387 1431 sunt
1401 1402 1486 1434 uniti,
1502 1405 1529 1431 et
1543 1402 1582 1431 sie
1597 1402 1676 1431 Pater
1698 1407 1725 1430 et
1741 1402 1824 1430 Filius
1846 1402 1928 1431 unica
1943 1410 2063 1439 persona

1215 1450 1361 1483 uniuntur.
1377 1449 1448 1477 sieut
1462 1456 1581 1486 persona
1595 1449 1715 1485 Spiritus
1729 1448 1830 1482 saneti,
1845 1456 1917 1485 quae
1928 1452 1970 1477 est
1984 1456 2063 1476 amor

1214 1499 1242 1526 et
1262 1496 1408 1524 vinculum
1430 1499 1543 1524 nectens
1556 1495 1583 1522 ¹2.

1294 1543 1332 1571 Ad
1355 1542 1424 1571 illud
1439 1542 1514 1579 quod
1537 1542 1692 1579 quaeritur,
1707 1542 1847 1578 quomodo
1869 1541 2206 1581 differuntillas-111921q5111ae-

1216 1590 1285 1622 tria3
1307 1589 1473 1623 dicendum,
1495 1589 1570 1626 quod
1592 1596 1681 1617 unum
1694 1589 1711 1603 ¹³
1735 1589 1812 1617 addit
1833 1596 1919 1625 supra
1933 1588 2063 1617 alterum.
2088 1573 2161 1590 ‘um'

1216 1637 1283 1665 Nam
1312 1636 1413 1664 unitas
1433 1636 1500 1664 dicit
1527 1635 1713 1664 conditionem
1742 1635 1832 1664 omnis
1860 1635 1976 1666 amoris.
1999 1643 2064 1672 quo-

1188 1717 1189 1722 1
1216 1684 1291 1711 niam
1312 1683 1402 1711 omnis
1417 1690 1496 1710 amor
1510 1685 1552 1711 est
1567 1682 1608 1710 vis
1623 1682 1743 1715 unitiva;
1757 1682 1902 1710 sanctitas
1922 1681 1989 1710 dicit
2003 1689 2065 1710 con-

1188 1728 1189 1766 }
1216 1729 1347 1758 ditionem
1370 1729 1474 1757 amoris
1498 1729 1565 1757 casti
1594 1732 1690 1757 eontra
1718 1728 1912 1763 libidinosum,
1934 1728 1981 1765 qui
2009 1736 2062 1757 non

1188 1798 1189 1812 2
1216 1779 1257 1805 est
1278 1783 1381 1813 purusg
1406 1775 1520 1803 caritas
1542 1775 1608 1804 dicit
1629 1775 1815 1804 conditionem
1836 1775 1939 1804 amoris
1960 1775 2064 1812 praeci-

1216 1822 1277 1859 pui:
1300 1822 1362 1850 ideo
1376 1822 1450 1850 euim
1472 1822 1573 1850 caritas
1587 1822 1698 1856 dieitur,
1720 1822 1786 1858 quia
1801 1824 1842 1850 est
1863 1829 1942 1850 arnor
1956 1822 2065 1850 inaesti-

1188 1894 1189 1900 ,
1216 1869 1357 1897 mahiliter
1378 1869 1485 1897 habeus
1505 1877 1603 1897 earum
1625 1872 1758 1897 amatum.

1186 2597 1188 2654 l

1186 2657 1188 2679 ι

1186 2783 1189 2855 Ξ

1578 1962 1646 1990 Dun.
1673 1963 1702 1990 V.

1296 2055 1361 2083 ltem
1387 2055 1533 2092 quaeritur
1554 2055 1588 2083 de
1614 2056 1666 2084 hoe
1687 2056 1761 2092 quod
1783 2056 1861 2084 dicit:
1891 2056 1928 2084 Si·
1944 2060 2065 2094 uterque

1215 2111 1272 2130 non
1285 2102 1524 2139 participatione,
1541 2102 1592 2130 sed
1604 2103 1729 2130 essentia
1742 2111 1827 2131 sua...
1839 2106 1987 2131 servantes
2001 2104 2066 2131 uni*

1217 2153 1303 2178 tatem
1324 2148 1457 2186 spiritus.
1480 2149 1596 2177 Videtur
1617 2149 1691 2177 enim
1713 2157 1766 2177 non
1789 2149 1858 2178 hene
1881 2149 2064 2187 dicere‚q11ia

1216 2203 1330 2224 servare
1358 2194 1492 2223 unitatem
1522 2195 1638 2232 spiritus
1669 2198 1711 2223 est
1745 2195 1902 2232 producere
1930 2196 2063 2233 Spiritum

1216 2244 1358 2270 sanetum:
1388 2248 1455 2278 ergo
1475 2241 1630 2269 seeundum
1659 2241 1711 2270 hoc
1740 2241 1818 2270 Pater
1846 2245 1873 2270 et
1899 2242 1982 2271 Filius
2013 2251 2064 2271 sua

1216 2287 1336 2316 essentia
1357 2287 1492 2324 Spiritum
1514 2292 1640 2315 sanctum
1656 2287 1831 2324 producunt,
1853 2291 1880 2316 et
1895 2288 1931 2316 ita
1952 2288 2064 2317 videtur

1277 2404 1287 2419 ⁷
1304 2405 1354 2426 Vat.
1372 2410 1425 2426 cum
1443 2404 1494 2426 cod.
1513 2410 1552 2432 cc,
1571 2404 1620 2426 aliis
1637 2407 1714 2427 autem
1732 2404 1799 2426 codd.
1827 2411 1880 2426 enm
1905 2404 1941 2427 ed.
1971 2405 1977 2427 l
1999 2405 2063 2427 obni-

1215 2443 1315 2465 tentibus
1325 2461 1330 2471 ,
1346 2444 1429 2472 potest.

1277 2482 1287 2496 ⁸
1303 2482 1376 2504 Codd.
1393 2483 1451 2504 inter
1468 2488 1492 2504 se
1510 2488 1554 2504 non
1572 2483 1726 2509 conventuum
1746 2482 1809 2504 multi
1836 2485 1860 2504 ut
1884 2484 1900 2503 A
1911 2482 1926 2503 F
1936 2482 1978 2504 till
1989 2482 2008 2504 K
2019 2482 2033 2504 S
2044 2482 2062 2504 'l‘

1215 2521 1235 2543 X
1246 2521 1264 2543 Y
1282 2524 1324 2543 etc.
1342 2527 1395 2543 cum
1412 2521 1449 2543 ed.
1470 2521 1476 2542 l
1498 2521 1605 2543 exhibent
1622 2521 1740 2543 lectionem
1754 2524 1869 2549 nostram3
1883 2521 1902 2542 V
1905 2523 1933 2543 at.
1946 2527 1999 2543 cum
2012 2521 2063 2543 cod.

1215 2566 1241 2582 ce
1258 2561 1334 2582 minus
1351 2560 1455 2582 distincte
1471 2559 1543 2582 Putet·
1566 2560 1587 2582 e!
1605 2559 1680 2582 Filius
1696 2559 1798 2589 diliqum
1819 2566 1861 2587 se;
1883 2559 1934 2581 rod.
1961 2560 1967 2581 l
1993 2560 2064 2582 Pater

1215 2599 1238 2621 et
1254 2598 1330 2621 Filius
1347 2598 1423 2628 [Iilz'yt'l
1439 2604 1471 2621 se.

1278 2637 1287 2652 ⁰
1304 2638 1358 2660 Dist.
1377 2638 1413 2659 32.
1431 2644 1450 2660 a.
1472 2638 1490 2659 1.
1508 2645 1529 2666 q.
1551 2638 1568 2660 1.
1586 2642 1608 2660 ot
1626 2639 1646 2660 2.

1280 2676 1298 2690 ¹⁰
1315 2676 1421 2698 Mendosa
1439 2677 1505 2699 lectio
1523 2677 1571 2698 Vnt.
1589 2683 1620 2699 ea*
1637 2676 1680 2699 hoc
1692 2683 1735 2704 pro
1752 2676 1803 2704 hoc,
1823 2680 1843 2698 cl
1862 2677 1930 2704 paulo
1948 2677 2004 2699 infra
2021 2676 2063 2700 sci-

1216 2714 1268 2738 tit-et
1284 2716 1334 2737 loco
1350 2715 1414 2744 quod
1429 2716 1554 2743 castigatur
1570 2722 1595 2737 vx
1614 2722 1669 2737 mss.
1686 2718 1708 2738 et
1724 2715 1760 2738 ed.
1783 2716 1799 2738 Ι.

1279 2754 1296 2768 ¹¹
1315 2754 1387 2776 Codd.
1405 2754 1436 2776 dd
1454 2754 1498 2777 liz'e.

1279 2793 1298 2807 ¹²
1314 2793 1379 2815 Plura
1397 2793 1427 2815 de
1444 2794 1486 2815 hoe
1503 2793 1557 2815 vide
1574 2794 1624 2821 liic⁷
1642 2800 1663 2815 a.
1682 2794 1702 2815 2.
1720 2800 1741 2822 q.
1760 2794 1781 2815 2.

1280 2831 1298 2846 ¹3
1315 2831 1355 2853 Ed.
1377 2832 1381 2853 1
1404 2832 1468 2854 addit
1483 2831 1592 2854 isloi-mu.
