2253 3317
184 1212 317 1231 Fundamenta.

209 2145 238 2164 Ad
243 2169 246 2172 ἢ
251 2151 308 2169 oppo-

232 2172 295 2187 Situm.

334 110 388 138 118

1017 106 1268 136 SENTENTIARUM
1289 107 1349 136 LIB.
1371 107 1389 136 1.

1092 212 1299 248 SCHOLION.

391 303 405 325 l.
423 302 483 324 Haec
500 301 616 324 conclusio
633 303 667 323 est
683 301 766 323 iterum
784 302 861 322 contra
879 300 986 323 abbatem
1004 301 1103 323 {oachim
1121 301 1171 328 (cir.

329 341 403 363 schol.
422 341 458 363 bic
474 347 495 362 u.
514 340 533 362 4.
552 346 574 368 q.
596 339 631 368 l.).
649 340 676 361 Ut
691 342 752 362 recte
775 340 914 367 intelligatur
935 340 1066 367 conclusio,
1092 342 1172 362 notan-

328 379 399 407 dum,
417 379 481 408 quod
498 384 542 400 non
560 381 594 401 est
610 384 686 401 sermo
704 378 733 401 de
755 377 857 401 subiecto
882 379 1050 406 generationis,
1067 378 1131 407 quod
1148 379 1171 401 in

328 418 474 446 generatione
491 420 649 440 creaturarum
667 419 701 439 est
718 417 811 438 materia
830 417 904 444 prima
915 434 920 444 ,
943 423 1003 445 quac
1027 423 1171 445 praesuppo-

327 458 388 479 nitur
405 457 552 484 generationi,
570 456 611 478 scd
628 456 657 478 dc
674 455 775 478 termino
792 456 958 484 generationis,
971 456 1010 484 qui
1022 456 1102 484 incipit
1112 462 1170 478 csse.

389 496 488 517 Perfecta
506 495 622 522 generatio
639 495 774 517 terminatur
796 494 826 516 ad
843 494 1007 523 substantiam,
1026 500 1071 516 non
1088 494 1118 517 ad
1136 501 1171 517 ac-

327 533 421 561 cidens;
439 534 480 556 sed
498 534 519 556 S.
538 534 622 556 Doctor
638 539 691 556 cuni
709 533 828 556 communi
853 534 963 555 sententia
986 533 1106 561 distinguit
1131 533 1171 556 du-

326 573 410 601 plicem
427 572 590 595 substantiam:
608 573 677 595 altera
695 572 778 594 dicitur
802 571 928 594 substantia
945 571 1040 602 prima,
1061 579 1120 601 quae
1137 576 1171 595 cst

326 617 395 634 omne
411 611 561 634 individuum
578 611 599 633 in
617 617 702 639 genere
720 610 875 639 substantiae;
893 611 962 633 altera
980 617 1036 633 vero
1052 611 1169 640 secunda,

326 657 385 680 quae
402 653 436 673 est
452 651 539 679 aliquid
561 657 720 673 ncommune»
741 651 763 673 in
781 657 866 678 genere
877 650 1025 673 substantiae.
1038 650 1169 674 Substantia

326 691 400 718 prima
418 693 453 713 est
469 691 582 712 terminus
598 691 672 713 totalis
689 690 844 718 generationis
863 693 976 719 quantum
996 690 1025 712 ad
1036 690 1170 719 productio·

325 735 394 757 neom
413 729 539 752 substantia
557 736 614 752 vero
639 729 741 752 secunda
758 731 792 752 est
809 730 920 751 terminus
945 729 1047 751 formalis
1072 729 1103 758 (at
1120 736 1170 758 par-

325 768 392 797 tialis)
409 771 521 797 quantum
539 768 568 790 ad
585 767 745 791 intentatum.
762 769 785 790 ln
811 768 922 791 creaturis
944 770 1041 796 uterque
1058 770 1170 792 terminus

1227 301 1307 329 incipit
1323 307 1373 323 esse
1391 301 1420 323 de
1437 307 1513 330 novo,
1533 308 1577 324 non
1595 308 1652 324 vero
1674 303 1696 325 in
1714 303 1769 326 Deo.
1790 304 1875 326 «Unde
1899 306 2016 332 generatio
2039 305 2073 327 ‹li-

1228 341 1280 362 vina
1298 340 1433 363 terminatur
1449 340 1478 362 ad
1504 341 1603 368 primam
1625 341 1789 370 substantiam,
1813 349 1858 364 non
1881 343 1909 365 ad
1935 344 2070 372 essentiam,

1227 385 1303 408 neque
1321 379 1349 401 ad
1366 380 1514 408 relationem,
1532 381 1554 402 in
1572 383 1684 409 quantum
1701 384 1735 404 est
1751 381 1850 410 relatio,
1868 382 1909 405 sed
1924 383 1946 404 in
1959 385 2071 412 quantum

1227 420 1261 439 est
1277 424 1376 445 persona
1393 418 1557 441 subsistens».
1575 419 1604 442 lta
1622 420 1659 441 bic
1675 420 1782 442 Ricllard.
1801 427 1813 442 a
1831 420 1889 443 Med.

1289 456 1313 478 ll.
1330 457 1353 478 ln
1371 458 1518 480 conclusione
1535 460 1558 481 et
1569 458 1736 487 principalibus
1747 460 1890 487 argumentis
1902 459 2008 482 doctores
2019 466 2071 483 con-

1227 495 1329 518 veniunt.
1347 495 1408 518 Alex.
1425 497 1490 525 llal.‚
1508 497 1530 519 S.
1548 497 1603 525 p..l.
1621 504 1643 526 q.
1662 496 1697 519 42.
1716 504 1747 520 m.
1765 498 1785 520 3.
1812 504 1832 520 a.
1852 498 1859 520 «¹
1875 505 1880 527 ;
1898 505 1920 527 p.
1939 498 1974 521 IV.
1992 505 2014 527 q.
2034 499 2070 521 1l0.

1226 540 1257 556 m.
1280 535 1297 556 l.
1314 546 1346 551 —
1363 535 1438 563 Scot.,
1456 536 1493 557 hic
1509 542 1531 565 q.
1550 536 1570 558 ¹1.
1587 548 1620 552 —
1636 536 1657 558 S.
1676 536 1772 565 Thom.‚
1790 537 1826 559 hie
1843 544 1865 566 q.
1884 537 1913 565 33
1931 538 1952 560 S.
1971 538 1985 560 l.
1998 544 2019 566 q.
2033 538 2072 560 39.

1226 580 1246 596 a.
1265 573 1286 596 5.
1303 586 1335 590 -
1351 574 1375 596 B.
1393 574 1491 602 Albert.⁷
1510 575 1546 597 hic
1563 582 1583 597 a.
1602 576 1628 603 2;
1646 575 1667 597 S.
1686 581 1708 603 p.
1726 576 1740 597 I.
1758 578 1785 598 tr.
1802 575 1824 598 7.
1842 582 1864 605 q.
1884 576 1920 598 30.
1938 582 1968 598 m.
1982 577 2003 599 3.
2016 582 2036 599 a.
2050 577 2070 599 l.

1225 625 1257 630 —
1273 613 1331 637 Pctr.
1349 620 1361 636 a
1379 614 1444 643 Tar„
1463 615 1499 636 hic
1516 621 1538 643 q.
1556 615 1576 637 2.
1595 621 1615 637 a.
1634 615 1654 637 ι1.
1671 627 1703 631 -
1719 615 1826 638 Ricliard.
1844 622 1856 638 a
1874 616 1946 644 Med,
1964 617 2001 639 liic
2013 623 2034 645 q.
2049 617 2069 639 2.

1225 664 1258 669 -
1268 652 1343 680 AEgid.
1356 653 1381 675 R.
1389 671 1394 681 ‚
1407 653 1444 675 liic
1457 653 1476 675 l.
1489 654 1562 681 princ.
1574 660 1596 682 q.
1609 654 1630 675 2.
1643 653 1758 676 secundae
1769 656 1856 683 quaest.
1868 666 1900 671 —
1910 655 1978 677 Henr.
1990 655 2071 684 Gand.,

1226 692 1248 714 S.
1266 698 1285 714 a.
1305 691 1342 714 59.
1360 698 1381 721 q.
1401 692 1420 714 l.
1439 698 1460 714 n.
1479 691 1499 714 4.
1516 704 1548 708 —
1564 692 1681 720 Durand.,
1701 693 1737 715 hic
1754 699 1776 721 q.
1796 693 1816 716 l.
1833 705 1865 710 —
1880 693 1973 721 Dionys.
1987 693 2070 722 Carth.y

1226 731 1263 753 mc
1280 737 1302 760 q.
1320 731 1341 753 Ξ.
1359 743 1391 747 -
1407 731 1468 760 niet,
1487 732 1530 754 nic.
1548 738 1570 761 q.
1592 732 1612 753 i.
2066 727 2068 729 ’

1095 845 1247 882 QUAEsno
1267 845 1298 874 11.

597 933 701 961 Utrum
721 932 889 961 substantia
908 932 969 960 sive
989 932 1112 960 essentia
1134 931 1237 960 divina
1254 940 1308 968 per
1327 932 1544 969 yeneratz‘ovwm
1565 932 1805 961 communicetur.

403 1019 503 1048 Ultimo
523 1019 689 1056 quaeritur,
710 1021 808 1047 utrum
829 1018 985 1047 substantia
1009 1025 1060 1055 per
1091 1025 1170 1054 gene-

324 1065 461 1094 rationem
487 1065 727 1100 commnnicetur3
751 1068 779 1094 et
809 1065 885 1102 quod
910 1065 962 1099 sic,
990 1064 1167 1093 ostenditur¹

325 1112 378 1141 hoe
398 1112 490 1140 modo.

406 1160 429 1187 1.
451 1159 501 1187 Per
523 1159 593 1187 illud
615 1167 660 1187 res
682 1159 924 1193 communicatur,
952 1166 1004 1195 per
1029 1158 1104 1195 quod
1127 1157 1166 1192 fit,

324 1209 356 1234 ut
376 1205 411 1234 sit
438 1206 466 1234 in
496 1206 646 1243 pluribus;
668 1206 717 1235 sed
739 1206 895 1235 substantia
916 1208 958 1234 est
979 1206 1006 1233 in
1036 1204 1168 1242 pluribus

323 1252 450 1289 personis
477 1255 504 1281 et
534 1261 589 1281 non
620 1255 661 1281 est
692 1252 745 1281 nisi
766 1260 817 1289 per
842 1252 1048 1289 generationem
1070 1254 1097 1280 et
1117 1259 1168 1288 per

323 1299 528 1336 processionem
541 1309 547 1327 :
563 1307 629 1336 ergo
643 1307 694 1336 per
709 1299 914 1336 generationem
936 1298 1167 1327 communicatur.

402 1347 427 1374 2.
450 1346 526 1381 Item,
547 1354 631 1375 cansa
652 1349 711 1380 est,
733 1354 789 1383 qua
810 1346 900 1383 posita
920 1345 1033 1383 ponitur
1064 1353 1110 1374 res
1141 1348 1168 1373 et

324 1401 379 1430 qua
400 1396 507 1421 remota
533 1392 734 1427 removetur²3
760 1392 809 1421 sed
831 1392 921 1429 posita
941 1392 1116 1420 emanatione
1138 1392 1166 1419 in

324 1439 443 1474 (livinis,
475 1439 589 1476 ponitur
613 1439 798 1467 communitas
828 1441 856 1467 et
876 1438 1035 1473 distinctio;
1060 1441 1167 1467 remota

323 1486 500 1522 generatione
521 1486 565 1514 vel
586 1486 768 1520 emanatione,
783 1485 903 1514 essentia
918 1488 959 1514 est
974 1485 1002 1513 in
1016 1493 1073 1513 uno
1094 1485 1166 1519 solo,

324 1533 395 1561 sicut
406 1533 580 1570 hypostasis:
608 1540 674 1569 ergo
698 1532 840 1569 generatio
861 1534 903 1561 est
924 1532 994 1560 ratio
1015 1532 1167 1561 eommuni-

323 1579 403 1608 candi
425 1579 581 1608 essentiam.

402 1626 427 1654 3.
449 1626 528 1660 Item,
551 1626 625 1662 quod
641 1626 724 1654 datur
738 1626 821 1654 alicui
843 1629 870 1654 et
883 1633 938 1653 non
953 1625 1055 1654 desinit
1069 1625 1167 1654 haberi

322 1681 338 1701 a
360 1673 457 1705 dante,
480 1680 530 1709 per
550 1672 641 1701 illud³
662 1680 712 1709 per
733 1673 808 1709 quod
824 1673 923 1707 datur,
944 1680 995 1709 per
1010 1672 1080 1701 illud
1095 1680 1167 1700 com-

321 1719 500 1753 municatur,
522 1719 571 1747 sed
593 1719 749 1747 substantta
774 1727 789 1747 a
814 1719 894 1747 Patre
923 1719 1007 1747 datur
1028 1718 1094 1747 Filio
1115 1726 1166 1755 per

320 1766 527 1802 generationem
558 1768 585 1794 et
614 1773 670 1793 non
701 1765 802 1793 desinit
827 1764 925 1793 haberi
946 1773 962 1792 a
982 1764 1074 1799 Patre,
1097 1764 1165 1793 dum

321 1812 404 1840 datur
427 1812 510 1840 Filio:
533 1820 599 1849 ergo
620 1820 671 1848 per
697 1812 904 1848 generationem
932 1811 1164 1840 eommunittatur.

397 1859 425 1886 [ι.
449 1858 530 1893 Item,
555 1858 696 1895 generatio
715 1858 743 1886 in
768 1858 812 1887 his
834 1857 1013 1886 inferi0ribus
1038 1860 1080 1886 est
1093 1857 1165 1886 ratio

319 1905 544 1934 communicandi
559 1905 744 1934 substantiam
767 1905 826 1934 sive
841 1908 988 1939 naturam3
1010 1905 1059 1933 sed
1074 1905 1100 1933 In
1128 1905 1166 1933 di-

320 1952 392 1980 vinis
416 1955 517 1980 natura
540 1955 582 1981 est
603 1952 657 1981 illis
681 1952 771 1981 multo
786 1951 1080 1986 communicabiliorss
1099 1951 1165 1988 quia

320 1999 490 2036 simplicior:
523 2007 589 2036 ergo
620 1999 648 2027 in
680 1999 781 2028 divinis
801 2006 852 2036 per
874 1999 1081 2035 generationem
1103 1998 1166 2026 sub-

321 2046 421 2074 stantia
442 2046 486 2074 vel
506 2046 626 2075 essentia
649 2046 879 2074 communicatur.

400 2093 530 2122 Courna:
560 2094 584 2121 1.
616 2093 762 2121 Generatio
794 2096 836 2121 est
867 2093 1037 2129 principitim
1070 2092 1165 2121 distin·
1192 2098 1194 2118 ε

321 2139 444 2176 guendi⁵
456 2151 463 2174 ;
485 2140 533 2168 sed
554 2147 609 2167 non
630 2142 672 2168 est
692 2139 766 2168 idem
781 2140 951 2177 principium
976 2139 1165 2176 diStinguendi

321 2189 348 2215 et
378 2186 619 2215 communiCandi:
645 2194 711 2223 ergo
735 2194 786 2223 per
810 2187 1016 2223 generationem
1042 2194 1097 2214 non
1123 2188 1165 2214 est

321 2233 392 2261 ratio
416 2233 639 2261 communicandi
661 2233 688 2261 in
710 2233 827 2261 divinis:
850 2241 916 2270 ergo
937 2241 987 2270 per
1012 2233 1165 2270 generatio-

321 2287 384 2308 nem
405 2279 474 2307 nihil
496 2280 726 2308 communicatur.

399 2327 425 2354 2.
447 2326 530 2360 Item,
559 2326 633 2363 quod
658 2326 723 2354 facit
748 2326 854 2363 aliquid
881 2334 942 2355 esse
964 2326 996 2353 in
1016 2325 1087 2359 lzoc,
1109 2333 1164 2353 non

321 2375 363 2401 est
384 2373 454 2401 ratio
475 2373 713 2407 communicandi,
734 2373 783 2402 sed
804 2372 1005 2410 appropriandi
1019 2375 1046 2401 et
1068 2372 1165 2401 Indivi-

1226 1017 1348 1051 duandi3
1370 1017 1419 1046 sed
1441 1017 1581 1054 generatio
1602 1017 1667 1046 facit
1687 1025 1748 1046 esse
1769 1018 1954 1046 substantiam
1974 1019 2001 1047 in
2022 1019 2070 1048 tali

1224 1071 1353 1100 persona,
1374 1066 1470 1101 utpote
1492 1064 1519 1092 in
1541 1071 1661 1101 persona
1682 1064 1753 1092 Filii:
1776 1072 1843 1102 ergo
1861 1073 1915 1093 non
1937 1067 1979 1094 est
2000 1066 2071 1094 ratio

1225 1111 1470 1145 communicandi,
1492 1111 1541 1139 sed
1562 1112 1772 1148 appropriandi.

1305 1157 1330 1185 3.
1352 1157 1432 1192 Item,
1458 1165 1540 1186 omne
1572 1158 1643 1186 illud
1675 1158 1750 1195 quod
1781 1166 1832 1195 per
1863 1158 2070 1196 generationem

1224 1204 1456 1239 communicatur,
1478 1212 1529 1241 per
1551 1205 1757 1241 generati0nem
1779 1208 1822 1234 est
1843 1206 2019 1235 commune⁶.
2042 1206 2070 1235 Si

1223 1258 1290 1287 ergo
1313 1250 1469 1279 substantia
1489 1259 1540 1288 per
1561 1252 1768 1288 generationem
1783 1252 2015 1287 communicatur,
2028 1260 2071 1290 ge-

1223 1298 1367 1326 neratione
1388 1298 1620 1335 circumscripta,
1652 1307 1706 1327 non
1727 1299 1781 1327 erit
1801 1299 1972 1328 communis:
2004 1306 2071 1336 ergo

1223 1344 1338 1381 propria
1345 1355 1352 1378 ;
1374 1341 1421 1373 'sed
1444 1345 1591 1381 proprium
1612 1352 1663 1382 per
1678 1345 1884 1382 generationem
1905 1353 1960 1374 non
1981 1347 2072 1383 potest

1223 1391 1440 1419 communicari:
1462 1399 1528 1428 ergo
1550 1399 1600 1420 nec
1622 1392 1785 1420 substantia.

1301 1438 1328 1465 [ι.
1340 1438 1423 1473 Item,
1445 1439 1520 1475 quod
1541 1446 1592 1475 per
1614 1439 1821 1475 generationem
1836 1439 2070 1473 communicatur,

1222 1491 1273 1520 per
1295 1485 1502 1521 generationem
1524 1485 1607 1513 datur
1629 1487 1656 1513 et
1677 1485 1825 1522 recipitur,
1847 1488 1874 1514 et
1898 1493 1980 1514 omne
1995 1485 2068 1520 tale,

1222 1530 1245 1558 si
1276 1538 1331 1558 non
1362 1533 1404 1559 est
1425 1531 1596 1568 generationi
1618 1531 1799 1566 accidentale,
1821 1534 1988 1569 generatum
2019 1531 2069 1560 sed

1222 1576 1377 1605 substantia
1398 1586 1453 1606 non
1474 1578 1574 1607 accidit
1595 1579 1787 1615 generationi:
1811 1586 1878 1616 ergo
1900 1581 1951 1607 etc.

1537 1672 1751 1701 CONCLUSIO.

1223 1764 1357 1793 Essentz'a
1378 1765 1480 1793 divina
1499 1774 1553 1802 per
1572 1765 1789 1803 generationem
1811 1766 2048 1794 eommunicatur
2058 1789 2068 1801 ‚

1255 1811 1326 1849 quia
1333 1819 1388 1848 per
1396 1812 1613 1849 generationem
1623 1811 1666 1849 fit,
1678 1815 1710 1840 ut
1721 1812 1760 1840 sit
1770 1812 1801 1840 in
1808 1812 1948 1849 pluribus
1958 1821 2028 1841 una.

1300 1904 1476 1933 Respounno:
1498 1904 1537 1933 Ad
1552 1905 1605 1933 hoe
1619 1905 1831 1942 intelligendum
1850 1905 2003 1934 notandum
2019 1908 2068 1941 est,
2093 1912 2196 1938 Commune
2231 1903 2232 1910 ¹

2081 1937 2160 1953 sumitur
2176 1935 2214 1953 du·
2230 1940 2232 1944 ·
2245 1944 2248 1949 =

1221 1951 1297 1988 quod
1328 1960 1492 1986 commune,
1521 1955 1658 1989 quantum
1679 1955 1721 1981 est
1742 1952 1776 1981 de
1803 1960 1847 1987 se,
1876 1953 2067 1982 indifferenter
2080 1959 2160 1982 pliciter-

1222 2005 1251 2026 se
1279 1998 1363 2027 habet
1388 1998 1423 2027 ad
1451 2001 1545 2027 actum
1571 2001 1598 2027 et
1626 1999 1787 2035 potentiam.
1812 1999 1965 2028 Commune
1993 2000 2068 2028 enim

1192 2071 1194 2077 ,
1221 2048 1312 2081 potest
1334 2045 1387 2073 dici
1409 2045 1479 2073 illud
1502 2045 1577 2082 quod
1599 2048 1641 2074 est
1663 2045 1917 2080 communicabile,
1940 2046 2069 2083 quamvis

1221 2100 1276 2120 non
1297 2092 1333 2120 sit
1354 2092 1381 2119 in
1401 2092 1531 2128 pluribus
1543 2103 1550 2126 3
1573 2092 1645 2121 siout
1665 2095 1741 2129 patet
1761 2093 1787 2120 in
1809 2092 1906 2121 multis
1927 2092 2070 2121 universa-

1221 2138 1310 2172 libus,
1332 2141 1364 2167 ut
1384 2138 1412 2166 in
1434 2138 1491 2167 sole
1520 2141 1546 2167 et
1567 2139 1635 2167 luna
1662 2142 1689 2167 et
1719 2139 1890 2168 huiusmodi.
1916 2139 2069 2168 Commune

1221 2185 1305 2213 etiam
1338 2185 1440 2213 dicitur
1472 2186 1740 2220 cowwnmzz'catum,
1773 2185 1847 2223 quod
1880 2188 1921 2214 est
1946 2188 2010 2214 actu
2040 2186 2068 2214 in

1219 2231 1359 2269 pluribus.

1298 2278 1364 2307 Dico
1385 2285 1467 2315 ergo,
1489 2278 1565 2315 quod
1587 2278 1825 2315 quemadmodum
1847 2279 1937 2307 forma
1958 2278 2068 2307 univer·
2093 2283 2202 2308 Applicatw

1192 2343 1193 2354 ι
1219 2325 1300 2359 salis,
1322 2327 1459 2361 quantum
1481 2327 1522 2353 est
1543 2325 1578 2353 de
1600 2333 1644 2359 se,
1666 2329 1708 2354 est
1733 2325 1987 2359 communi0abilis3
2017 2325 2067 2354 sed
2080 2307 2104 2325 ad
2117 2307 2185 2326 ”mh

1219 2374 1313 2400 tamen
1334 2374 1399 2400 actu
1420 2372 1643 2401 communicatur
1664 2380 1715 2409 per
1740 2372 1989 2409 propagationem⁷
2008 2372 2068 2409 plu-

384 2481 390 2495 ¹
409 2482 458 2504 Vat.
469 2500 474 2509 ,
492 2481 647 2504 obnitentibus
663 2488 718 2504 mss.
736 2485 758 2504 ct
774 2482 810 2504 cd.
830 2483 838 2504 sl
853 2500 858 2510 ,
876 2482 975 2505 videtur.

383 2520 393 2534 ‘²
409 2521 512 2549 Aris-tot,y
530 2521 554 2542 ll.
572 2521 638 2548 Phys.
657 2523 707 2543 text.
730 2521 767 2543 37.
793 2521 821 2549 (c.
848 2521 893 2550 3.):
919 2521 1045 2549 Opcrantes
1069 2520 1163 2549 quidem

322 2558 422 2587 (causae)
440 2563 462 2581 et
478 2560 605 2587 singulares
622 2560 689 2582 simul
707 2563 760 2582 sunt
771 2562 793 2582 et
804 2566 849 2582 non
867 2563 920 2582 sunt
936 2566 990 2582 cum
1007 2561 1045 2587 iis,
1063 2566 1164 2588 quorum

322 2600 374 2619 sunt
391 2604 480 2620 causae.
498 2598 542 2621 Cir.
560 2599 582 2620 S.
600 2599 691 2627 Thom.‚
709 2599 836 2621 Comment.
854 2600 875 2621 in
894 2600 955 2621 hunc
972 2600 1055 2622 locum.

382 2635 392 2650 3
410 2636 574 2659 Substituimus
591 2644 617 2659 ex
634 2638 740 2665 plurimis
757 2644 811 2660 mss.
829 2641 851 2660 et
868 2638 904 2660 cd.
927 2638 931 2660 1
954 2637 1014 2660 illud
1030 2644 1072 2665 pro
1095 2637 1162 2660 idem.

383 2673 393 2688 ⁴
410 2675 496 2697 Sensus
513 2678 561 2697 cst:
578 2678 658 2698 natura
676 2680 710 2699 cst
726 2677 798 2699 multo
820 2677 1036 2704 communicabilior
1053 2683 1122 2705 quam
1141 2677 1162 2698 in

324 2713 366 2735 illis
383 2714 535 2736 interioribus.
551 2727 583 2731 --
600 2715 665 2737 Forte
682 2716 764 2737 melius
772 2722 825 2738 cum
842 2716 893 2738 cod.
913 2716 930 2737 T
949 2717 1090 2738 omitteretur
1108 2715 1162 2738 illis.

383 2751 393 2766 ⁵
410 2751 454 2774 Cir.
472 2759 542 2780 supra
559 2753 581 2775 d.
595 2753 615 2775 li.
628 2760 650 2782 q.
663 2755 684 2776 2.
697 2754 779 2776 obiect.
796 2755 812 2776 1.
825 2767 857 2771 -
868 2755 916 2777 Mox
929 2758 981 2782 post
993 2755 1094 2783 primum
1107 2760 1162 2783 erqo

322 2790 372 2812 Vat.
395 2790 485 2817 planius
510 2791 604 2819 quidem
626 2792 747 2821 qeneratio
770 2793 820 2814 loco
842 2799 884 2822 per
907 2792 1097 2822 qaum-ationem,
1122 2792 1164 2814 sed

322 2832 399 2851 contra
417 2836 471 2852 mss.
488 2834 509 2852 et
525 2830 561 2852 ed.
583 2831 600 2853 t.

383 2868 393 2882 ὅ
410 2868 460 2890 Vat.
478 2868 565 2897 alisque
583 2870 716 2892 auctoritate
733 2876 787 2891 mss.
805 2873 826 2892 ct
843 2870 879 2892 ed.
902 2871 994 2893 1:1tem
1008 2877 1052 2900 per
1066 2876 1163 2899 qenera·

1221 2481 1308 2504 tionem
1325 2481 1517 2504 commmtt'catm·
1534 2487 1602 2503 omne
1619 2480 1681 2503 illm!
1696 2481 1759 2511 qnod
1771 2488 1817 2511 per
1841 2481 2016 2511 qeneratz'onem
2033 2482 2068 2504 est

1221 2526 1351 2548 commune,
1364 2523 1386 2542 ct
1397 2521 1466 2548 paulo
1484 2520 1541 2542 infra
1554 2522 1607 2548 post
1617 2520 1810 2543 communicatur
1827 2520 1901 2542 addit:
1914 2526 1960 2549 per
1970 2525 2066 2549 qenero-

1220 2559 1308 2582 tionem
1324 2560 1359 2582 est
1374 2559 1513 2582 communis.
1539 2558 1567 2581 Si
1589 2565 1645 2588 erqo
1667 2558 1801 2582 substantia
1824 2565 1867 2589 per
1890 2558 2066 2588 qaam-ationem

1220 2597 1424 2625 commzmiccztm,
1448 2604 1493 2626 qua
1511 2599 1688 2625 transpositione
1704 2600 1726 2620 et
1744 2598 1860 2620 additione
1876 2598 1912 2620 vis
1935 2597 2065 2625 argumenti

1220 2637 1357 2659 debilitatur.

1281 2676 1291 2690 ⁷
1308 2677 1337 2698 Ita
1355 2677 1494 2704 antiquiores
1511 2676 1578 2699 codd.
1597 2682 1650 2698 cum
1667 2677 1703 2699 cd.
1726 2677 1743 2705 l,
1761 2677 1817 2699 dum
1842 2677 1891 2699 Vat.
1913 2679 1935 2699 et
1959 2675 2010 2698 cod.
2039 2681 2067 2697 cc

1219 2716 1275 2738 acta
1290 2721 1339 2737 non
1356 2715 1547 2738 communicatur
1563 2714 1610 2737 nisi
1624 2721 1668 2744 per
1683 2715 1885 2745 propaqationem.
1904 2715 1954 2737 Vat.
1980 2714 2065 2736 deinde

1220 2757 1297 2776 contra
1315 2760 1370 2776 mss.
1387 2756 1409 2776 ct
1425 2754 1461 2776 ed.
1483 2754 1488 2775 l
1510 2753 1574 2775 addit
1590 2753 1627 2776 vel
1642 2754 1853 2784 aqarrqationem;
1871 2754 1911 2776 sed
1932 2755 2010 2781 aperte
2028 2753 2067 2775 sal-

1219 2798 1279 2814 suni.
1297 2792 1366 2814 Paulo
1383 2793 1439 2814 inira
1458 2793 1561 2820 pleriquc
1580 2792 1647 2815 codd.
1665 2796 1690 2814 ut
1706 2793 1804 2814 AFGK
1817 2793 1834 2814 T
1852 2794 1894 2814 etc.
1917 2798 1970 2814 cum
1995 2790 2031 2813 cd.
2051 2791 2062 2812 ’ἱ

1219 2830 1411 2854 communicatur
1428 2838 1470 2859 pro
1491 2831 1687 2855 communicetur.
