2253 3317
763 140 845 169 DisT.
868 137 907 165 111.
928 138 955 165 P.
976 137 1005 165 11.
1027 137 1100 166 ΛΒΤ.
1121 138 1140 165 1.
1161 138 1296 174 QUAEST.
1317 139 1347 166 11.
1889 142 1926 171 33

183 217 236 246 nisi
258 216 412 246 secundum
434 217 509 253 quod
531 217 638 246 ducunt
659 217 686 246 in
708 218 816 252 Deum,
840 216 889 246 sed
904 223 955 252 per
976 215 1027 244 has

183 264 319 301 potentias
341 264 424 292 homo
446 264 559 292 ducitur
579 264 607 292 in
628 264 733 297 Deum,
749 264 817 293 dum
832 272 883 301 per
896 271 946 292 eas
966 271 1028 291 con-

183 310 302 338 vertitur
322 310 351 338 in
372 318 454 338 eum:
477 318 544 346 ergo
564 313 614 339 etc.

260 358 287 385 [ι.
310 357 392 391 ltem,
414 357 488 386 Deus
503 360 544 386 est
558 358 697 386 obiectum
712 358 849 386 virtutum
864 356 1028 393 theologica-

182 412 259 438 rum,
280 404 307 432 in
328 404 431 440 quibus
452 404 576 432 consistit
600 404 691 441 imago
706 404 928 433 reformationis:
943 411 1025 439 ergo,

181 458 246 479 cum
267 450 341 479 idem
365 450 400 479 sit
413 450 553 478 obiectum
568 451 716 487 utriusque
730 450 873 487 imaginis,
888 450 952 486 quia
968 457 1025 477 una

181 499 223 525 est
253 497 387 525 ductiva¹
419 497 536 525 alterius
566 500 594 525 et
623 497 790 534 perfectiva,
826 497 848 525 si
880 496 955 524 Deus
985 498 1027 524 est

181 543 320 572 obiectum
341 543 441 578 unius,
463 547 491 572 et
510 543 634 572 alterius.

260 585 390 618 CONTRA:
415 591 438 618 1.
460 590 631 626 Augustinus
651 597 723 618 nono
744 589 779 618 de
800 589 933 617 Trinitate
947 589 956 603 ²
986 596 1027 617 as-

51 647 83 666 Ad
95 647 170 671 opposi-
183 637 273 674 signat
293 636 441 673 imaginem
462 636 488 664 in
510 639 602 664 mente
614 659 621 671 ,
642 636 738 665 notitia
759 640 787 665 et
800 644 910 670 amore,
932 643 1027 664 secun-

88 672 133 689 ’ω’
182 684 250 712 dum
272 683 347 720 quod
368 683 460 711 anima
482 683 608 711 meminit
628 683 687 717 sui,
714 683 843 719 intelligit
864 690 908 716 se,
936 682 1027 718 diligit

181 738 228 759 se:
251 738 317 767 ergo
338 730 458 764 videtur,
486 730 561 766 quod
583 730 674 766 imago
694 730 855 758 attendatur
884 737 935 766 per
966 736 1028 757 con-

180 777 337 805 versionem
359 776 400 804 sui
423 784 510 813 supra
530 783 568 805 se.

259 824 285 851 2.
311 823 394 857 Item,
425 823 595 859 Augustinus
630 822 796 851 duodecimo
827 822 862 851 de
884 822 1026 856 Trinitate,

179 869 300 906 capitulo
321 872 422 906 quarto
434 869 462 897 ³:
486 882 496 893 ιι
511 869 580 897 Cum
602 869 629 897 in
652 872 752 897 natura
772 868 872 897 mentis
887 869 1026 896 humanae

179 916 341 953 quaerimus
362 916 529 950 trinitatem,
551 916 578 944 in
601 919 656 944 tola
677 915 859 952 quaerimus,
881 923 934 943 non
951 923 1027 951 sepa-

179 965 272 991 rantes
293 962 428 990 actionem
456 962 650 999 temporalium
682 970 698 989 a
722 961 953 998 contemplatione
984 966 1027 989 ae-

179 1011 339 1043 ternorum,
354 1012 385 1037 ut
400 1009 513 1037 tertium
528 1008 635 1045 aliquid
650 1008 705 1036 iam
721 1015 891 1044 quaeramus
906 1020 917 1031 1»
937 1018 942 1035 :
958 1015 1026 1043 ergo

177 1055 286 1083 trinitas
307 1055 435 1091 imaginis
456 1055 610 1083 attenditur
635 1055 790 1083 secundum
805 1055 942 1083 actionem
959 1057 1026 1082 tem-

177 1101 332 1138 poralium,
354 1104 381 1129 et
402 1101 439 1129 ita
460 1109 510 1138 per
531 1101 742 1129 conversionem
762 1101 798 1129 ad
820 1101 959 1129 inferiora.

258 1146 284 1175 3.
304 1146 388 1181 Item,
410 1146 563 1175 secundum
587 1147 662 1184 quod
686 1147 779 1175 anima
793 1147 965 1175 convertitur
981 1155 1024 1175 su-

178 1202 230 1231 pra
251 1194 382 1222 inferiora
404 1194 448 1222 vel
469 1202 556 1230 supra
577 1201 625 1228 se,
648 1194 675 1222 in
697 1194 756 1231 ipsa
771 1193 779 1208 ‘¹
799 1197 841 1222 est
871 1194 1025 1231 aequalitas
1052 1211 1054 1213 -

178 1243 207 1269 et
227 1241 296 1269 ordo
316 1243 343 1269 et
363 1241 441 1277 origo
463 1243 490 1269 et
510 1241 618 1275 omnia,
640 1248 712 1278 quae
734 1244 906 1269 concurrunt
927 1241 963 1269 ad
983 1249 1026 1269 ra-

180 1287 280 1316 tionem
302 1287 437 1324 imaginis.

257 1334 283 1362 4.
307 1334 388 1368 ltem,
409 1334 500 1370 imago
521 1336 563 1362 est
584 1334 611 1361 in
633 1333 825 1370 peccatoribus
839 1341 856 1361 a
870 1333 927 1362 Deo
947 1341 1026 1362 aver-

177 1380 230 1415 sis,
251 1383 279 1409 et
299 1380 326 1408 in
347 1380 403 1408 illis
433 1380 515 1408 etiam
545 1380 591 1417 qui
622 1380 700 1408 nullo
725 1380 808 1408 modo
838 1383 955 1417 possunt
985 1388 1025 1409 re-

158 1426 248 1455 .verti
261 1449 268 1461 ,
289 1429 321 1454 ut
341 1429 407 1455 sunt
428 1426 569 1455 damnati:
591 1435 658 1463 ergo
680 1427 750 1455 ratio
774 1426 903 1463 imaginis
917 1435 971 1455 non
986 1430 1024 1455 at-

177 1473 301 1502 tenditur
322 1481 408 1510 penes
428 1473 637 1502 conversionem
658 1474 694 1502 ad
714 1474 813 1502 Deum.

258 1523 282 1550 5.
305 1521 387 1556 ltem,
409 1528 521 1549 necesse
542 1524 593 1555 est,
614 1524 750 1558 quantum
765 1521 801 1549 ad
815 1521 967 1558 perfectam
983 1528 1024 1549 ra-

176 1568 279 1597 tionem
301 1568 429 1605 imaginis
450 1568 564 1605 aequari
585 1571 796 1604 cognoscentem
817 1571 845 1597 et
866 1568 1022 1605 cognitum,

178 1614 236 1643 sive
258 1615 396 1643 dicentem
418 1617 445 1643 et
465 1614 570 1643 dictum
582 1625 590 1649 3
612 1622 675 1642 nam
698 1615 750 1643 ista
778 1615 834 1643 duo
865 1615 974 1644 Patrem
995 1618 1022 1644 et

176 1661 274 1689 Filium
296 1663 524 1698 repraesentant,
545 1661 595 1689 sed
616 1661 643 1689 in
665 1661 845 1690 conversione
876 1662 911 1690 ad
932 1661 1022 1690 Deum

175 1716 231 1736 non
252 1711 295 1736 est
316 1707 379 1736 talis
399 1707 544 1744 aequatio:
570 1715 637 1744 ergo
657 1710 707 1736 etc.

496 1808 704 1829 CONCLUSIO.

177 1895 280 1932 Imago
291 1894 391 1931 primo
402 1897 429 1922 et
436 1893 643 1930 principaliter
655 1898 696 1922 est
707 1894 737 1922 tn
744 1895 881 1931 potentiis
892 1896 1020 1930 animae,

256 1944 400 1979 quatenus
420 1944 630 1968 convertantur
652 1940 683 1968 in
706 1941 817 1975 Deam;
844 1943 1021 1971 secundario

255 1996 324 2016 vero
345 1987 377 2015 in
397 1987 454 2020 ets,
476 1991 619 2024 quatenus
640 1991 849 2015 convertuntur
864 1989 905 2016 acl
925 1989 1022 2025 ipsam

255 2034 390 2062 animam
401 2044 411 2067 ,·
432 2037 575 2071 quatenus
595 2042 663 2062 vero
684 2038 894 2063 convertuntur
920 2036 962 2063 ad
982 2036 1022 2063 in-

255 2079 388 2118 feriora,
410 2089 468 2108 non
488 2083 529 2108 est
550 2080 580 2108 in
606 2081 647 2109 eis·
678 2081 794 2118 imago,
824 2082 876 2110 secl
906 2086 1020 2111 tantam

255 2127 409 2165 vestigium
439 2127 601 2155 Trinitatis.

254 2212 430 2241 RESPONnEo:
451 2211 490 2240 Ad
512 2211 722 2249 intelligentiam
743 2212 951 2249 praedictorum
967 2214 1020 2242 tria

35 2261 286 2301 T„„„„es„p‚oportet
305 2258 333 2287 in
354 2258 482 2295 imaginis
510 2258 616 2287 ratione
646 2266 891 2296 praesupponere:
920 2261 1020 2297 primo

49 2305 111 2323 pouuu
116 2303 135 2319 tu
140 2306 155 2319 r.

1083 215 1158 243 enim
1179 215 1270 252 imago
1290 216 1443 244 attenditur
1464 218 1618 246 secundum
1644 226 1808 255 expressam
1823 220 1927 248 confor—

1083 261 1208 289 mitatem
1229 261 1264 290 ad
1285 262 1486 298 imaginatum3
1506 264 1648 298 secundo,
1670 265 1745 301 quod
1767 265 1837 293 illud
1852 266 1927 301 quod

1083 307 1273 336 conformatur
1293 302 1421 344 imagini,
1442 317 1492 345 per
1513 318 1685 347 consequens
1716 311 1904 339 conformetur
1918 312 1929 326 ⁵

1083 354 1251 391 imaginat0;
1273 354 1348 382 unde
1369 355 1417 391 qui
1439 355 1514 384 videt
1534 356 1683 393 imaginem
1697 357 1788 392 Petri,
1803 365 1853 394 per
1867 365 1929 386 con-

1083 408 1203 436 sequens
1223 400 1299 428 videt
1323 403 1351 429 et
1375 401 1504 435 Petrum,
1521 402 1619 436 tertio,
1635 403 1709 439 quod
1725 404 1818 431 anima
1833 412 1928 432 secun-

1083 447 1151 475 dum
1173 454 1239 475 suas
1258 447 1396 483 potentias
1417 448 1566 476 conformis
1588 449 1723 477 reddatur
1742 450 1785 478 his
1806 450 1841 478 ad
1856 457 1927 486 quae

1082 494 1270 528 convertitur,
1293 494 1351 522 sive
1372 495 1529 522 secundum
1549 495 1818 532 cognitionem,sive
1833 504 1928 525 secun-

1083 539 1151 567 dum
1172 547 1307 568 amorem.

1162 586 1296 622 Quoniam
1309 586 1403 623 igitur,
1416 595 1480 615 cum
1491 587 1584 615 anima
1598 588 1769 616 convertitur
1784 588 1819 616 ad
1830 588 1928 622 Deum,

1083 633 1135 661 sihi
1160 632 1368 668 conformatur,
1383 636 1410 661 et
1424 633 1515 670 imago
1529 634 1683 662 attenditur
1698 635 1853 663 secundum
1868 642 1930 663 con-

1083 679 1270 707 formitatem:
1292 679 1355 708 ideo
1376 680 1467 716 imago
1488 680 1537 708 Dei
1553 680 1677 708 consistit
1691 680 1717 708 in
1733 680 1776 709 his
1790 681 1928 717 potentiis,
1941 690 2040 708 eonciusio
2051 690 2069 708 1.

1084 727 1238 755 secundum
1260 727 1336 763 quod
1351 726 1360 740 ⁶
1381 727 1485 755 habent
1506 727 1645 755 obiectum
1668 727 1765 755 Deum.

1162 774 1304 807 Rursum,
1320 773 1453 810 quoniam
1467 773 1560 801 anima
1574 776 1615 802 est
1629 773 1720 810 imago
1735 774 1799 808 Dei,
1811 777 1838 802 et
1852 774 1928 810 quod

1083 820 1255 848 convertitur
1277 822 1305 848 et
1326 820 1515 848 conformatur
1537 820 1659 857 imagini,
1681 823 1708 848 et
1739 820 1888 857 imaginato
1902 821 1926 855 ⁷,

1084 867 1146 895 ideo
1160 867 1261 901 anima,
1277 867 1433 895 secundum
1444 867 1519 903 quod
1535 867 1709 895 convertitur
1723 875 1810 904 supra
1824 875 1862 901 se,
1874 875 1928 895 non

1083 913 1188 941 recedit
1209 921 1225 941 a
1246 913 1452 947 conformitate3
1473 916 1501 942 et
1523 913 1585 942 ideo
1600 914 1690 950 imago
1707 914 1830 943 consistit
1844 914 1871 941 in
1886 914 1930 942 his

1083 960 1227 997 potentiis,
1240 960 1396 989 secundum
1407 960 1482 997 quod
1495 961 1598 989 habent
1612 961 1734 989 animam
1749 969 1800 998 pro
1814 961 1929 989 obiecto.
1942 970 2040 988 eoneiusio
2051 970 2069 988 2.

1163 1007 1214 1035 Sed
1238 1015 1302 1035 cum
1324 1007 1497 1035 convertitur
1527 1007 1562 1035 ad
1594 1010 1737 1036 creaturas
1764 1007 1928 1042 inferiores,

1083 1053 1138 1081 illis
1159 1053 1364 1088 conformatur,
1386 1053 1414 1081 in
1435 1053 1539 1090 quibus
1560 1062 1614 1082 non
1639 1057 1681 1083 est
1695 1054 1786 1091 imago
1800 1054 1866 1089 Dei,
1881 1054 1930 1083 sed

1082 1100 1240 1136 vestigium.
1263 1100 1327 1128 Ideo
1341 1099 1351 1114 ⁸
1371 1100 1510 1137 potentiae
1531 1100 1656 1135 animae,
1678 1101 1834 1129 secundum
1854 1101 1930 1137 quod

1082 1146 1186 1174 habent
1206 1146 1338 1174 inferiora
1368 1154 1420 1183 pro
1450 1146 1579 1181 obiectis,
1612 1147 1747 1176 recedunt
1777 1155 1794 1175 a
1823 1147 1930 1175 ratione
1943 1157 2042 1175 ‹toneiusio
2052 1157 2070 1175 3.

1082 1192 1225 1229 imaginis,
1247 1192 1312 1229 quia
1333 1192 1469 1221 recedunt
1489 1201 1506 1221 a
1527 1193 1720 1222 conformitate
1738 1201 1881 1231 expressa.

1162 1238 1235 1267 Licet
1256 1239 1350 1275 itaque
1372 1239 1399 1267 in
1421 1239 1584 1268 huiusmodi
1605 1240 1749 1276 potentiis,
1775 1240 1929 1269 secundum

1081 1285 1156 1321 quod
1178 1288 1380 1313 convertuntur
1401 1286 1437 1314 ad
1459 1286 1605 1321 inferiora,
1626 1287 1661 1315 sit
1682 1287 1807 1324 reperire
1827 1287 1931 1322 trinita-

1080 1334 1137 1359 tem
1165 1334 1192 1360 et
1223 1332 1346 1368 aliquam
1367 1332 1604 1367 conformitatem,
1626 1333 1754 1361 similiter
1781 1336 1809 1362 et
1830 1333 1858 1361 in
1886 1342 1932 1370 po-

1080 1378 1173 1406 tentiis
1196 1378 1349 1413 sensitivis,
1375 1379 1446 1407 sicut
1477 1379 1597 1407 ostendit
1627 1380 1839 1416 Augustinus⁹;
1865 1379 1931 1416 quia

1080 1427 1174 1452 tamen
1195 1425 1329 1453 deficiunt
1349 1425 1384 1453 ab
1405 1432 1541 1462 expressa
1566 1426 1771 1461 conformitate,
1804 1434 1862 1455 non
1893 1434 1934 1454 re·
1957 1438 2053 1464 Trinitas,

1079 1471 1188 1508 peritur
1209 1471 1279 1500 ratio
1300 1472 1429 1508 imaginis
1450 1472 1478 1500 iu
1499 1472 1547 1501 eis.
1570 1472 1647 1501 Unde
1661 1473 1833 1509 Augustinus
1854 1461 2069 1511 inve-3353&

1078 1518 1161 1554 stigat
1181 1518 1208 1546 in
1229 1518 1360 1547 omnibus
1381 1519 1511 1555 potentiis
1540 1519 1649 1548 animae
1680 1519 1848 1554 trinitatem,
1870 1528 1926 1548 non
1939 1513 1976 1526 '¹⁰¹¹
1991 1513 2060 1531 mg&

1078 1565 1144 1601 quia
1165 1565 1193 1593 in
1214 1565 1254 1594 eis
1275 1565 1310 1594 sit
1336 1565 1443 1602 imago,
1475 1566 1524 1594 sed
1555 1569 1587 1594 ut
1614 1569 1630 1594 a
1662 1566 1769 1595 ratione
1798 1566 1926 1603 imaginis

1078 1611 1218 1640 excludat.
1240 1612 1317 1641 Unde
1337 1619 1477 1649 quaerens
1503 1615 1587 1640 totam
1602 1613 1620 1627 ¹⁰
1643 1613 1795 1642 trinitatem
1822 1613 1849 1641 in
1871 1616 1928 1641 tota

1077 1658 1184 1692 anima,
1204 1659 1314 1695 quaerit
1334 1666 1397 1687 eam
1418 1659 1446 1687 in
1471 1659 1609 1696 superiori
1641 1662 1669 1688 et
1699 1659 1823 1688 inferiori
1846 1662 1927 1696 parte

1078 1704 1192 1733 rationis
1212 1708 1239 1733 et
1259 1705 1287 1733 in
1308 1713 1400 1733 sensu.
1423 1705 1455 1734 Et
1475 1705 1528 1734 hoc
1549 1709 1591 1734 est
1622 1706 1698 1743 quod
1730 1706 1797 1735 dicit
1828 1706 1857 1734 in
1878 1706 1928 1734 illa

1077 1751 1260 1780 auctoritate:
1289 1764 1300 1775 ι(
1312 1752 1382 1780 Cum
1404 1752 1432 1780 in
1453 1755 1555 1780 natura
1570 1753 1670 1781 mentis
1686 1753 1826 1781 humanae
1842 1760 1926 1790 quae-

1076 1797 1166 1826 rimus
1186 1798 1365 1832 trinitatem,
1386 1799 1415 1827 in
1436 1801 1492 1827 tota
1513 1799 1702 1836 quaerimus»
1721 1810 1729 1834 3
1761 1807 1817 1827 non
1842 1799 1924 1833 dicit,

1075 1845 1238 1881 quaerimus
1260 1845 1428 1882 imayincm.
1458 1846 1534 1874 Unde
1561 1846 1733 1882 Augustinus
1759 1846 1926 1874 duodecimo

1077 1891 1111 1920 de
1126 1891 1268 1926 Trinitate,
1283 1892 1405 1929 capitulo
1420 1892 1565 1929 quart0¹¹:
1588 1905 1599 1917 «
1611 1893 1745 1929 Quamvis
1760 1893 1787 1921 in
1802 1892 1926 1921 inferiori

1075 1940 1154 1974 parte
1176 1938 1290 1967 rationis
1311 1939 1430 1967 inveniri
1452 1939 1561 1967 trinitas
1582 1939 1685 1976 possit,
1718 1939 1810 1976 imago
1833 1942 1927 1968 tamen

1077 1984 1196 2012 inveniri
1216 1993 1271 2013 non
1293 1988 1420 2022 potest».

1155 2030 1370 2060 Concedendum
1392 2034 1433 2060 est
1454 2039 1536 2068 ergo,
1562 2032 1637 2069 quod
1653 2032 1744 2069 imago
1759 2032 1884 2061 consistit
1898 2032 1924 2060 in
1938 2045 2034 2068 Epilogus.
2056 2027 2059 2028 ⁷

1077 2076 1121 2105 his
1143 2077 1287 2114 potentiis,
1310 2078 1465 2106 secundum
1487 2078 1563 2115 quod
1594 2078 1629 2107 ad
1661 2079 1784 2107 animam
1816 2086 1928 2107 conver-

1080 2126 1197 2158 tuntur,
1219 2124 1311 2160 primo
1333 2127 1427 2153 tamen
1448 2127 1475 2153 et
1496 2124 1702 2161 principaliter,
1725 2128 1756 2153 ut
1776 2125 1927 2154 ostendunt

1077 2169 1185 2206 primae
1206 2170 1342 2205 rationes,
1374 2171 1530 2199 secundum
1561 2171 1637 2208 quod
1668 2174 1871 2200 convertuntur
1891 2172 1927 2200 ad

1078 2216 1176 2244 Deum.
1200 2216 1274 2245 Unde
1295 2217 1466 2254 Augustinus
1487 2217 1531 2246 his
1556 2218 1668 2247 duobus
1688 2218 1779 2247 modis
1806 2218 1928 2255 assignat

1078 2262 1245 2300 imaginem:
1268 2264 1360 2301 prima
1381 2267 1423 2293 est
1444 2265 1471 2292 in
1493 2268 1601 2299 mente,
1626 2265 1723 2293 notitia
1754 2268 1781 2294 et
1811 2272 1926 2299 amore,

239 2351 247 2366 ¹
264 2352 339 2380 Aliqui
356 2351 423 2374 codd.
441 2355 466 2374 ut
483 2351 524 2373 ΡΜ
532 2352 550 2373 Y
567 2358 621 2374 cum
638 2352 674 2374 cd.
696 2352 701 2373 1
723 2352 836 2376 directim
852 2354 902 2376 loco
919 2354 1022 2378 ductiva-

177 2390 232 2413 Cod.
250 2390 268 2412 K
288 2390 310 2416 (a
328 2390 429 2412 secunda
446 2393 525 2419 manu)
543 2390 637 2414 ductiva
654 2391 690 2414 vel
706 2391 818 2415 directim
829 2392 854 2415 in
866 2393 1022 2422 coynz'ttonem

176 2429 284 2452 alterius.
301 2430 349 2451 Mox
366 2429 417 2452 Vat.
435 2433 526 2457 praeter
542 2430 611 2452 fidem
629 2437 683 2453 mss.
701 2433 724 2453 et
739 2431 775 2453 ed.
797 2432 803 2453 1
824 2435 877 2460 post
893 2433 1021 2462 perfectiva

177 2468 241 2490 addit
257 2468 383 2497 propterea
399 2471 422 2490 et
438 2472 490 2496 post
506 2469 579 2491 vnz'vs
595 2469 699 2497 adiungit
716 2476 780 2499 erqo.

239 2506 248 2520 ²
266 2506 321 2534 Cap.
339 2506 360 2529 4.
378 2513 399 2528 n.
418 2506 446 2535 4,
464 2508 486 2529 in
503 2508 569 2530 cuius
586 2509 693 2536 imaginis
716 2510 870 2537 assignatione
896 2511 946 2533 Vat.
972 2514 1021 2533 tum

176 2547 255 2567 contra
272 2547 358 2567 textum
375 2545 562 2573 Augustinitum
579 2550 657 2569 contra
674 2553 729 2570 mss.
747 2551 769 2570 et
785 2548 821 2570 ed.
841 2549 849 2568 *l
871 2550 921 2571 loco
937 2549 1022 2572 nolitia

177 2583 242 2611 ponit
258 2582 386 2606 intellectu.
519 2609 520 2612 Ἴ

239 2621 249 2636 ³
265 2621 332 2644 Num,
351 2621 380 2650 4,
397 2623 419 2644 in
436 2629 483 2651 quo
499 2625 560 2649 textu
572 2624 621 2646 loco
633 2625 800 2654 temporalium
811 2626 833 2647 in
846 2627 950 2654 originali
968 2627 1022 2655 legi-

177 2663 214 2682 tur
231 2659 374 2683 rationalem
390 2660 415 2683 in
432 2661 607 2690 temporalibus.

239 2697 249 2712 ⁴
267 2698 390 2726 Sequimur
407 2699 474 2721 codd.
492 2700 547 2721 DFT
566 2700 713 2729 adiungendo
731 2703 849 2725 manifeste
862 2704 1019 2731 supplendum

177 2742 201 2758 m
219 2742 278 2765 ipsa.

239 2775 249 2789 ⁵
266 2776 316 2798 Vat.
334 2775 502 2805 conformatur
519 2779 541 2799 ct
557 2778 626 2805 paulo
643 2782 695 2806 post
711 2778 826 2803 redditur.

239 2814 249 2828 ὃ
267 2814 416 2837 Restituimus
428 2815 546 2837 meliorem
564 2816 683 2839 lectionem
695 2823 750 2840 mss.
767 2822 789 2840 et
805 2818 841 2840 cd.
861 2820 869 2840 ·l
892 2819 942 2841 loco
959 2826 1020 2849 quac

177 2852 286 2879 ponendo
302 2853 433 2876 secundam
446 2854 519 2883 quod.
538 2854 606 2876 Paulo
623 2857 675 2877 ante
692 2856 713 2877 in
731 2857 808 2879 multis
831 2857 898 2879 codd.
909 2876 914 2885 ,
939 2861 964 2879 ut
979 2858 1020 2879 AF

178 2890 273 2912 GHKT
291 2895 333 2914 etc.
351 2895 403 2920 post
419 2892 497 2922 imaqo
515 2892 579 2915 abest
596 2893 644 2915 Dei.

1142 2356 1151 2371 ⁷
1169 2357 1199 2378 ltu
1216 2358 1290 2379 maior
1306 2361 1361 2385 pars
1378 2357 1445 2380 codd.
1464 2357 1660 2380 BDEHlKVW
1678 2361 1720 2380 etc.
1738 2365 1791 2381 cum
1808 2359 1844 2381 ed.
1861 2359 1878 2386 1;
1891 2359 1927 2380 alii

1079 2395 1185 2416 omittunt
1202 2395 1238 2416 vel
1256 2395 1402 2418 concertam-
1423 2396 1446 2417 εί
1469 2396 1505 2417 vel
1531 2396 1554 2418 et
1577 2395 1751 2424 conformatur.
1776 2397 1825 2418 Vat.
1848 2400 1925 2418 autem

1079 2436 1157 2455 contra
1175 2440 1256 2456 omnes
1273 2433 1341 2456 codd.
1360 2435 1424 2461 ponit
1440 2435 1462 2456 et
1471 2434 1603 2457 secundum
1614 2434 1678 2464 quod
1688 2435 1856 2464 conformatur
1870 2435 1927 2458 ima-

1079 2472 1131 2501 qini
1139 2481 1149 2500 ,·
1165 2473 1232 2494 codd.
1250 2473 1266 2494 L
1276 2472 1294 2494 O
1304 2472 1323 2494 Y
1340 2473 1430 2501 elipsim
1447 2473 1561 2501 explendo
1578 2476 1630 2501 post
1646 2473 1747 2503 imagini
1762 2473 1851 2496 addunt
1875 2480 1927 2497 con-

1078 2510 1206 2540 formatur.

1141 2549 1151 2564 8
1168 2550 1243 2578 Aquui
1261 2550 1328 2572 codd.
1348 2552 1373 2572 ut
1389 2550 1407 2572 Α
1418 2550 1436 2572 Τ
1454 2550 1485 2572 bb
1503 2557 1556 2573 eum
1573 2550 1610 2573 ed.
1632 2551 1637 2572 1
1659 2551 1747 2573 addunt
1763 2557 1826 2580 erqo.

1141 2588 1151 2603 ⁹
1168 2589 1440 2617 Augustini-opinionem
1457 2589 1486 2611 de
1504 2590 1601 2613 trinitate
1619 2591 1640 2612 in
1659 2592 1765 2618 potentiis
1790 2592 1879 2614 animae
1896 2592 1926 2614 ad

1078 2628 1184 2649 inferiora
1202 2628 1321 2649 conversis
1336 2627 1391 2649 vide
1407 2627 1453 2649 Xll.
1471 2627 1500 2650 de
1519 2628 1594 2655 Tria,
1607 2631 1629 2650 et
1645 2628 1675 2651 de
1692 2629 1788 2651 trinitate
1806 2631 1828 2651 in
1846 2633 1926 2658 poten-

1078 2666 1114 2687 tiis
1130 2666 1244 2688 sensitivis
1261 2666 1316 2688 ibid.
1335 2666 1385 2688 libr.
1404 2666 1440 2688 Xl.
1458 2678 1490 2683 —
1506 2667 1575 2689 Paulo
1592 2670 1643 2690 ante
1660 2670 1712 2695 post
1723 2667 1832 2691 similiter
1848 2675 1860 2690 a
1873 2669 1924 2691 Vat.

1079 2705 1179 2727 indebite
1196 2706 1306 2727 omissam
1323 2706 1458 2733 particulam
1476 2707 1497 2728 et
1513 2707 1676 2729 revocavimus
1693 2713 1719 2729 ex
1736 2713 1791 2729 mss,
1809 2709 1832 2729 et
1848 2707 1884 2729 ed.
1906 2708 1923 2729 1.

1142 2742 1161 2757 ¹⁰
1179 2743 1345 2771 Supplevimus
1361 2749 1387 2765 ex
1405 2750 1459 2766 mss.
1478 2745 1558 2767 lolam.

1142 2781 1160 2795 ¹1
1178 2781 1244 2803 Num.
1264 2781 1293 2804 4:
1310 2782 1333 2804 ln
1351 2783 1395 2804 hoc
1418 2785 1494 2805 autom
1517 2783 1579 2811 quod
1597 2783 1811 2806 derivatumestin
1837 2785 1925 2807 actione

1079 2820 1256 2848 temporalium,
1274 2821 1363 2843 etiamsi
1387 2822 1473 2843 trinitas
1499 2823 1584 2850 possit,
1611 2828 1655 2844 non
1681 2825 1755 2845 tamen
1781 2824 1859 2851 imago
1883 2823 1923 2845 Dei

1079 2860 1151 2887 possit
1167 2860 1271 2881 inveniri.
