2253 3317
339 144 464 173 xxxvul
1014 144 1115 173 PRAEF
1121 145 1198 173 ATlO
1219 145 1405 173 GENERALIS.

337 234 413 256 non
431 221 597 256 indicare
612 234 619 267 3
637 226 676 255 at
693 221 867 268 quamvis
885 221 1011 256 multos
1027 234 1322 268 recenseremus,
1342 226 1470 256 tamen
1488 223 1647 257 tacendo
1665 223 1711 258 de
1723 223 1893 270 plurimis
1911 224 1994 260 ali-is
2011 225 2081 259 ini-

338 280 494 326 quitatis
520 284 647 315 notam
674 280 738 313 vix
765 279 932 325 effugere
957 292 1163 326 possemus.
1191 279 1439 326 supersedere
1475 285 1603 315 autem
1640 281 1742 316 haud
1778 295 1979 329 possumus
2011 283 2082 318 sal-

337 344 414 373 tem
440 351 501 373 eas
526 338 779 373 bibliothecas
804 338 1014 385 nominare,
1043 351 1203 385 quorum
1230 338 1425 374 codicibus
1452 338 1688 386 frequentius
1715 341 1776 375 vel
1802 341 1945 376 diutius
1971 342 2082 377 nobis

337 398 392 432 uti
419 397 543 443 licuit,
570 409 638 443 pro
664 409 739 443 quo
765 396 950 431 beneficio
976 397 1139 432 maxime
1166 410 1233 433 nos
1260 397 1449 444 obligatos
1474 410 1554 433 esse
1584 403 1691 444 grato
1708 400 1834 434 animo
1851 400 2080 447 profitemur.

337 455 548 491 Italicarum
572 455 891 491 bibliothecarum
917 456 1265 491 commemorandae
1291 461 1380 491 sunt
1405 469 1494 503 prae
1519 457 1603 491 aliis
1621 470 1717 504 quae
1740 463 1970 504 sequuntur:
1997 458 2034 494 F
2035 459 2083 494 lo-

338 515 484 559 rentiae,
512 513 723 549 Nationalis
749 518 787 549 et
812 513 1086 561 Laurentiana3
1114 514 1256 560 Romae,
1287 514 1473 550 Vaticana
1503 520 1541 550 et
1565 515 1846 563 Burghesiana3
1871 516 2081 564 Mediolani,

337 573 607 619 Ambrosiana,
634 572 795 618 Venetiis,
814 571 1025 619 Marciana,
1045 572 1209 620 Neapoli,
1228 572 1456 620 Nationalis,
1475 573 1636 619 Paduae,
1657 573 1691 610 S.
1710 574 1890 622 Antonii3
1916 575 2081 617 Tuderii,

336 631 570 667 bibliotheca
593 632 751 678 antiqua
776 631 994 667 Conventus
1020 631 1054 668 S.
1081 631 1294 679 Fortunati3
1321 632 1469 678 Assisii,
1502 632 1737 668 bibliotheca
1773 645 1800 668 s.
1841 633 2080 682 Conventus,

336 691 499 737 denique
525 691 686 737 insignis
713 690 948 726 bibliotheca
973 690 1189 725 Monasterii
1216 691 1352 726 Montis
1380 691 1521 727 Cassini
1546 690 1633 727 Ord.
1665 691 1699 727 S.
1732 691 1939 727 Benedicti.
1965 715 2012 718 —
2037 693 2082 728 In

337 749 459 785 Gallia
489 762 576 784 vero
605 749 764 784 Parisiis
788 750 1114 796 praestantissima
1139 750 1375 785 bibliotheca
1391 750 1608 785 Nationalis.
1624 772 1670 775 ——
1689 750 1734 786 In
1760 750 1906 799 Anqlia,
1923 750 2084 788 Londini

335 807 507 843 Museum
520 808 800 855 Britannicum,
818 808 957 854 Oxonii,
975 808 1231 843 bibliothecae
1249 808 1505 855 Collegiorum
1522 808 1801 844 Lincolniensis
1816 814 1854 844 et
1866 809 2083 845 Ballionen-

336 867 396 901 sis.
422 889 469 891 —
494 867 539 902 In
566 866 767 903 Germania
792 868 979 914 imprimis
1004 866 1189 902 Monachii
1214 867 1290 901 iam
1308 880 1375 914 per
1392 867 1533 902 multos
1558 880 1677 903 annos
1694 880 1867 903 accessus
1890 868 2001 904 nobis
2018 882 2083 916 pa·-

336 926 409 960 tuit
446 926 493 960 ad
537 926 836 972 copiosissimam
872 925 1147 960 bibliothecam
1173 925 1332 972 Regiam
1370 930 1511 972 status3
1550 926 1731 972 specialia
1768 925 1878 962 nobis
1915 927 2084 963 subsidia

334 984 590 1031 praebuerunt
614 985 727 1019 etiam
753 984 1008 1019 bibliothecae
1034 983 1194 1019 Paulina
1219 984 1438 1031 Lipsiensis,
1474 984 1742 1020 Universitatis
1778 984 2017 1021 Berolinensis
2046 991 2084 1021 et

334 1042 583 1090 Dasseldoopic·
606 1043 840 1078 bibliotheca
865 1042 1124 1078 Provincialis.
1152 1042 1197 1078 In
1216 1043 1370 1078 Austria
1390 1043 1645 1078 bibliothecae
1670 1043 1823 1079 Viennae
1840 1048 1878 1079 et
1898 1043 2083 1081 Cracoviae

333 1107 446 1149 atque
472 1102 723 1149 plurimorum
747 1101 1069 1148 Monasteriorum,
1097 1102 1317 1148 praesertim
1335 1101 1493 1141 Ordinis
1507 1101 1540 1138 S.
1566 1101 1774 1150 Benedicti,
1795 1103 1936 1149 optime
1955 1103 2001 1138 de
2019 1117 2084 1139 no-

334 1166 409 1195 stra
434 1160 599 1196 editione
626 1165 853 1196 meruerunt.

427 1219 539 1254 Multi
566 1220 720 1267 insuper
745 1220 864 1254 nostri
890 1219 1043 1255 Ordinis
1069 1219 1199 1255 Patres
1225 1232 1272 1254 ex
1297 1219 1474 1254 omnibus
1500 1219 1577 1254 fere
1605 1219 1684 1255 eius
1710 1219 1922 1256 Provinciis
1956 1221 2085 1256 multi—

332 1278 425 1324 plici
451 1279 595 1313 ratione
617 1278 727 1314 nobis
745 1278 959 1313 subsidium
982 1279 1252 1325 praestiterunt
1275 1291 1351 1325 qua
1373 1278 1664 1313 collabora-tores
1688 1278 1767 1313 sive
1800 1279 1977 1314 ordinarii
2003 1280 2083 1315 sive

331 1338 626 1373 extraordinarii.
646 1337 684 1373 Si
711 1338 804 1384 quid
830 1338 948 1384 igitur
972 1337 1064 1373 boni
1090 1338 1130 1371 in
1155 1338 1226 1372 hac
1252 1337 1418 1373 editione
1444 1337 1676 1384 perficietur,
1696 1337 1742 1372 de
1760 1350 1835 1384 quo
1852 1338 2014 1373 aliorum
2032 1339 2082 1374 sit

333 1397 533 1443 iudicium,
562 1397 706 1432 iustitia
731 1397 924 1443 exigente,
952 1396 1034 1431 laus
1060 1396 1257 1444 gloriaque
1284 1397 1382 1431 inter
1411 1396 1595 1443 plurimos
1634 1397 1733 1431 viros
1771 1397 1851 1431 sive
1883 1402 2082 1443 operantes

331 1456 410 1490 sive
427 1456 654 1490 adiuvantes
671 1456 743 1490 erit
760 1455 1032 1491 distribuenda.
1049 1455 1121 1491 Sed
1139 1460 1266 1490 tamen
1292 1455 1404 1490 Patri
1433 1455 1603 1490 luminum
1609 1483 1620 1500 ,
1646 1467 1669 1490 a
1694 1467 1760 1502 quo
1786 1455 1961 1491 descendit
1984 1468 2082 1491 omne

331 1514 451 1549 (latum
488 1515 654 1561 optimum
679 1517 711 1549 et
736 1526 831 1550 omne
857 1514 986 1550 donum
1003 1514 1216 1561 peifeetum,
1236 1517 1268 1549 et
1290 1514 1351 1561 qui
1371 1514 1487 1549 omnia
1517 1513 1673 1561 disponit
1705 1514 1857 1549 suaviter
1883 1517 1915 1549 et
1938 1515 2083 1563 attinqit

320 1572 504 1620 1]ί“ονΐὶῗ6ν1,
532 1573 603 1608 soli
629 1573 748 1609 honor
773 1578 811 1608 et
836 1573 979 1619 gloria!

424 1632 486 1667 Ad
513 1632 614 1679 quod
640 1632 751 1667 nobis
776 1632 1014 1667 intuentibus
1041 1631 1117 1666 fere
1143 1632 1192 1666 ad
1218 1631 1377 1666 verbum
1401 1636 1568 1678 repetere
1595 1631 1710 1666 liceat
1734 1631 1891 1679 dictum,
1917 1644 1993 1679 quo
2019 1631 2083 1668 Se·-

330 1691 509 1737 raphicus
547 1690 688 1727 Doetor
718 1691 928 1726 secundum
960 1691 1103 1726 librum
1141 1691 1199 1726 sui
1231 1690 1501 1726 Commentarii
1533 1690 1749 1725 concludit:
1782 1689 1862 1726 Hoc
1899 1703 2080 1739 requiam,

333 1752 370 1784 ut
394 1750 426 1784 si
450 1750 529 1797 quis
553 1750 692 1798 aliquid
717 1751 755 1785 in
781 1749 845 1785 hac
869 1750 1018 1785 editione
1043 1750 1213 1785 invenerit
1236 1749 1485 1797 approbatione
1522 1749 1684 1797 diqnum,
1722 1752 1806 1797 aqat
1828 1750 1967 1797 qratias
1992 1749 2081 1796 Deo,

331 1809 495 1857 laiyiz‘ori
520 1809 694 1845 bonorum.
721 1809 770 1844 In
794 1808 878 1844 aliis
904 1821 980 1844 vero
1007 1808 1107 1854 locis,
1135 1808 1195 1844 ubi
1219 1808 1465 1844 invenerit-vel
1480 1807 1621 1855 falsum
1651 1807 1702 1843 vel
1725 1807 1868 1844 dubium
1891 1808 1942 1844 vel
1965 1808 2081 1844 obscu-

329 1881 425 1914 rum,
453 1868 624 1904 editorum
648 1867 923 1915 insufficientiae
948 1868 1088 1915 benique
1113 1867 1309 1915 indulyeat,
1337 1867 1399 1915 qui
1434 1866 1559 1914 absque
1591 1866 1694 1902 dubio
1733 1867 1910 1902 veritatem
1946 1867 2084 1915 assequi

332 1927 521 1962 coluerant.
548 1927 655 1962 Hanc
678 1930 794 1963 autem
818 1927 995 1962 veritatem
1022 1926 1296 1975 insatiqabiliter
1318 1938 1496 1974 quaerere,
1522 1925 1766 1973 infallibiliter
1798 1926 1973 1972 invenire,
2001 1926 2081 1962 ina-

330 1985 543 2021 missibiliter
561 1985 821 2034 apprehendere
845 1989 882 2021 et·
902 1989 1027 2031 tenere,
1055 1985 1216 2021 concedat
1241 1985 1300 2021 ille
1325 1985 1387 2032 qui
1412 1988 1460 2020 est
1492 1985 1576 2031 Via,
1611 1984 1750 2020 Veritas
1775 1988 1806 2020 et
1838 1984 1948 2020 Vita!

586 2105 612 2134 ln
634 2105 750 2142 collegio
770 2105 795 2133 S.
818 2105 1027 2134 Bonaventurae

487 2156 515 2185 in
536 2156 713 2185 solemnitate
735 2156 760 2184 S.
783 2156 810 2184 Ρ.
832 2156 862 2184 N.
884 2155 1019 2185 Francisci
1046 2155 1127 2184 1882.

1695 2296 1957 2333 EDITORES.

422 2920 428 2934 ¹
447 2920 520 2943 Iacob.
539 2920 553 2944 l.
576 2920 616 2949 17;
634 2920 686 2949 Sap.
705 2920 729 2949 8,
753 2921 770 2944 1.
