2253 3317
316 147 350 174 18
387 123 389 125 ·
995 146 1152 175 CAPITULA
1174 146 1263 175 PRIMI
1284 147 1376 175 LIBRI.

475 224 554 251 Patre,
572 223 608 245 vel
626 223 654 245 de
672 224 720 251 ipsa
743 225 809 245 natus
831 223 859 245 sit
884 223 967 252 Filius,
994 224 1029 246 vel
1056 224 1153 252 Spiritus

474 273 565 292 sanetus
584 270 712 297 procedens
722 268 735 291 ¹.

369 316 391 338 lI.
410 316 477 344 Quod
495 316 562 338 Filius
581 322 624 338 non
643 319 675 338 est
693 316 722 338 de
743 317 827 343 nihilo,
845 316 886 338 sed
904 316 932 338 de
950 316 1042 345 aliquo,
1061 322 1105 338 non
1123 318 1153 339 ta-

474 369 526 385 men
543 363 571 385 de
589 364 698 391 materia,
717 362 766 386 sie²
784 366 805 385 et
822 363 920 391 Spiritus
937 366 1036 385 sanctus.

359 410 390 432 lll.
409 410 485 438 Quare
503 409 607 432 Verbum
624 410 695 432 Patris
713 410 802 432 dicatur
819 410 886 432 Filius
904 412 998 432 naturae
1007 409 1024 432 ³.

643 456 766 478 DISTINCTIO
784 456 820 478 VI.

402 504 482 525 Utrum
500 504 565 525 Pater
589 504 705 526 voluntate
729 504 832 532 genuerit
858 503 954 531 Filium,
981 509 1009 525 an
1034 504 1153 526 necessita-

434 552 454 572 te
465 548 471 560 ³
482 568 487 578 ‚
505 553 526 572 et
543 556 571 572 an
589 550 669 572 volens
685 550 722 571 vel
741 550 820 572 nolens
836 550 864 572 sit
880 550 948 572 Deus.

638 597 761 619 Disrincrio
779 596 822 619 Vll.

308 642 359 666 Cir.
377 644 391 666 l.
411 644 489 666 Utrum
506 644 571 666 Pater
588 642 702 671 potuerit⁵
720 644 756 666 rel
775 644 873 666 voluerit
889 644 984 672 gignere
1001 643 1089 665 Filium.

368 690 391 712 lt.
408 688 459 711 An⁸
477 696 544 718 posse
562 691 657 718 gignere
675 690 756 712 Filium
773 691 801 713 sit
818 691 892 719 aliqua
910 691 1010 718 potentia
1035 691 1057 713 iu
1080 691 1153 719 Patre,

473 743 533 765 quae
550 743 595 759 non
613 737 641 759 sit
658 737 679 758 in
698 736 759 759 Filio.

633 783 756 806 nisus-mo
774 783 827 806 VIII.

309 831 360 854 CAP.
377 831 391 853 I.
408 831 440 853 De
459 832 553 853 veritate
570 837 596 853 ac
614 832 753 859 proprietate
770 831 862 853 divinae
879 832 996 854 essentiae.

369 878 391 900 II.
408 878 440 899 De
458 877 683 900 incommutabilitate
700 878 811 900 eiusdem.

360 925 391 947 Ill.
410 925 442 947 De
460 925 605 952 simplicitate
623 925 734 947 eiusdem.

360 972 394 993 IV.
412 972 445 993 De
463 972 575 999 corporali
593 974 615 993 et
631 972 743 1000 spirituali
765 975 883 1000 creatura,
901 972 1020 1001 quomodo
1037 973 1065 994 sit
1082 973 1155 994 multi-

477 1020 528 1048 plex
545 1022 566 1042 et
584 1026 628 1042 non
645 1020 749 1047 simplex.

362 1066 389 1088 V.
408 1065 492 1094 Quod⁷
510 1067 586 1094 Deus,
604 1072 657 1088 eum
675 1067 703 1089 sit
719 1067 830 1094 simplex,
856 1069 930 1088 tamen
953 1065 1107 1093 multiplieiter
1124 1065 1155 1088 di-

475 1106 540 1127 citur.

355 1150 390 1172 Vl.
409 1150 476 1179 Quod
493 1151 532 1172 Dei
551 1151 684 1179 simplicitas
702 1151 755 1173 nulli
773 1150 1014 1178 praedieamentorum
1027 1150 1154 1172 subiicitur.

345 1198 389 1219 VII.
408 1197 475 1226 Quod
491 1198 553 1220 Deus
570 1198 665 1220 abusive
683 1197 766 1220 dieitur
783 1197 916 1220 substantia.

339 1245 392 1267 VIII.
410 1245 477 1274 Quod
495 1251 539 1267 non
557 1247 591 1267 est
608 1246 629 1267 in
647 1245 694 1267 Deo
712 1244 813 1274 aliquid,
832 1245 896 1274 quod
914 1251 959 1267 non
977 1245 1006 1267 sit
1022 1245 1090 1267 Deus

644 1292 768 1314 DisT1NCTio
785 1292 822 1313 lx.

309 1339 361 1363 Car.
379 1340 393 1361 l.
410 1340 442 1362 De
460 1339 603 1362 distinetione
621 1341 689 1362 trium
708 1345 867 1367 personarum.

369 1387 392 1408 II.
410 1387 442 1409 De
460 1388 619 1409 coaeternitate
637 1387 708 1409 Patris
725 1389 747 1409 et
764 1386 818 1408 Filii.

360 1434 391 1455 III.
409 1434 441 1456 De
459 1433 565 1456 ineffabili
583 1436 605 1456 et
622 1433 779 1461 inintelligibili
790 1432 798 1444 ⁸
816 1433 969 1461 generationis
986 1433 1064 1455 modo.

356 1481 392 1503 IV.
410 1481 491 1503 Utrum
508 1481 591 1503 debeat
609 1481 669 1503 dici:
686 1487 779 1509 semper
802 1481 904 1508 gignitur
921 1480 990 1502 Filius
1007 1480 1044 1502 vel
1061 1486 1154 1508 semper

474 1528 565 1555 genitus
582 1530 622 1550 est.

364 1575 391 1597 V.
409 1575 441 1597 De
458 1575 625 1597 obiectionibus
644 1576 811 1598 haereticorum
822 1576 941 1598 nitentium
953 1574 1060 1604 probare,
1072 1575 1153 1597 Filium

474 1627 518 1643 non
536 1628 586 1643 esse
604 1624 751 1644 coaeternum
768 1621 834 1643 Patri.

647 1668 771 1690 D1sTiscTio
788 1667 817 1689 X.

308 1713 359 1736 (1³1³.
377 1714 391 1736 l.
408 1714 440 1736 De
459 1715 543 1742 SpIritu
561 1717 654 1739 sancto.
672 1714 753 1743 quod⁹
771 1721 836 1737 amor
853 1716 924 1737 Patris
941 1717 964 1737 et
986 1715 1033 1736 Filii
1059 1715 1154 1742 proprie

474 1760 556 1782 dieitur
566 1778 571 1787 ‚
589 1767 643 1783 eum
656 1762 684 1783 sit
696 1761 717 1782 in
732 1761 841 1783 Trinitate
859 1767 937 1789 amor,
950 1761 989 1790 qui
1002 1763 1036 1783 est
1048 1761 1154 1789 TrinitaS,

473 1808 532 1829 sicut
551 1807 654 1829 Verbum
672 1808 765 1835 proprie
784 1807 867 1829 dicitur
884 1808 1008 1835 sapientia,
1032 1809 1055 1829 et
1079 1809 1154 1829 tamen

474 1855 519 1875 tota
538 1854 637 1876 Trinitas
654 1853 736 1876 dicitur
754 1854 872 1882 sapientia.

364 1900 388 1923 lI.
406 1900 473 1929 Quod
490 1901 572 1923 eadem
585 1901 677 1922 nomina
689 1901 783 1928 proprie
799 1903 821 1923 et
831 1900 991 1923 universaliter
1003 1901 1155 1928 accipiuntur.

358 1949 390 1971 III.
408 1948 475 1977 Quod
492 1948 590 1976 Spiritus
607 1950 699 1970 sanctus
716 1948 775 1969 sicut
791 1947 850 1969 Patri
874 1950 896 1969 et
917 1947 972 1969 Filio
995 1950 1030 1970 est
1054 1953 1156 1969 eommu-

474 1996 524 2023 nis⁷
542 1996 571 2017 ita
589 2000 713 2017 commune
730 2000 813 2016 nomen
831 1994 900 2016 habet
916 1995 1043 2022 proprium.

564 2068 567 2069 .
645 2042 769 2064 Dismeno
787 2042 824 2064 XI.

309 2089 362 2113 Car.
379 2090 393 2111 l.
411 2089 478 2117 Quod
496 2089 593 2117 Spiritus
610 2090 702 2110 sanctus
719 2087 823 2116 procedit
841 2094 853 2109 a
870 2088 935 2110 Patre
958 2090 980 2110 et
997 2088 1051 2110 Fili0
1062 2106 1067 2116 ,
1085 2094 1156 2117 quem

474 2138 551 2157 tamen
568 2135 647 2157 Graeci
664 2140 677 2156 a
694 2134 748 2156 Filio
766 2134 892 2163 procedere
909 2134 1041 2157 diffitentur.

371 2184 394 2205 11.
411 2183 444 2205 De
462 2183 620 2205 conventcntia
638 2182 771 2204 Latinorum
788 2183 810 2204 et
827 2179 994 2204 Graec01·um¹⁰
1010 2182 1032 2203 in
1050 2187 1118 2203 sensu
1135 2185 1158 2204 et

480 2229 607 2251 differentia
624 2229 646 2250 in
664 2227 750 2250 verbis.
1136 2222 1139 2226 “

1587 187 1598 197 ι

1542 224 1665 246 Dis'rmcrio
1684 224 1729 247 xil.

1211 269 1264 292 Cir.
1283 270 1296 292 I.
1315 270 1395 292 Utrum
1413 271 1511 298 Spiritus
1528 274 1620 292 sanetus
1638 269 1729 298 prius¹¹
1747 271 1783 293 vel
1802 271 1892 299 plenius
1915 271 2027 299 procedat
2043 278 2055 294 a

1375 317 1439 339 Patre
1460 323 1529 346 quam
1549 324 1560 339 a
1579 317 1639 339 Filio.

1273 362 1295 384 ll.
1315 362 1381 391 Quod
1398 363 1496 390 Spiritus
1513 365 1605 385 sanctus
1627 363 1783 391 principaliter
1806 366 1827 386 ot
1853 364 1947 392 proprie
1972 363 2056 386 dicitur

1377 410 1503 438 procedere
1520 416 1532 432 a
1550 411 1621 432 Patre.

1533 456 1657 478 DisriNCTto
1675 457 1729 479 xnt.

1211 501 1262 524 Car.
1281 502 1294 524 l.
1314 502 1389 530 Quare
1399 500 1416 512 ¹²
1435 503 1533 530 Spiritus
1550 505 1657 530 sanctus,
1676 509 1729 525 cum
1747 504 1775 525 sit
1792 503 1820 525 de
1839 503 1964 525 substantia
1976 503 2056 532 Patris,

1375 555 1419 570 non
1437 548 1526 571 dicatur
1543 550 1648 578 genitus,
1667 549 1707 571 sed
1725 551 1812 571 tantum
1830 549 1967 577 procedens.

1270 594 1292 616 II.
1311 594 1357 617 Cur
1372 595 1441 617 Filius
1458 595 1547 618 dicatur
1558 596 1684 624 procedere
1695 614 1699 624 ,
1712 602 1766 618 cum
1778 596 1876 624 Spiritus
1896 598 1989 618 sanctus
2011 602 2057 618 nou

1376 640 1465 662 dicatur
1482 642 1553 669 gigni.

1262 688 1294 710 III.
1313 689 1379 717 Quod
1397 694 1441 710 non
1459 690 1533 716 potest
1545 688 1646 710 mortalis
1658 688 1799 717 distinguere
1811 689 1869 711 inter
1885 688 2057 717 generationem

1375 736 1422 758 Filii
1440 738 1462 758 et
1479 737 1651 763 processionem
1668 736 1766 763 Spiritus
1783 736 1862 758 sancti.

1259 782 1295 804 IV.
1314 783 1393 804 Utrum
1411 783 1508 810 Spu-itus
1525 784 1616 804 sanctus
1634 782 1717 804 debeat
1733 782 1777 804 (liei
1795 782 1922 809 ingenitus,
1941 787 1994 804 eum
2012 787 2057 803 non

1376 829 1405 851 sit
1422 829 1519 856 genitus.

1531 874 1653 896 Dmmcuo
1671 874 1729 896 XIV.

1213 920 1264 944 CM).
1283 920 1296 942 I.
1314 920 1347 942 De
1364 921 1455 948 gemina
1481 921 1627 948 processione
1653 921 1750 948 Spiritus
1775 921 1864 949 saneti,
1890 921 2010 949 temporali
2036 922 2058 943 et

1376 972 1473 992 aeterna.

1272 1017 1294 1039 ll.
1315 1016 1380 1045 Quod
1398 1023 1442 1038 non
1460 1016 1535 1039 solum
1553 1015 1612 1037 dona
1630 1015 1728 1043 Spiritus
1745 1015 1831 1043 sancti,
1855 1014 1896 1037 sed
1920 1015 1988 1037 etiam
2005 1015 2055 1042 ipse

1379 1063 1477 1091 Spiritus
1494 1060 1615 1085 sanctus¹³
1632 1061 1699 1083 datur
1716 1061 1849 1083 hominibus
1866 1062 1888 1083 et
1904 1061 2007 1083 mittitur.

1266 1111 1297 1132 III.
1315 1108 1377 1132 An¹⁴
1396 1110 1438 1132 viri
1455 1110 1525 1132 sancti
1544 1102 1631 1137 possint
1648 1108 1703 1131 dare
1721 1109 1831 1136 Spiritum
1848 1110 1959 1130 sanctum.

1538 1156 1661 1177 Disrixcrio
1680 1155 1729 1177 XV.

1213 1203 1264 1226 Clu).
1282 1204 1296 1225 l.
1314 1203 1381 1231 Quod
1399 1203 1496 1231 Spiritus
1513 1205 1604 1225 sanctus
1616 1208 1628 1224 a
1641 1208 1664 1224 se
1678 1203 1727 1229 Ipso
1746 1201 1813 1223 datur
1830 1203 1852 1223 et
1863 1201 1931 1222 Filius
1943 1206 1955 1222 a
1967 1206 1992 1222 se
2007 1200 2058 1227 ipso

1377 1251 1479 1272 mittitur.

1273 1297 1296 1319 ll.
1315 1296 1438 1325 Quomodo
1456 1295 1601 1323 intelligenda
1618 1296 1646 1317 sit
1663 1295 1742 1317 missio
1760 1295 1888 1322 utriusque.

1264 1345 1295 1366 III.
1316 1344 1383 1372 Quod
1400 1351 1413 1366 a
1430 1344 1515 1371 Spiritu
1533 1345 1611 1365 sancto
1628 1343 1696 1364 etiam
1706 1340 1724 1353 ²⁵
1742 1342 1810 1364 Filius
1828 1343 1856 1364 sit
1872 1343 1964 1364 missus.

1263 1391 1299 1413 IV.
1318 1390 1385 1419 Quod
1403 1390 1471 1412 Filius
1488 1391 1555 1412 etiam
1574 1391 1603 1412 sit
1619 1388 1713 1412 datus¹⁵
1730 1396 1742 1411 a
1761 1395 1786 1411 se
1803 1389 1860 1417 ipso.

1269 1437 1296 1459 V.
1314 1436 1436 1465 Quomodo
1454 1436 1625 1464 intelligendum
1637 1436 1666 1458 sit
1677 1435 1732 1457 illud
1741 1433 1759 1446 ¹⁷
1771 1440 1776 1457 2
1794 1435 1811 1456 A
1828 1440 1865 1456 me
1877 1435 1928 1462 ipso
1940 1440 1985 1456 non
1997 1434 2058 1456 veni.

1261 1483 1297 1505 VI.
1315 1483 1395 1505 Utrum
1414 1483 1484 1516 semel
1503 1485 1590 1505 tantum
1607 1483 1635 1504 sit
1652 1482 1736 1504 missus
1753 1481 1836 1509 Filius,
1855 1487 1883 1503 an
1900 1486 1977 1509 saepe.

1252 1531 1296 1552 VII.
1313 1530 1345 1551 Dc
1363 1529 1455 1552 duobus
1471 1529 1546 1551 modis
1564 1529 1678 1551 missionis
1696 1528 1749 1550 Filii.

1244 1576 1297 1598 VIII.
1317 1576 1384 1604 Quod
1401 1575 1529 1598 secundum
1547 1576 1644 1597 alterum
1662 1574 1758 1597 modum
1776 1574 1846 1596 semel
1863 1575 1891 1597 sit
1908 1575 2007 1602 missus,
2025 1580 2059 1596 se-

1377 1622 1483 1644 cundum
1501 1622 1597 1643 alterum
1614 1626 1696 1648 saepe,
1714 1623 1736 1642 et
1753 1619 1881 1642 seeundum
1898 1619 1995 1641 alterum
2012 1624 2059 1640 mo-

1378 1669 1435 1691 dum
1452 1669 1534 1691 dicitur
1551 1669 1635 1690 missus
1647 1668 1669 1689 in
1682 1667 1808 1696 mundum⁷
1821 1667 1949 1689 secundum
1961 1667 2059 1690 alterum

1378 1722 1432 1738 non.

1259 1764 1297 1786 lx,
1315 1763 1391 1791 Quare
1408 1764 1473 1786 Pater
1491 1769 1535 1785 non
1553 1762 1636 1785 dicitur
1652 1763 1743 1784 missus.

1270 1809 1298 1831 X.
1317 1809 1384 1838 Quod
1402 1809 1469 1831 Filius
1486 1812 1508 1831 et
1525 1809 1623 1836 Spiritus
1640 1809 1732 1830 sanctus
1750 1813 1794 1829 non
1811 1809 1864 1829 sunt
1881 1807 1947 1836 quasi
1957 1804 1976 1817 ¹⁸
1987 1807 2059 1828 mino-

1378 1861 1415 1877 res
1433 1855 1504 1883 Patre,
1524 1855 1577 1884 quia
1594 1855 1664 1876 missi.

1536 1902 1660 1924 DISTINCTlo
1678 1901 1737 1923 XVI.

1216 1950 1269 1973 ΟΜ).
1287 1950 1301 1972 I.
1318 1950 1351 1972 De
1368 1950 1476 1972 missione
1493 1949 1591 1977 Spiritus
1608 1948 1690 1976 sancti,
1709 1954 1768 1976 quae
1786 1947 1810 1969 fit
1821 1946 1914 1969 duobus
1926 1945 2008 1974 modis,
2026 1946 2058 1968 vi-

1379 1995 1474 2017 sibiliter
1491 1998 1513 2017 et
1529 1994 1672 2017 invisibiliter
1681 1992 1707 2016 ²⁹.

1278 2043 1300 2065 ll.
1319 2042 1386 2071 Quod
1403 2042 1486 2070 Filius,
1504 2041 1632 2064 secundum
1650 2041 1713 2069 quod
1730 2041 1815 2069 homo,
1833 2046 1877 2062 non
1895 2039 1965 2062 modo
1977 2039 2057 2068 Patre,

1381 2088 1422 2111 sed
1439 2089 1524 2116 Spiritu
1542 2090 1620 2110 sancto
1637 2088 1705 2109 etiam
1722 2087 1797 2109 minor
1814 2089 1854 2109 est.

1530 2136 1653 2157 Dis-rmcrio
1671 2135 1739 2157 XVII.

1215 2181 1267 2205 cip.
1286 2182 1300 2204 I.
1318 2181 1385 2210 Quod
1403 2183 1500 2210 Spiritus
1517 2183 1609 2204 sanctus
1626 2183 1660 2203 est
1677 2181 1773 2208 cariffi,
1791 2186 1836 2209 qua
1854 2180 1971 2208 diligimus
1982 2180 2057 2203 Deum

1381 2231 1403 2251 et
1420 2229 1558 2256 proximum.

374 2324 382 2338 1
400 2324 502 2351 Supple:
519 2323 563 2351 sit,
581 2323 617 2345 vel
635 2321 685 2350 lege
702 2329 756 2345 eum
773 2322 825 2345 edd.
843 2323 865 2350 7,
884 2324 897 2345 9
911 2323 1062 2353 processerit.

374 2363 383 2377 ²
401 2363 472 2386 Codd.
491 2363 535 2384 AB
552 2362 621 2386 sicut.

374 2402 384 2417 ³
401 2402 473 2425 Codd.
492 2401 558 2424 CKL
575 2402 679 2430 natura,
699 2402 740 2424 sed
757 2402 823 2424 male.

375 2441 384 2456 ⁴¹
402 2441 474 2464 Codd.
486 2442 504 2463 Α
514 2441 530 2463 Β
539 2441 558 2462 D
570 2441 671 2463 verbum
682 2441 804 2464 voluntate
816 2444 868 2469 post
879 2440 968 2464 Filium
979 2441 1065 2469 locant;
1077 2444 1157 2469 postea

313 2481 380 2503 codd.
398 2480 441 2503 ΑΕ
451 2480 470 2502 K
480 2480 500 2502 Μ
510 2480 525 2501 Ρ
536 2480 554 2501 R
566 2480 580 2501 S
591 2480 608 2501 T
627 2486 680 2502 cum
697 2479 733 2502 ed.
753 2480 760 2501 t
783 2480 889 2502 omittunt
905 2480 942 2508 et‚·
967 2479 1062 2502 demum
1089 2479 1156 2502 codd.

313 2519 330 2542 C
347 2522 368 2542 et
385 2520 403 2541 R
420 2525 464 2547 pro
482 2518 518 2542 vel
534 2518 618 2541 habent
635 2524 674 2541 an.

374 2558 384 2573 ⁵
400 2558 434 2580 Ed
452 2559 460 2580 rt
482 2558 607 2586 praemittit
623 2557 660 2581 vel
676 2560 728 2580 ante.
741 2557 853 2587 potuerit.

375 2597 384 2612 ⁶
401 2597 457 2620 Cod.
475 2597 494 2619 H
514 2597 605 2620 Utrum.

374 2636 384 2650 ⁷
401 2636 456 2659 Cod.
474 2636 490 2657 E
508 2636 544 2658 hic
561 2638 583 2657 et
599 2635 709 2663 deinceps
725 2635 784 2658 Item
800 2635 850 2658 Ioco
870 2634 944 2663 Quod.

375 2673 384 2688 ⁸
401 2673 473 2696 Codd.
491 2680 545 2696 cum
563 2673 615 2696 edd.
638 2675 661 2702 l,
679 2675 692 2696 9
709 2673 862 2703 intelliqt'bili,
889 2674 952 2703 quod
977 2674 1027 2697 licet
1050 2674 1157 2702 explicari

315 2713 399 2741 possit,
417 2713 581 2740 castigavimus
597 2715 672 2735 tamen
689 2718 734 2740 ope
751 2712 803 2735 edd.
822 2713 850 2741 2,
868 2712 890 2734 7.

376 2751 386 2765 ⁹
402 2750 474 2773 Codd.
491 2751 537 2773 DH
546 2752 562 2773 L
580 2751 622 2781 qui
632 2757 675 2779 pro
687 2751 756 2781 quod.
769 2752 818 2773 Mox
830 2751 897 2774 codd.
910 2751 974 2774 ACE
983 2751 990 2773 I
1000 2751 1093 2779 QRST
1106 2754 1158 2780 post

314 2789 369 2812 Filii
384 2789 492 2812 adiiciunt
508 2791 536 2812 et.

377 2828 396 2842 1⁰
413 2828 484 2851 Codd.
502 2829 548 2851 ΒΚ
558 2829 575 2851 Ν
594 2828 742 2852 Graecorum
757 2831 780 2852 et
794 2829 942 2852 Latinorum.

377 2866 395 2881 11
413 2867 455 2889 Per
472 2867 564 2895 lapsum
582 2868 728 2890 librariorum
746 2868 810 2891 multi
828 2868 895 2890 codd.
913 2870 935 2891 et
951 2868 987 2890 ed.
1015 2869 1023 2890 l
1042 2867 1157 2897 proprius

316 2911 359 2934 pro
374 2905 455 2935 prius,
476 2906 526 2928 cod.
544 2907 563 2928 H
578 2912 621 2935 per
636 2906 712 2936 prius.

1277 2323 1296 2337 ¹²
1313 2322 1385 2345 Codd.
1403 2323 1447 2344 AL
1466 2321 1540 2350 Quod.

1278 2361 1297 2376 ¹³
1315 2361 1387 2384 Codd.
1405 2362 1421 2383 F
1432 2361 1520 2383 PRST
1538 2363 1560 2383 et
1577 2360 1612 2383 ed.
1632 2361 1640 2382 ι1
1662 2360 1750 2383 addunt
1766 2360 1843 2388 Deus,
1861 2360 1925 2389 quod
1941 2362 1963 2382 et
1979 2360 2058 2388 legunt

1215 2400 1283 2423 codd.
1301 2399 1384 2428 CHN,
1402 2401 1487 2422 omisso
1505 2403 1580 2422 tamen
1597 2400 1694 2422 sanctus
1711 2400 1733 2421 in
1751 2399 1804 2428 CH,
1829 2402 1852 2421 et
1876 2397 1980 2428 Spiritus
2004 2404 2057 2421 san-

1213 2440 1265 2462 ctus
1281 2440 1304 2461 in
1320 2439 1345 2461 N.

1278 2476 1296 2492 ¹4
1314 2477 1386 2500 Codd.
1404 2477 1448 2499 MN
1465 2478 1555 2500 ulrum.

1278 2516 1297 2530 1⁵
1314 2517 1344 2538 lta
1361 2517 1437 2544 legas,
1455 2518 1480 2538 ut
1496 2516 1566 2539 eliam
1582 2517 1664 2544 iungas
1676 2522 1729 2539 cum
1740 2517 1834 2545 sancto,
1847 2522 1891 2538 non
1904 2521 1957 2538 cum
1969 2514 2055 2543 Filius,

1215 2562 1262 2585 quo
1279 2562 1416 2584 germanum
1433 2555 1518 2578 habeas
1534 2562 1634 2578 sensum.
1652 2556 1675 2577 ln
1692 2555 1743 2578 cod.
1761 2555 1777 2577 B
1794 2555 1858 2578 deest
1874 2554 1951 2578 ellum.

1278 2594 1297 2609 16
1314 2594 1369 2617 Cod.
1389 2594 1405 2617 C
1422 2594 1501 2617 datur.

1278 2634 1297 2648 ¹⁷
1313 2634 1381 2656 Deest
1397 2633 1458 2656 illud
1474 2635 1496 2655 in
1514 2634 1581 2656 codd.
1599 2635 1617 2655 A
1627 2634 1694 2656 EFK
1704 2634 1722 2655 Μ
1733 2634 1775 2655 PR
1786 2633 1803 2655 T
1822 2636 1844 2656 et
1860 2633 1896 2655 ed.
1915 2633 1935 2655 sl.

1279 2672 1298 2687 ¹8
1316 2672 1430 2695 Omittitur
1447 2672 1517 2702 quasi
1533 2674 1554 2695 in
1573 2673 1639 2695 codd.
1658 2672 1758 2695 CHPR.

1278 2712 1296 2726 ¹⁹
1313 2713 1371 2734 Inter
1387 2712 1477 2734 titulum
1494 2712 1555 2734 hunc
1571 2715 1593 2734 et
1609 2715 1742 2741 sequentem
1755 2711 1851 2733 hahetur
1862 2711 1919 2733 haee
1930 2709 2021 2733 rubrica
2033 2710 2056 2732 in

1216 2751 1266 2774 cod.
1284 2751 1318 2772 H:
1337 2749 1396 2773 Cum
1412 2750 1442 2773 sil
1458 2749 1536 2773 Filius
1552 2750 1631 2773 minor
1647 2751 1718 2773 Patre
1734 2750 1863 2773 secundum
1873 2749 1978 2779 formam
1993 2754 2056 2772 crea-

1215 2791 1279 2818 tam,
1298 2789 1323 2812 in
1340 2784 1388 2818 qita
1404 2789 1529 2818 apparuit,
1556 2795 1601 2812 cur
1617 2795 1665 2812 non
1689 2788 1793 2818 Spiritus
1818 2788 1917 2811 sanctus
1940 2786 2055 2810 similiter.

1217 2829 1279 2851 Idem
1296 2829 1410 2857 reperitur
1427 2829 1448 2850 in
1466 2828 1533 2850 codd.
1551 2828 1609 2856 GL7
1627 2834 1654 2850 eo
1671 2831 1764 2856 excepto
1775 2846 1780 2856 ,
1798 2827 1861 2856 quod
1883 2833 1925 2855 pro
1951 2826 2010 2849 Cum
2026 2825 2056 2849 sit

1215 2867 1291 2891 Filius
1308 2868 1397 2895 legatur
1414 2866 1463 2889 Cur
1479 2866 1555 2889 Filius
1571 2867 1602 2889 sit
1617 2871 1639 2890 et
1656 2868 1771 2889 omittatur
1793 2866 1898 2889 creatam
1922 2871 1966 2888 cur
1991 2868 2013 2888 et
2028 2864 2055 2888 si-

1214 2906 1319 2935 militer,·
1336 2907 1358 2929 in
1376 2906 1425 2929 cod.
1443 2907 1462 2928 G
1479 2909 1531 2934 post
1547 2906 1659 2936 apparuit
1676 2906 1767 2929 additur
1783 2906 1810 2928 et.
