2253 3317
762 139 845 167 DIST.
866 138 908 167 IV.
930 138 1002 166 ART.
1024 137 1140 166 UNICUS
1160 138 1295 174 QUAEST.
1317 138 1346 166 ΙΙ.
1886 139 1922 166 99

182 221 219 243 vel
236 220 266 243 de
283 220 369 248 quibus
385 217 518 240 huiusmodi
536 218 647 240 terminus
663 218 686 239 in
703 217 778 245 aliqua
795 216 952 244 propositione
968 215 1027 237 veri-

183 259 270 281 ficatur.
288 259 324 280 Sic
341 258 451 280 terminus
468 255 537 279 homo
554 258 630 283 potest
646 261 778 283 supponere
790 254 827 276 vel
839 260 881 282 pro
898 254 991 276 homine
1003 254 1025 275 in

183 296 317 324 communi,
335 298 360 318 ut
376 296 398 317 in
416 295 587 323 propositione:
606 295 676 316 homo
693 295 728 316 est
743 294 846 322 species3
864 293 901 315 vel
919 299 961 321 pro
978 293 1027 314 suis

181 334 333 364 inferioribus
355 333 400 356 sub
417 334 459 356 hac
476 334 553 361 specie
571 333 751 361 comprehensis,
767 338 790 354 v.
808 338 831 359 g.
854 332 924 353 homo
949 332 1027 353 currit.

183 374 373 402 Suppositionum
390 373 432 395 alia
449 376 484 395 est
500 371 648 399 communis,
667 372 710 393 alia
731 370 833 393 discreta
841 379 851 399 ;
875 370 911 392 illa
937 370 961 392 sst
985 376 1027 398 per

182 413 307 435 terminum
325 417 473 434 communem
483 429 488 439 ‚
506 414 531 433 ut
546 412 617 433 homo
634 412 669 433 est
685 410 802 438 mortalis;
820 410 877 432 haec
893 415 936 437 per
952 409 1027 430 termi-

181 457 237 473 num
255 450 380 473 discretum
398 449 557 478 (concretum),
570 452 595 471 ut
611 448 737 476 Socrates,
757 448 793 470 vel
811 454 853 476 per
870 452 1026 474 communem,

181 489 223 512 sed
240 489 418 511 determinatum
431 494 472 516 per
484 494 612 516 pronomen
630 487 848 514 demonstrativum,
860 488 886 508 ut
896 485 938 508 iste
949 485 1026 508 homo.

243 529 306 550 Aliae
323 528 448 550 divisiones
465 527 629 555 suppositionis
647 525 710 554 apud
733 526 755 547 S.
781 525 866 547 Bonav.
892 526 1027 547 occurentes

182 569 248 590 sunt:
265 567 395 595 suppositio
412 565 515 595 simplex
534 568 556 588 et
570 564 710 594 personalis.
728 564 765 586 Illa
777 566 811 586 est
822 564 924 591 acceptio
936 564 1027 585 termini

181 607 312 629 communis
329 611 372 634 pro
388 612 413 628 re
436 605 559 627 universali
582 604 708 632 significata
733 609 775 632 per
799 604 877 631 ipsum
902 603 1027 625 terminum

181 650 345 672 communem,
369 646 394 666 ut
415 650 469 666 cum
491 643 590 665 dieitur:
613 643 682 664 homo
705 644 740 664 est
762 642 862 670 species;
888 641 972 663 animal
994 643 1028 663 est

182 690 262 712 genus.
284 684 350 705 Tunc
374 683 486 705 terminus
511 683 581 704 homo
607 682 717 710 supponit
741 687 784 709 pro
809 681 901 702 homine
926 681 950 702 in
967 686 1028 702 com-

181 724 253 751 muni,
270 725 293 745 et
309 728 354 744 non
371 728 414 750 pro
432 721 535 750 quolibet
550 721 668 749 inferiore;
689 720 751 742 unde
768 726 813 742 non
831 720 882 742 licet
901 719 976 741 facere
993 718 1028 741 de-

181 767 306 789 scensum,
325 762 357 783 uti
374 761 468 789 dicunt,
487 761 520 782 sic
537 759 672 788 arguendo:
690 759 760 781 homo
785 760 820 781 est
843 759 947 786 species:
970 763 1028 785 ergo

182 801 264 829 aliquis
282 801 351 822 homo
368 801 403 821 est
419 799 515 827 species.
532 797 669 821 Perso'nalis
685 804 741 820 vero
758 798 887 825 suppositio
910 799 944 819 est
966 802 1028 818 acce-

182 840 230 867 ptio
247 839 338 861 termini
356 838 486 860 communis
502 844 545 865 pro
562 838 610 860 suis
627 836 788 864 inferioribus,
806 839 831 859 ut
853 842 907 858 cum
930 835 1027 858 dicitur:

181 878 251 900 homo
268 878 353 905 currit,
372 878 408 899 hie
425 878 466 899 iste
484 877 595 899 terminus
612 875 681 898 homo
699 876 809 903 supponit
825 881 868 903 pro
880 875 928 897 suis
939 874 1028 896 inferio-

180 917 253 939 ribus.
270 928 302 933 -—
317 916 475 938 Personalium
492 915 679 943 suppositionum
697 914 739 936 alia
756 916 791 936 est
807 913 971 941 determinata,
985 913 1027 935 alia

181 958 216 979 est
233 955 341 985 confusa.
358 954 520 978 Beier—minata
537 956 571 977 est
587 954 690 982 acceptIO
707 954 797 976 termini
820 953 951 975 eommunis
967 952 1028 974 inde-

181 995 243 1017 finite
260 995 345 1022 sumti,
363 994 400 1016 vel
418 999 471 1015 cum
488 994 554 1021 signo
575 991 733 1022 particulari,
753 995 778 1014 ut
794 991 863 1015 homo
882 991 972 1019 currit,
991 991 1027 1013 vel

181 1032 268 1063 aliquis
286 1032 355 1055 homo
375 1031 470 1059 rurrit;
488 1034 510 1053 et
526 1031 609 1053 dicitur
625 1031 775 1054 determinata
785 1048 790 1058 ‚
808 1031 861 1059 quia
874 1030 925 1052 licet
936 1031 958 1051 in
970 1032 1029 1052 utra-

181 1078 227 1101 que
243 1073 338 1094 istarum
355 1071 540 1099 propositionum
557 1071 594 1092 ille
611 1071 723 1093 terminus
748 1069 818 1092 homo
843 1071 960 1097 supponat
985 1075 1028 1097 pro

181 1111 244 1133 omni
262 1111 354 1132 homine
370 1112 417 1132 tam
442 1111 548 1132 currente
578 1115 648 1138 quam
671 1114 716 1130 non
742 1110 862 1136 currente,
888 1110 964 1129 tamen
982 1113 1028 1129 uno

181 1150 230 1172 solo
248 1149 340 1171 homine
357 1150 470 1176 currente,
487 1149 614 1176 propositio
626 1150 660 1170 est
671 1154 741 1176 vera;
754 1149 776 1169 et
787 1148 841 1176 quia
857 1146 920 1169 aliud
931 1148 965 1169 est
976 1152 1029 1176 sup-

178 1193 268 1218 ponere
285 1190 307 1210 et
323 1187 386 1209 aliud
404 1186 545 1210 locutionem
561 1192 644 1209 rverctm
661 1185 698 1209 vel
713 1185 803 1216 salsam
819 1192 868 1209 esse
883 1191 925 1213 pro
943 1185 1027 1214 aliquo,

180 1228 251 1255 igitur
267 1228 290 1249 in
307 1227 430 1255 praedictis
447 1227 489 1248 iste
506 1226 617 1248 terminus
635 1226 704 1248 homo
721 1225 834 1255 supponit
850 1231 892 1253 pro
910 1225 973 1246 omni
990 1225 1028 1246 ho-

181 1267 243 1289 mine
260 1268 365 1289 currente
383 1268 405 1288 et
422 1271 467 1287 non
484 1267 602 1293 currente,
620 1265 671 1287 licet
688 1264 771 1287 reddat
789 1263 930 1287 locutionem
946 1269 1029 1286 veram

182 1311 225 1334 pro
243 1311 289 1327 uno
308 1305 356 1327 solo
374 1306 503 1327 currente...
522 1303 627 1332 0071111311Υ
638 1304 766 1331 suppositio
778 1306 813 1326 est
824 1303 926 1330 acceptio
937 1303 1029 1324 termini

181 1345 313 1366 communis
324 1350 366 1372 pro
378 1343 491 1371 pluribus,
510 1343 626 1365 mediante
643 1343 710 1370 signo
726 1341 872 1370 universali,
888 1344 913 1363 ut
929 1348 983 1363 cum
995 1341 1027 1363 di-

181 1384 256 1406 citur:
273 1384 349 1405 omnis
367 1384 436 1405 homo
454 1385 488 1405 est
505 1382 603 1410 animal;
622 1382 676 1410 quia
694 1382 805 1409 supponit
821 1382 933 1403 terminus
958 1381 1028 1403 homo

182 1428 226 1451 pro
243 1421 346 1450 quolibet
362 1427 405 1443 suo
422 1422 549 1449 supposito,
567 1421 598 1443 Ita
614 1421 694 1443 Petrus
710 1420 789 1448 Hisp.;
807 1420 844 1442 alii
856 1419 935 1448 quoad
947 1419 1029 1448 confa-

180 1467 234 1484 sam
251 1463 273 1483 et
289 1460 471 1484 determinatam
488 1461 672 1488 suppositionem
689 1466 738 1482 rem
750 1459 819 1487 paulo
831 1459 896 1481 aliter
907 1459 1028 1487 explicant.

247 1500 269 1521 2.
287 1497 426 1522 Distributio
443 1500 477 1521 est
493 1499 595 1526 acceptio
612 1498 703 1521 termini
721 1497 854 1521 communis
878 1504 920 1526 pro
937 1498 985 1519 suis
1002 1498 1029 1519 si-

183 1538 310 1567 gnificatis,
329 1539 378 1560 sive
395 1540 429 1560 est
444 1538 601 1566 multiplicatio
624 1538 715 1560 termini
740 1536 873 1560 communis
890 1537 974 1558 virtute
992 1536 1029 1558 ali-

181 1577 247 1599 cuius
265 1577 324 1605 signi
341 1576 492 1604 universalis,
514 1582 536 1598 v.
563 1582 585 1604 g.
610 1576 633 1597 in
658 1576 832 1604 propositione:
858 1575 933 1597 omnis
958 1575 1029 1596 homo

181 1617 267 1644 currit,
285 1616 396 1638 terminus
408 1615 477 1638 homo
491 1614 636 1637 distribuitur
652 1614 711 1643 (sive
727 1613 891 1643 confunditur)
905 1620 947 1642 pro
958 1614 1029 1635 omni-

181 1654 226 1677 bus
249 1654 382 1677 hominibus
399 1655 483 1676 virtute
508 1654 567 1676 illius
592 1653 699 1676 vocabuli
725 1652 817 1681 omnis,
845 1652 909 1682 quod
933 1651 1030 1682 simiam

181 1692 360 1716 distributivum
377 1693 514 1721 appellatur.

245 1733 266 1755 3.
284 1731 406 1755 Restrictio
431 1734 466 1754 est
490 1731 612 1754 coarctatio
636 1731 727 1753 termini
753 1731 883 1753 communis
908 1736 920 1752 a
942 1730 1030 1752 maiore

181 1771 341 1800 suppositione
358 1771 408 1793 sive
424 1771 555 1793 extensione
573 1769 602 1791 ad
619 1770 747 1797 minorem;
760 1770 793 1792 sic
810 1768 880 1792 homo
897 1768 967 1791 aibas
984 1774 1029 1790 non

182 1810 296 1838 significat
312 1815 394 1832 omnes
410 1810 529 1837 homines,
547 1808 589 1831 sed
606 1810 696 1837 partem
713 1814 802 1831 eorum.

248 1848 269 1870 4.
286 1847 389 1871 Reddere
408 1847 549 1871 locutionem
565 1853 649 1870 veram
666 1847 793 1875 significat,
806 1847 870 1876 quod
887 1848 909 1869 in
927 1847 1030 1875 proposi-

182 1889 257 1916 tione,
275 1888 298 1910 in
316 1894 361 1916 qua
384 1887 514 1909 subiectum
539 1887 650 1915 supponit
674 1893 717 1914 pro
742 1886 848 1914 pluribus
873 1886 1029 1914 disiunctive,

182 1933 265 1950 sensus
282 1926 387 1949 redditur
403 1932 474 1948 verus
491 1931 533 1954 per
550 1927 608 1954 hoc,
626 1925 690 1954 quod
707 1926 729 1947 in
747 1931 793 1947 uno
810 1925 890 1947 saltem
908 1925 1029 1952 supposito

1082 215 1227 243 verificatur;
1245 221 1268 237 v.
1286 221 1308 243 g.
1327 216 1469 243 propositio:
1488 216 1558 238 homo
1570 217 1655 244 currit,
1674 215 1778 238 redditur
1795 221 1857 243 vera,
1875 221 1928 237 cur-

1082 256 1146 276 rente
1163 260 1209 276 uno
1227 254 1397 282 qualicumque.
1416 253 1481 276 Unde
1492 253 1590 277 reddere
1603 253 1743 277 locutionem
1754 259 1836 277 veram
1852 253 1927 276 differt

1083 298 1095 314 a
1112 291 1258 315 restrictione
1274 293 1364 314 termini
1381 292 1411 314 ad
1428 298 1515 320 unum,
1541 295 1566 314 ut
1590 292 1650 315 hene
1667 293 1721 315 dicit
1738 293 1759 314 S.
1778 292 1871 320 Bonav.‚
1889 292 1926 314 hic

1082 330 1111 352 ad
1129 331 1150 352 2.

1145 369 1168 391 11.
1186 369 1225 391 Η1ε
1237 369 1369 397 suppositis,
1387 372 1486 398 quatuor
1503 371 1596 398 regulae
1608 371 1715 398 logicales
1726 371 1748 392 in
1760 376 1824 398 corp.
1839 370 1927 397 positae

1082 414 1211 437 earumque
1227 408 1349 436 applicatio
1366 409 1388 429 in
1405 408 1517 430 solutione
1529 408 1671 431 obiectorum
1683 409 1747 431 facile
1763 409 1926 436 intelliguntur.

1083 448 1120 469 Sic
1135 447 1207 469 verba
1220 447 1258 475 (ad
1271 447 1315 475 2.):
1336 455 1346 467 ιι
1358 448 1412 475 quia
1428 448 1447 469 si
1464 447 1562 469 addatur
1573 447 1715 475 distributio,
1727 447 1851 469 confundet
1862 447 1927 469 illum

1082 487 1207 508 terminum
1224 492 1267 514 pro
1284 486 1393 508 omnibus
1409 494 1430 514 n,
1449 487 1510 508 hunc
1527 492 1621 508 sensum
1639 486 1736 508 habent:
1753 487 1772 508 si
1790 486 1882 508 additur
1899 486 1927 508 si-

1082 530 1155 552 gnum
1167 523 1243 547 omnis
1255 525 1352 546 termino
1365 524 1444 552 homo,
1458 527 1513 547 tunc
1524 524 1648 547 confundet
1673 526 1686 546 i.
1699 531 1719 546 e.
1731 524 1853 547 distribuet
1863 524 1927 546 illum

1083 564 1214 591 terminum,
1227 564 1256 585 ita
1267 566 1293 586 ut
1303 563 1435 586 verificetur
1446 564 1475 586 de
1487 563 1596 586 omnihus
1614 563 1759 592 hominibus;
1778 565 1796 586 si
1813 569 1869 586 vero
1886 566 1928 585 ter-

1083 603 1159 624 minus
1176 601 1246 625 homo
1263 603 1409 631 restringitur
1420 609 1462 631 per
1475 602 1558 630 albus,
1571 605 1625 625 tunc
1636 609 1680 625 non
1701 611 1710 623 ιι
1723 603 1874 625 confunderet
1885 603 1928 625 nisi

1083 646 1126 669 pro
1138 640 1196 663 albis
1212 641 1346 663 hominibus
1358 649 1379 663 1>.
1391 653 1423 657 —
1434 641 1476 663 Pro
1493 641 1640 669 intelligentia
1658 642 1817 669 applicationis
1833 643 1928 670 quartae

1083 679 1177 707 regulae
1193 683 1228 701 est
1244 679 1382 708 notandum,
1401 680 1464 708 quod
1481 683 1515 702 est
1531 680 1615 708 duplex
1627 680 1705 702 relatio
1718 680 1860 707 pronominis
1871 679 1929 701 rela-

1083 719 1124 740 tivi
1141 718 1170 740 ad
1187 724 1256 740 suum
1274 724 1370 747 nomen,
1388 719 1436 740 scil.
1453 719 1532 741 relatio
1548 717 1651 748 simplem
1673 718 1709 740 vel
1729 717 1869 747 personalis.
1887 718 1929 739 Per

1083 757 1216 779 relationem
1233 755 1364 786 simplicem
1386 763 1515 784 pronomen
1532 757 1654 779 relativum
1679 757 1743 785 ((1111,
1767 762 1838 785 quae,
1856 755 1928 784 quod)

1084 801 1129 817 non
1146 796 1244 818 refertur
1261 795 1290 817 ad
1307 795 1369 818 idem
1387 802 1484 818 numero
1502 795 1639 817 antecedens
1656 796 1705 817 sive
1723 795 1751 817 ad
1769 794 1830 816 idem
1842 800 1930 822 suppo-

1083 835 1166 863 situm,
1183 834 1243 857 hene
1259 841 1316 857 vero
1333 841 1375 863 per
1387 835 1520 857 relationem
1529 834 1687 864 personalem.
1700 834 1847 862 Exemplum:
1865 842 1874 853 τι
1884 834 1928 855 11111-

1084 874 1125 895 lier
1142 873 1272 902 damnavit,
1291 880 1350 903 quae
1367 874 1476 902 salvavit3
1490 882 1500 894 »
1521 875 1557 896 1110
1574 873 1695 895 relativum
1713 879 1773 902 qaae
1790 872 1860 895 habet
1875 873 1930 894 rela-

1084 913 1170 935 tionem
1187 914 1330 941 simplicem,
1351 919 1396 935 non
1413 913 1572 941 personalem,
1590 913 1643 941 quia
1661 913 1703 934 alia
1715 912 1839 934 mulierum
1851 917 1928 939 perso-

1085 958 1114 974 na
1139 951 1272 980 damnavit,
1291 958 1375 980 nempe
1392 953 1450 980 Eva,
1468 952 1510 974 alla
1527 952 1638 979 salvavit,
1657 951 1704 974 scil.
1731 951 1765 973 Ss.
1791 951 1863 978 Virgo
1887 950 1930 972 Ma-

1084 992 1124 1013 ria.
1142 991 1208 1013 Unde
1225 991 1247 1013 S.
1264 991 1349 1013 Doctor
1369 993 1430 1013 reete
1448 991 1576 1019 concludit,
1599 990 1661 1019 quod
1678 991 1700 1012 in
1718 990 1777 1012 illata
1803 989 1931 1011 obiectione

1084 1031 1119 1051 est
1134 1028 1216 1059 fiyura
1232 1028 1341 1052 dictionis
1358 1030 1371 1051 i.
1390 1036 1409 1051 e.
1427 1029 1513 1051 fallacia
1531 1029 1621 1057 figurae
1637 1029 1756 1057 dictionis,
1783 1029 1836 1057 quia
1853 1028 1932 1050 termi-

1085 1074 1128 1090 nus
1145 1068 1245 1090 sumitur
1261 1067 1305 1090 sub
1322 1068 1414 1090 diversa
1432 1068 1598 1096 suppositione.
1616 1067 1648 1089 De
1666 1068 1709 1089 hoc
1726 1067 1791 1096 plura
1803 1066 1858 1089 vide
1870 1066 1926 1088 dub.

1085 1107 1106 1128 3.
1124 1107 1193 1129 huius
1210 1106 1270 1134 dist.‚
1282 1107 1343 1129 Alex.
1356 1107 1413 1135 Hal.‚
1427 1113 1450 1135 p.
1468 1107 1482 1128 l.
1500 1113 1522 1135 q.
1540 1106 1577 1128 50.
1595 1113 1625 1128 m.
1644 1106 1665 1128 3.
1683 1113 1702 1128 a.
1715 1106 1762 1134 23
1783 1105 1803 1128 4.
1824 1105 1931 1127 Richard.

1084 1153 1097 1168 a
1114 1146 1180 1175 Med„
1198 1147 1235 1169 hic
1251 1153 1273 1175 q.
1292 1147 1313 1168 ¹1.

1147 1185 1178 1207 ill.
1196 1185 1279 1208 Contra
1297 1186 1474 1213 applicationem
1486 1186 1565 1208 tertiae
1576 1184 1670 1213 regulae
1682 1184 1711 1206 ad
1723 1184 1797 1206 Deum
1809 1186 1933 1206 moverunt

1084 1224 1192 1247 subtilem
1209 1224 1366 1246 difficultatem
1382 1224 1484 1246 Durand.
1502 1224 1549 1252 (hic
1565 1231 1587 1252 q.
1598 1224 1637 1252 2.),
1654 1223 1753 1251 AureoL,
1771 1222 1867 1245 Bruliser
1879 1222 1932 1248 (hoc

1086 1264 1146 1292 1000)
1164 1264 1247 1292 aliique
1265 1264 1404 1291 posteriores
1431 1263 1571 1286 Scholastici.
1589 1263 1676 1291 Negant
1698 1263 1766 1290 enim,
1788 1262 1852 1291 quod
1869 1261 1932 1284 Dens

1084 1303 1113 1324 sit
1129 1303 1223 1330 proprie
1241 1303 1352 1324 terminus
1368 1302 1491 1330 singularis
1501 1320 1506 1330 ,
1524 1308 1577 1324 curn
1595 1302 1671 1330 aliquo
1689 1301 1759 1323 modo
1771 1302 1799 1323 sit
1810 1302 1878 1323 etiam
1891 1304 1932 1322 ter-

1085 1342 1162 1363 minus
1179 1342 1322 1369 communis,
1340 1341 1404 1370 quod
1421 1342 1490 1364 etiam
1507 1342 1529 1363 S.
1547 1341 1633 1363 Bonav.
1651 1341 1717 1368 (infra
1735 1347 1757 1369 q.
1772 1340 1802 1369 4.)
1820 1340 1931 1362 concedit.

1086 1380 1140 1402 lnde
1157 1380 1304 1408 concludunt,
1317 1381 1499 1408 propositionem
1511 1385 1516 1402 2
1534 1380 1595 1402 Deus
1607 1386 1651 1402 non
1664 1383 1757 1408 generat
1769 1380 1851 1407 Deum,
1864 1385 1932 1407 posse

1085 1418 1188 1441 concedi.
1205 1418 1350 1441 Probatiores
1367 1425 1423 1441 vero
1441 1419 1556 1447 theologi,
1574 1421 1599 1441 ut
1615 1419 1637 1440 S.
1657 1419 1758 1440 Thomas
1777 1418 1808 1446 (S.
1822 1418 1836 1440 l.
1854 1424 1876 1446 q.
1895 1418 1931 1439 39.

1085 1465 1105 1481 a.
1124 1458 1145 1480 4.
1162 1458 1193 1480 ad
1210 1458 1248 1487 3.)‚
1268 1458 1374 1480 Richard.
1394 1458 1439 1486 (hic
1457 1465 1478 1486 q.
1498 1458 1528 1486 1.)
1546 1458 1630 1486 aliique
1647 1464 1701 1480 cum
1713 1460 1791 1479 nostro
1809 1457 1933 1485 Seraphico

1086 1497 1132 1525 (hic
1149 1496 1178 1519 ad
1196 1496 1227 1525 3.)
1245 1497 1383 1519 locutionem
1401 1497 1459 1519 hanc
1476 1500 1537 1519 recte
1554 1496 1693 1524 improbant.
1712 1496 1756 1519 Cir.
1772 1495 1892 1518 Caietanus
1904 1494 1933 1517 ad

1086 1536 1128 1558 loc.
1147 1536 1169 1558 S.
1188 1536 1291 1558 Thomae
1308 1536 1345 1558 cit.

1148 1574 1184 1596 lV.
1203 1574 1284 1602 Quoad
1293 1575 1433 1603 quaestionis
1445 1574 1582 1596 solutionem
1594 1580 1674 1596 omnes
1686 1574 1773 1602 antiqui
1785 1573 1932 1595 conveniunt.

1086 1613 1131 1636 Csr.
1150 1614 1172 1636 S.
1190 1614 1284 1642 Bonam,
1302 1614 1361 1636 infra
1378 1613 1400 1636 d.
1418 1614 1440 1636 9.
1458 1620 1480 1642 q.
1499 1614 1519 1635 sl.
1537 1626 1569 1630 —
1584 1614 1645 1636 Alex.
1663 1613 1719 1641 Hal.‚
1737 1613 1759 1634 S.
1777 1619 1800 1641 p.
1817 1613 1832 1634 l.
1856 1618 1877 1640 q.
1895 1611 1932 1633 50.

1086 1659 1117 1675 m.
1136 1653 1157 1675 3.
1176 1659 1196 1675 a.
1214 1653 1235 1674 2.
1253 1652 1266 1681 (5
1287 1653 1305 1674 l.
1318 1651 1339 1674 4.
1351 1664 1383 1668 —-
1400 1653 1472 1681 Scot,
1490 1653 1527 1674 hic
1544 1659 1566 1681 q.
1586 1653 1606 1674 l.
1625 1652 1653 1674 ad
1667 1653 1687 1674 1.
1699 1652 1764 1674 —S.
1783 1652 1877 1679 Thom.⁷
1895 1652 1932 1673 hic

1086 1698 1109 1720 q.
1128 1692 1148 1713 1l.
1176 1692 1202 1720 2;
1220 1691 1242 1713 S.
1260 1691 1275 1713 1.
1293 1697 1315 1720 q.
1334 1691 1370 1713 39.
1388 1697 1408 1713 a.
1427 1690 1448 1713 4.
1464 1703 1496 1707 —
1513 1691 1536 1713 Β.
1554 1691 1653 1719 Alhert„
1672 1692 1709 1713 1110
1726 1697 1746 1713 a.
1765 1691 1786 1713 6.
1803 1691 1830 1717 7;
1843 1691 1872 1713 (10
1890 1692 1932 1712 hac

1086 1733 1108 1752 et
1125 1736 1190 1759 seqq.
1208 1736 1259 1758 qq.⁷
1277 1730 1299 1751 S.
1317 1736 1340 1757 p.
1358 1730 1372 1751 1.
1390 1732 1417 1752 ι1,
1437 1730 1472 1751 Ἰ13.
1490 1736 1512 1758 q.
1530 1729 1567 1751 51.
1585 1741 1617 1746 -
1633 1730 1691 1751 Petr.
1709 1736 1721 1751 a
1739 1730 1800 1757 Tan,
1818 1730 1854 1751 hic
1871 1735 1893 1758 q.
1911 1729 1932 1751 2.

1086 1776 1104 1791 a.
1125 1770 1144 1791 l.
1161 1771 1183 1791 et
1199 1769 1220 1791 3.
1232 1781 1264 1785 —
1275 1768 1381 1791 Richard.
1399 1775 1412 1791 a
1429 1769 1501 1796 Med,
1521 1769 1558 1790 hic
1574 1775 1596 1797 q.
1616 1774 1636 1790 1.
1648 1780 1680 1784 -
1691 1768 1765 1796 AEgid.
1782 1768 1822 1796 it,
1843 1768 1872 1789 de.
1890 1768 1933 1789 hac

1086 1811 1109 1830 ct
1124 1814 1173 1837 seq.
1191 1814 1213 1837 q.
1230 1808 1267 1830 hic
1285 1808 1306 1830 2.
1323 1808 1396 1835 princ.
1414 1814 1436 1836 q.
1454 1808 1528 1829 unica.
1546 1819 1578 1823 —
1599 1807 1667 1829 Henr.
1692 1807 1764 1829 Gand.
1775 1825 1780 1835 ,
1798 1807 1827 1829 de
1844 1807 1887 1828 hac
1911 1808 1934 1828 et

1086 1853 1151 1876 seqq.
1168 1854 1214 1876 qq.‚
1227 1847 1249 1869 S.
1267 1853 1287 1869 a.
1305 1846 1342 1869 54.
1361 1853 1383 1875 q.
1401 1847 1422 1869 3.
1439 1859 1471 1863 -
1487 1846 1602 1874 Durand.,
1620 1846 1649 1868 de
1666 1847 1709 1868 hac
1726 1848 1748 1868 ει
1764 1852 1828 1874 seqq.
1846 1852 1884 1874 qq.
1897 1846 1933 1867 hic

1085 1892 1107 1915 q.
1121 1887 1142 1908 2.
1154 1886 1289 1913 —Dionys
1307 1885 1391 1914 Carth„
1409 1885 1439 1908 de
1456 1886 1499 1908 hac
1516 1888 1538 1908 et
1554 1892 1619 1914 seqq.
1638 1892 1676 1914 qq.
1695 1886 1732 1907 1110
1749 1892 1772 1914 q.
1791 1885 1811 1907 2.
1828 1897 1861 1901 —
1876 1885 1930 1913 Biel,

1086 1924 1115 1946 de
1132 1925 1175 1946 hac
1192 1928 1214 1947 et
1230 1931 1278 1953 seq.
1297 1931 1319 1953 q.
1337 1925 1374 1946 hic
1390 1931 1413 1953 q.
1432 1925 1452 1946 l.

917 2001 1127 2039 QUAEsrlo
1159 2002 1198 2030 11.

527 2088 632 2116 Utrum
653 2087 772 2116 admitti
789 2087 881 2125 possit
902 2086 972 2116 liaec
993 2087 1112 2116 locutio.-
1134 2087 1213 2115 Deus·
1231 2090 1354 2124 peperat
1373 2087 1467 2115 aliam
1489 2087 1591 2119 Deam.

263 2174 390 2203 Secundo
411 2174 573 2211 quaeritur,
594 2176 693 2202 utrum
713 2173 807 2202 unitas
826 2173 962 2203 essentiae
984 2173 1031 2202 ad-

185 2221 277 2250 mittat
308 2221 394 2249 hanc:
423 2221 498 2249 Deus
519 2224 634 2258 generat
654 2221 741 2249 alium
762 2221 860 2250 Deum.
893 2221 925 2249 Et
954 2220 1030 2257 quod

186 2275 256 2302 non,
278 2267 398 2296 videtur.

268 2315 292 2342 1.
319 2314 465 2342 Anselmus
497 2314 531 2342 de
553 2314 729 2343 Processione
760 2313 880 2351 Spiritus
908 2313 1029 2342 sancti¹:

48 2365 182 2384 Fundamenta·
195 2361 284 2389 «Cum
300 2360 419 2389 dicimus
439 2360 528 2389 Deum
545 2360 579 2389 de
593 2360 663 2395 Deo,
677 2368 733 2388 non
747 2360 929 2397 intelligimus
944 2359 1032 2387 alium

186 2408 296 2442 Deum,
318 2407 366 2435 sed
387 2407 508 2436 eundem
530 2407 565 2436 de
586 2414 616 2435 se
637 2406 736 2444 ipso».

267 2455 293 2482 ⁹2.
314 2454 398 2488 Item,
419 2454 442 2482 si
473 2454 568 2491 genuit
598 2454 686 2482 alium
716 2453 822 2488 Deum3
844 2453 892 2482 sed
913 2453 962 2481 uhi
990 2455 1032 2481 est

189 2509 264 2530 unus
284 2504 311 2529 et
331 2501 418 2535 alius,
439 2501 477 2529 ibi
498 2504 563 2529 sunt
584 2501 655 2529 duo:
678 2508 745 2538 ergo
766 2501 789 2529 si
810 2500 905 2537 genuit
925 2500 1031 2534 alium,

189 2551 255 2576 sunt
276 2548 332 2576 duo
354 2548 400 2576 dii.

269 2594 294 2622 3.
316 2594 396 2628 Item,
417 2594 489 2623 alius
511 2594 577 2623 dicit
596 2594 736 2623 alietatem
756 2595 784 2622 in
805 2594 943 2631 generali:
966 2601 1033 2630 ergo

189 2649 254 2671 cum
276 2641 405 2678 generale
419 2641 594 2678 specificetur
608 2649 658 2678 per
673 2641 846 2675 adiunctum,
860 2641 913 2669 1100
932 2648 1033 2669 0001011

1086 2173 1164 2202 Deus
1185 2172 1326 2210 specificat
1351 2173 1460 2210 ipsum;
1491 2173 1540 2202 sed
1562 2173 1585 2201 si
1607 2172 1762 2210 specificat,
1794 2172 1935 2209 specificat

1087 2220 1194 2248 ratione
1214 2219 1334 2248 formae:
1357 2227 1424 2256 ergo
1445 2222 1559 2248 notatur
1574 2220 1671 2248 alietas
1693 2220 1720 2247 in
1741 2219 1845 2247 forma:
1867 2227 1934 2256 ergo

1087 2274 1143 2294 non
1174 2269 1216 2294 est
1246 2266 1419 2295 admittenda
1450 2266 1513 2295 talis
1535 2266 1653 2301 locutio,
1679 2274 1744 2295 cum
1766 2274 1820 2295 non
1841 2266 1876 2295 sit
1897 2266 1935 2294 ibi

1087 2313 1184 2341 alietas
1206 2312 1233 2340 in
1255 2313 1353 2341 forma.

1167 2359 1219 2387 SED
1241 2367 1363 2387 CONTRA:
1389 2360 1413 2387 1.
1445 2359 1590 2387 Generatio
1621 2359 1753 2395 importat
1784 2358 1974 2389 distinctio-Aa
1989 2371 2066 2394 opposi-

1088 2414 1153 2435 nem
1166 2406 1185 2440 ²3
1207 2406 1256 2434 sed
1277 2405 1416 2434 distinctio
1438 2405 1577 2434 alietatem
1598 2405 1736 2442 aliquam:
1759 2413 1825 2441 ergo
1844 2408 1871 2433 et
1892 2413 1935 2442 ge—

1089 2452 1208 2486 nerati03
1230 2460 1296 2489 ergo
1317 2452 1339 2480 si
1361 2452 1429 2481 haec
1451 2455 1492 2481 est
1514 2460 1594 2480 vera:
1617 2452 1692 2480 Deus
1713 2451 1809 2488 genuit
1829 2451 1934 2486 Deum,

1090 2502 1117 2528 et
1138 2499 1206 2527 haec
1227 2506 1277 2535 per
1299 2506 1485 2535 consequens:
1517 2498 1591 2527 Deus
1623 2498 1803 2534 distinguitur
1825 2506 1841 2525 a
1861 2498 1934 2532 Deo,

1091 2546 1135 2575 vel
1157 2546 1252 2582 genuit
1272 2545 1359 2573 alium
1381 2545 1479 2573 Deum.
1502 2545 1536 2574 Si
1555 2545 1652 2578 dicas,
1674 2545 1749 2582 quod
1770 2552 1824 2572 non
1840 2552 1936 2581 sequa-

1090 2595 1150 2627 tur,
1165 2593 1231 2629 quia
1246 2599 1379 2628 generare
1394 2591 1526 2628 importat
1540 2591 1744 2620 distinctionem
1759 2594 1790 2619 ut
1804 2591 1934 2624 modum,

1091 2639 1140 2667 sed
1162 2638 1294 2674 distingui
1325 2638 1369 2666 vel
1401 2645 1461 2666 esse
1482 2637 1569 2665 alium
1598 2640 1629 2666 ut
1650 2645 1729 2671 reim
1758 2641 1877 2665 contra:
1899 2637 1935 2665 ad

254 2750 262 2764 1
280 2749 334 2778 Cap.
353 2749 400 2771 241
417 2749 473 2771 Nam
491 2755 544 2771 cum
561 2749 660 2772 dicimus
676 2750 749 2773 Deum
767 2751 796 2773 de
818 2751 880 2778 Deo,
909 2751 988 2772 Filium
1006 2749 1035 2772 de

192 2789 268 2817 Patre,
287 2795 330 2811 non
348 2788 418 2810 alium
436 2788 582 2815 intelligimus
599 2788 672 2810 Deum
690 2789 719 2811 de
735 2789 783 2811 Dco
801 2789 844 2811 alio
855 2807 860 2817 ,
878 2789 918 2811 sed
935 2789 1035 2811 eundem

191 2828 268 2855 ipsum
280 2827 353 2849 Deum
365 2826 395 2848 de
406 2826 488 2848 eodem
500 2827 551 2854 ipso
562 2826 616 2848 Deo.
626 2838 657 2842 —
667 2826 738 2849 Codd.
751 2833 804 2849 cum
817 2827 867 2849 Vat.
880 2827 935 2849 salso
948 2829 1037 2854 ponunt

193 2865 217 2888 in
233 2865 363 2895 Prostoyio.

255 2905 264 2918 ²
281 2904 336 2926 Nam
354 2907 379 2926 ut
395 2906 425 2926 ait
441 2904 539 2931 Ariston,
551 2904 573 2925 ll.
587 2903 616 2925 de
633 2904 725 2932 Anima,
738 2906 788 2925 text.
803 2903 839 2925 47.
858 2904 886 2932 (c.
910 2903 954 2931 4.):
966 2904 1036 2925 Gene-

1092 2751 1126 2771 rat
1142 2751 1219 2770 autem
1231 2748 1285 2769 nihil
1297 2748 1374 2775 ipsum
1392 2753 1416 2769 se
1428 2747 1513 2774 ipsum.
1530 2758 1562 2762 -—-
1573 2746 1605 2768 De
1616 2747 1774 2774 propositione
1786 2747 1875 2768 minore
1887 2747 1935 2768 Ari-

1092 2790 1154 2814 ειοι.7
1172 2786 1345 2813 X1V.Metaph.
1363 2792 1382 2808 c.
1405 2786 1425 2808 3.
1452 2786 1516 2811 (Xlll.
1544 2791 1563 2807 c.
1593 2785 1634 2813 l.):
1658 2785 1760 2807 Alterum
1786 2785 1934 2813 (contrarium

1092 2828 1134 2853 est.)
1152 2825 1239 2852 eidem,
1258 2827 1280 2846 et
1296 2824 1358 2846 aliud
1375 2825 1417 2852 ipsi
1435 2821 1523 2853 (αὐτῷ).
1535 2836 1567 2839 -
1578 2824 1600 2845 10
1618 2824 1660 2846 hac
1672 2824 1829 2851 propositione
1847 2825 1935 2845 minore

1093 2865 1143 2887 Vat.
1161 2865 1182 2886 et
1198 2864 1248 2885 loco
1265 2862 1312 2891 sed,
1332 2863 1475 2885 obstantibus
1493 2869 1547 2885 mss.
1565 2865 1587 2885 et
1603 2863 1639 2884 ed.
1662 2863 1678 2884 1.
