2253 3317
756 170 789 199 IN
810 169 971 198 LIABRUM
993 167 1252 198 SENTENTuRUM.

130 249 190 274 liber
205 249 289 280 fratris
307 250 471 273 Bonorenture
482 255 554 279 supet·
570 249 674 278 primuni
694 248 780 271 librum
798 247 976 271 sententiarum.

131 296 178 319 Deo
186 295 285 326 gratias.
295 296 403 324 Sequitur
414 294 501 322 tabula,
514 301 573 324 quae
585 295 698 323 percurrit
706 300 779 325 usque
791 293 820 316 ad
832 294 869 316 sol.
883 292 934 315 141.
945 298 976 320 xz,

130 342 204 365 tribus
216 343 329 365 columnis
341 342 458 370 disposita.
475 354 508 359 -—
522 341 637 364 Correctio
655 341 741 364 codicis
757 347 769 363 a
785 340 864 370 prima
877 341 912 362 vel
925 346 978 368 sup-

130 388 179 416 pari
197 394 265 410 manu
284 389 340 410 sacta
353 391 387 410 est
404 390 490 411 tantum
503 388 579 417 quoad
593 388 691 416 primam
708 390 808 416 partem;
825 387 977 409 correctiones

130 440 186 456 vero
204 441 216 456 a
233 434 331 457 diversis
347 434 455 457 manibus
472 434 603 456 recentioris
615 434 699 456 saeculi
717 434 797 456 tamin
812 433 894 461 prima,
906 438 976 461 quam

129 482 152 503 in
170 481 270 504 secunda
282 484 346 510 parte
359 482 512 504 inveniuntur.
525 482 641 509 Scriptura
654 481 713 503 clara
725 481 774 509 ipse
786 481 872 503 excellit
884 483 906 503 ct
918 479 978 502 codi-

130 526 195 550 cibus
208 526 281 550 bonae
298 530 364 550 notae
380 527 567 550 annumerandus
582 527 706 555 est..Sign.
723 532 757 549 ee.

198 575 231 597 13.
248 574 351 605 Lipsiae,
370 574 474 598 biblioth.
495 575 598 603 Paulina,
622 574 673 597 cod.
699 574 757 597 491..
769 573 867 596 membr.
888 574 910 596 in
933 573 978 601 101.,

131 628 190 653 saec.
214 622 274 644 XlV.
296 623 381 644 ineunt.
406 622 484 650 Incipit
505 622 542 644 tol.
564 622 582 644 1.
599 628 617 644 r.
636 621 678 643 col.
699 621 726 643 t:
747 619 872 650 Profunda
894 619 978 650 fluvio-

131 675 195 692 rum.
212 669 234 691 111
253 668 308 691 line:
326 667 430 698 Emptteit
445 668 539 697 primus
556 667 614 691 liber
624 667 796 700 semitoniorum
813 668 978 690 Bonaventme

128 715 215 745 fratris
231 714 338 738 minoris.
357 715 434 737 Postea
452 715 556 743 sequitur
572 714 648 737 tabula
671 715 845 743 quaestionum,
867 714 896 736 ad
913 714 979 736 cuius

132 763 217 785 calcem
230 762 313 785 iterum
325 762 446 790 repetitur:
464 760 569 791 Eoeplicit
581 760 639 784 liber
654 761 748 791 111-1111113
758 760 843 790 fratris
859 761 979 784 Bonnven-

132 810 185 832 lure
201 808 229 831 cte
247 808 335 832 Ordine
350 807 457 837 frati-itm
474 808 608 836 minorum,
628 807 669 831 sed
684 807 798 838 Magister
814 807 899 830 Petrus
913 807 979 830 Lom-

132 854 229 884 bardas,
248 855 379 885 Episcopus
390 854 540 883 Pnrisiensis,
554 856 607 878 erat
621 855 706 879 auctor
719 854 867 885 principalis.
878 866 911 871 --
921 854 979 877 luter

132 902 232 930 optimos
249 902 341 925 codices
357 906 391 925 est
407 902 569 925 recensendus.
588 902 703 924 Peculiare
719 902 792 930 ipsius
808 903 853 929 est,
871 900 935 930 quod
957 901 979 923 in

132 948 239 978 pluribus
250 948 406 971 additionibus
422 951 464 971 cte.
482 949 657 977 consentitcum
674 948 794 971 codicibus
813 948 981 971 Oxoniensibus

133 1001 186 1018 mox
204 995 336 1018 referendis.
353 995 416 1023 Siga.
434 995 458 1017 Z.
977 1019 979 1021 ¹

201 1041 233 1065 14..
250 1041 388 1070 Mediolani,
408 1041 511 1064 biblioth.
521 1041 682 1070 Ambrosiana,
699 1041 750 1064 cod.
768 1042 781 1064 1.
800 1042 837 1064 95.
854 1042 926 1071 insen,
940 1045 980 1065 tra-

130 1089 195 1112 ditus
211 1096 238 1112 cx
255 1089 330 1117 legato
347 1088 480 1111 Bernardini
493 1088 592 1117 Ferrari,
610 1088 655 1111 vu.
672 1088 725 1111 idus
737 1090 833 1111 martius
854 1089 922 1117 1830,
939 1088 979 1111 sed

131 1136 188 1159 olim
204 1136 246 1158 fuit
262 1135 373 1158 Francisci
390 1135 539 1164 Petrai-chae,
557 1138 638 1164 poetae
658 1136 785 1158 clarissimi.
803 1136 882 1166 incipit
899 1136 936 1158 101.
959 1136 980 1158 3.

102 1187 106 1192 ’
133 1185 188 1205 rect.
201 1183 223 1205 in
236 1188 309 1211 marg.
321 1187 413 1210 super.:
426 1181 510 1205 Sancti
519 1181 624 1211 Spiritus
636 1181 698 1205 adsit
708 1181 768 1205 mihi
782 1182 869 1212 qratia.
890 1183 978 1210 Amen,

133 1230 221 1258 Amen,
234 1229 316 1253 Amen.
329 1229 442 1252 Subinde:
454 1228 579 1258 Profunda
590 1228 720 1258 fluviorum
732 1232 774 1251 etc.
786 1229 917 1251 Desinitsol.
931 1228 980 1251 194.

134 1283 157 1299 v.
169 1276 212 1299 col.
226 1277 234 1299 ·l
244 1282 250 1298 z
262 1276 309 1299 Hei:
325 1277 382 1299 sunt
392 1275 481 1305 scripta
501 1275 586 1305 fratris
603 1276 769 1300 Bonan-entare
784 1281 859 1305 snpra
873 1274 981 1305 primum

134 1322 312 1347 sententiarum.
335 1323 444 1352 Sequitur
465 1323 580 1345 indiculus
605 1323 766 1352 quaestionum
789 1322 818 1345 ab
843 1323 885 1345 alia
911 1328 980 1344 manu

134 1370 250 1393 consectus
259 1376 318 1392 saec.
328 1369 382 1392 Xlll.
392 1381 424 1386 —
432 1369 509 1392 Codex
518 1370 812 1399 0510005011111115,11101110
823 1369 900 1392 adhuc
911 1369 981 1391 Bona-

133 1420 238 1439 ventura.
255 1415 331 1439 Codex
348 1415 434 1445 bonus,
451 1415 599 1444 distinguitur
609 1415 685 1439 studio
702 1415 840 1438 emendandi
856 1416 981 1438 locutiones

133 1469 217 1492 parum
229 1463 319 1485 Latinas
335 1466 357 1486 et
368 1463 502 1491 pracsertim
520 1463 541 1485 in
555 1462 599 1485 fine
611 1463 772 1492 quaestionum
785 1462 921 1491 plerumque
933 1462 982 1484 aliis

133 1509 213 1532 verbis
229 1510 382 1532 conclusionis
399 1510 475 1532 utitur.
493 1510 556 1538 Sign.
574 1510 601 1532 V.

199 1556 235 1578 15.
251 1555 383 1584 ΜοηασΙιὶἱ,
402 1555 506 1578 biblioth.
518 1555 589 1583 Regia
600 1574 605 1584 ⁷
618 1555 642 1578 C.
654 1555 678 1577 L.
693 1556 720 1578 Μ.
733 1555 801 1578 8079.
819 1556 889 1577 chart.
902 1556 924 1577 in
937 1555 981 1583 101.,

135 1609 194 1625 saec.
212 1603 255 1625 XV
265 1621 270 1630 ,
288 1603 447 1631 complectitur
463 1606 550 1626 tantum
562 1602 633 1625 dubia
645 1603 746 1625 litteralia
758 1602 848 1625 Domini
866 1602 983 1624 [101101011-

135 1652 199 1673 turae
216 1656 287 1678 super
309 1652 407 1678 quatuor
423 1649 493 1672 libros
515 1651 689 1676 sententiarum,
712 1653 737 1672 ut
762 1650 844 1678 legitur
870 1649 906 1672 [01.
929 1648 982 1671 2111.

135 1703 153 1719 r.
170 1697 193 1719 in
210 1702 284 1724 marg.
310 1702 387 1724 super.
405 1695 507 1718 Subinde
532 1697 611 1724 incipit
635 1696 677 1719 col.
701 1696 729 1718 l:
746 1695 869 1725 Cupientes
893 1695 984 1726 aliquid

133 1741 162 1765 de
178 1741 279 1772 penuria
297 1745 339 1764 ctc.
357 1741 404 1765 Sed
419 1741 529 1771 quei-itin·
545 1741 573 1765 cle
597 1741 641 1765 hoc
657 1741 721 1772 quod
741 1742 808 1765 dicit:
830 1748 889 1772 opus
913 1748 984 1772 apere

134 1788 338 1819 presumpsimus;
354 1787 395 1811 sed
412 1787 557 1818 presumptio
577 1789 611 1811 est
626 1789 757 1821 peccatum.
778 1788 864 1811 Desinit
875 1788 912 1811 sol.
930 1788 982 1811 279.

136 1843 154 1859 r.
167 1836 209 1859 col.
223 1836 247 1858 l:
266 1835 291 1858 in
303 1841 383 1858 omnes
405 1835 568 1865 macerationes
587 1835 661 1858 seculi
680 1835 823 1859 seculorum.
842 1836 923 1858 Amen.
939 1835 984 1858 Deo

136 1883 235 1913 qratia-5.
254 1882 358 1912 Eoeplz'cit
374 1882 534 1911 conscriptam
551 1881 642 1905 domini
666 1882 832 1905 Βοῖιιηιηιτιιιν.υ
857 1881 921 1905 circa
938 1882 984 1911 pri—

136 1937 203 1954 mum
219 1930 247 1954 de
264 1928 448 1953 dubitationibus
473 1928 620 1952 litteralibus.
632 1941 663 1946 —
680 1928 784 1952 Continet
805 1931 892 1951 tantum
914 1928 984 1951 dubia

137 1977 197 1999 circa
213 1977 310 1998 litteram
327 1975 434 2004 Magistri.
451 1976 514 2003 Sign.
532 1975 571 1997 dd.

206 2022 238 2044 16.
251 2022 273 2044 ln
287 2021 368 2044 eadem
381 2021 492 2050 biblioth.,
505 2021 555 2044 cod.
568 2022 604 2045 lat.
621 2021 701 2044 14086.
713 2021 812 2044 membr.
825 2022 846 2044 in
865 2022 913 2050 sol.,
925 2027 985 2044 saec.

139 2069 194 2097 xiii,
214 2071 304 2091 exeunt.
322 2068 401 2095 incipit
416 2070 439 2090 et
456 2067 537 2091 desinit
554 2071 579 2091 ut
595 2069 617 2090 in
635 2068 708 2091 editis.
725 2080 757 2085 —-
773 2068 955 2092 Praescindendo
973 2075 984 2091 a

138 2115 216 2137 multis
227 2113 390 2136 omissionibus
407 2116 428 2135 et
444 2113 544 2142 mendis,
563 2120 622 2143 quae
639 2114 661 2136 in
679 2113 798 2137 codicibus
810 2120 853 2136 non
865 2114 925 2137 bene
936 2121 986 2137 cor-

138 2162 207 2184 rectis
215 2161 369 2184 communiter
377 2161 531 2189 inveniuntur,
541 2163 625 2183 textum
635 2162 761 2189 genuinum
770 2161 867 2193 exhibet.
877 2162 940 2191 Siga.
949 2162 985 2184 W.

207 2208 240 2230 17.
253 2208 274 2230 111
287 2207 368 2230 eadem
381 2206 491 2235 biblioth„
507 2207 558 2229 cod.
577 2207 613 2230 lat.
635 2207 715 2229 18344.
733 2208 804 2230 chart.
820 2209 842 2230 in
860 2208 908 2235 101.,
926 2214 985 2231 saec.

140 2255 190 2277 XV.
204 2254 355 2277 Praemittitur
372 2253 448 2276 tabula
466 2253 648 2282 distinctionum,
661 2253 744 2277 deinde
761 2255 850 2283 inprit:
863 2254 985 2284 Profunda

138 2301 276 2332 fluviorum.
294 2301 378 2324 Desinit
389 2301 426 2323 101.
438 2301 491 2323 287.
503 2308 525 2323 v.
538 2302 579 2324 col.
592 2302 613 2324 2.
622 2314 653 2318 —
662 2301 774 2325 Convenit
785 2302 921 2332 plerumque
933 2309 985 2325 011111

138 2349 238 2378 antiquis
254 2347 384 2376 codicibus,
402 2348 443 2371 sed
460 2351 508 2370 tum
526 2348 650 2376 glossando
662 2349 727 2377 plura
739 2349 814 2377 addit,
826 2352 875 2372 tum
892 2350 987 2372 locutio-

137 2402 179 2418 nes
196 2395 265 2424 paulo
281 2395 420 2423 incongruas
435 2395 560 2417 emendare
578 2396 662 2418 nititur.
679 2396 743 2424 Sign.
761 2396 789 2418 X.

206 2443 239 2464 18.
256 2441 344 2466 Montis
362 2441 464 2470 Cassini,
484 2441 586 2464 biblioth.
604 2442 746 2471 monasterii,
764 2443 816 2466 cod.
842 2443 941 2466 membr.
963 2444 986 2466 in

140 2488 188 2515 sol.,
207 2494 267 2510 saec.
286 2488 344 2516 Xlll,
361 2489 420 2516 sign.
447 2488 499 2510 398.
517 2488 565 2516 00„
591 2489 647 2511 alias
672 2488 724 2512 252.
750 2489 797 2512 Fol.
820 2490 840 2512 1.
864 2496 882 2512 r.
905 2496 988 2513 manus

138 2536 253 2564 :posterior
265 2535 394 2563 praemisit:
414 2535 439 2557 D.
456 2534 625 2558 Bonaventura
636 2535 660 2558 in
674 2535 783 2566 primum
796 2535 883 2559 librmn
899 2538 988 2560 senten-

137 2581 238 2604 tiarum.
251 2582 277 2603 Et
288 2587 371 2604 manus
380 2581 456 2604 adhuc
467 2583 579 2604 recentior
591 2582 620 2604 ad
632 2583 719 2605 calcem
727 2583 832 2606 eiusdem
844 2584 889 2606 10111
898 2583 988 2606 subdit:

143 2628 245 2651 Thomas
255 2627 279 2650 in
290 2627 368 2658 primo
379 2628 557 2651 sententiarum.
571 2629 661 2658 incipit:
674 2629 797 2659 Profunda
806 2630 937 2660 fluviorum
945 2634 988 2654 etc.

141 2675 239 2698 Desinit:
258 2674 363 2704 Esrplioit
375 2673 433 2698 liber
444 2674 545 2704 primus.
563 2676 671 2705 Sequitur
687 2676 755 2699 index
772 2678 940 2706 quaestionum.
949 2677 990 2701 Co-

141 2721 184 2743 dex
197 2722 304 2750 antiquus
316 2724 338 2744 et
349 2720 431 2743 bonus.
449 2721 592 2751 Quandoque
604 2722 699 2750 praebet
710 2723 817 2746 lectiones
828 2724 903 2752 magis
914 2724 991 2753 exqui-

142 2768 202 2790 sitas.
221 2768 283 2796 Siga.
303 2767 329 2790 M.

209 2815 241 2837 19.
255 2814 368 2843 Mutinae,
381 2814 482 2837 biblioth.
496 2815 602 2844 Meshan,
612 2815 662 2838 cod.
672 2816 770 2839 membr.
779 2817 802 2839 in
810 2817 856 2845 101.,
865 2823 925 2840 saec.
935 2818 990 2846 Xlll,

144 2864 234 2884 notatus
258 2868 321 2883 num.
348 2861 401 2884 974.
428 2862 472 2884 Vll.
500 2862 513 2884 1.
538 2861 573 2884 lli.
595 2862 674 2891 incipit
695 2864 731 2885 sol.
757 2864 774 2886 1.
796 2870 823 2892 r.,
851 2865 887 2887 cui
910 2871 992 2887 mamis

144 2913 203 2930 saec.
231 2907 284 2935 XV,
302 2908 401 2931 addidit:
427 2908 524 2931 Primus
540 2909 712 2933 Bonae-entare.
738 2910 795 2932 Hinc
820 2911 862 2933 col.
889 2911 915 2933 it:
935 2911 992 2934 Pro-

143 2953 218 2983 funda
236 2955 367 2984 flat-iorum
379 2959 421 2978 etc.
434 2956 456 2977 ln
475 2955 518 2978 ane
531 2956 628 2984 legitur:
646 2956 750 2986 Explicit
764 2957 822 2980 liber
830 2957 937 2987 pm'mits,
952 2958 994 2989 qui

1767 169 1878 198 Lxxvn

1033 247 1127 277 scripsit
1138 246 1333 271 estbenedictus.
1352 247 1469 270 Postremo
1486 248 1591 276 sequitur
1606 247 1695 275 tabula,
1713 253 1772 276 quae
1788 253 1879 276 percur-

1034 294 1063 316 rit
1082 300 1157 323 usque
1180 293 1209 316 ad
1230 294 1398 316 distinctionem
1420 293 1581 316 >itti—Non
1603 294 1691 322 integre
1711 294 1816 319 collatus,
1839 294 1878 316 sed

1033 340 1107 362 solum
1125 341 1146 362 in
1165 341 1244 369 paucis
1261 341 1316 363 locis
1332 340 1499 363 difficilioribus
1515 341 1637 369 inspectus.
1654 340 1717 368 Siga.
1732 341 1754 362 ii.

1097 386 1134 408 20.
1162 385 1276 416 Neapoli,
1306 386 1410 409 biblioth.
1436 386 1568 413 Nationalis,
1595 386 1645 408 cod.
1671 386 1694 408 in
1722 385 1742 408 lt.
1770 385 1880 412 membr.,

1034 438 1092 455 saec.
1112 433 1170 461 ΚΝ,
1188 433 1248 456 binis
1266 434 1379 456 columnis
1401 437 1517 461 exaratus,
1540 433 1599 461 sign.
1617 433 1662 455 Vll.
1680 433 1706 455 D.
1732 433 1768 455 28.
1792 432 1837 455 1201,
1863 434 1880 454 l.

1034 486 1052 502 r.
1077 481 1099 502 in
1125 481 1229 509 margine
1254 481 1373 509 superiore
1398 481 1491 509 legitur:
1513 479 1609 503 Prz'nz-zts
1628 479 1687 503 liber
1710 480 1881 503 sentenn'arwn

1033 526 1118 557 fratris
1134 527 1305 551 Bonavennire.
1324 528 1410 551 Deinde
1426 529 1467 551 col.
1492 529 1517 551 i:
1534 528 1658 558 Profunda
1683 528 1821 558 fluviorum.
1842 528 1882 550 111--

1034 575 1086 597 sinit
1103 577 1126 597 111
1139 576 1214 598 ceteri.
1226 574 1337 598 Convenit
1349 581 1402 598 cum
1414 576 1513 604 antiquis
1525 575 1592 598 codd.
1604 575 1706 603 Scriptor
1723 578 1798 597 autem
1811 575 1881 597 multa

1035 622 1119 649 omisit,
1137 622 1213 644 forsan
1241 624 1373 650 opportuno
1398 625 1502 650 tempore
1527 621 1709 649 conscribenda,
1734 624 1759 644 ut.
1783 621 1884 644 indicant

1035 668 1107 696 spatia
1125 674 1195 697 quam
1212 668 1319 697 plurima,
1337 675 1397 697 quae
1414 668 1490 691 adhuc.
1506 674 1580 691 vacua
1597 671 1738 696 permanent.
1756 668 1819 697 Siga.
1837 669 1861 690 N.

1098 715 1135 737 21.
1154 714 1273 743 Odon-iae,
1293 715 1396 739 biblioth.
1415 715 1508 744 Collegit
1534 716 1682 744 Balliolctisis,
1708 716 1759 739 cod.
1789 717 1842 742 133,
1861 717 1892 738 ia-

1036 761 1073 784 101.
1085 761 1197 788 membr..
1214 768 1281 784 saec..
1298 762 1356 784 XlV.
1377 763 1464 785 ineunt.
1486 763 1532 785 Fal.
1550 763 1571 785 2.
1588 769 1611 785 v.
1634 762 1663 785 ab
1686 764 1778 792 antiqua
1799 768 1883 785 manu:

1036 810 1203 833 Romi-emma
1220 816 1293 840 super
1308 810 1413 840 primum
1430 811 1451 833 et
1471 810 1608 833 secundum.
1631 809 1884 839 Commentario'prae-

1036 857 1132 880 mittitur
1149 850 1230 879 tabula>
1242 855 1322 879 ordine
1334 856 1478 885 alphabetico
1495 857 1737 885 disposita—Codex
1755 857 1829 880 bonae
1846 864 1884 879 no-

1036 906 1082 931 tae,
1099 906 1174 926 tamen
1193 903 1276 926 multas
1287 903 1378 926 exhibet
1394 903 1478 927 breves
1489 896 1618 927 additiones
1635 905 1677 933 ipsi
1695 905 1811 933 proprias,
1824 910 1883 933 quae

1036 951 1161 979 generatim
1179 953 1232 973 sunt
1248 951 1372 973 concinnae
1388 953 1411 973 et
1427 950 1509 974 bonae.
1527 951 1590 979 Siga.
1607 950 1633 973 Ο.

1099 997 1136 1020 22.
1154 996 1252 1025 Ibidem,
1271 997 1374 1020 biblioth.
1387 997 1480 1026 Collegit
1498 998 1606 1025 Lincoln.,
1623 997 1674 1020 cod.
1693 998 1730 1020 25.
1747 998 1846 1021 membr.
1862 999 1883 1020 in

1036 1045 1081 1069 sol..
1098 1051 1158 1067 saec.
1176 1045 1231 1067 Xlll.
1248 1047 1337 1067 exeunt.
1355 1044 1388 1067 Ad
1409 1044 1494 1067 calcem
1513 1045 1549 1067 101.
1564 1046 1583 1067 1.
1601 1045 1698 1073 legitur:
1715 1044 1883 1068 Bonarentwn

1036 1096 1108 1120 super
1123 1090 1229 1121 primum
1246 1092 1268 1114 et
1277 1090 1408 1114 secundum
1425 1090 1604 1114 sententiarum.
1617 1091 1703 1113 Notulis
1720 1090 1885 1119 marginalibus

1036 1140 1071 1160 est
1086 1137 1260 1159 illustratus,—
1276 1137 1350 1159 111111-115
1376 1136 1521 1160 diversarum
1548 1142 1658 1159 manuum
1684 1136 1884 1159 emendationibus

1036 1185 1167 1212 insignitus,
1189 1185 1275 1207 ratione
1297 1190 1396 1213 quarum
1413 1185 1435 1206 in
1462 1184 1582 1212 permultis
1599 1184 1654 1207 locis
1676 1190 1729 1207 cum
1753 1184 1831 1207 codice
1855 1184 1884 1208 Ο,

1036 1231 1177 1260 quandoque
1193 1232 1261 1254 etiam
1278 1237 1332 1254 cum
1348 1231 1447 1254 editione
1464 1232 1572 1254 Vaticana
1590 1231 1801 1260 concordanSign.
1820 1232 1842 1254 l..

1101 1278 1137 1300 23.
1154 1277 1267 1306 Parisiis,
1294 1278 1397 1300 biblioth.
1415 1278 1547 1306 Nationalis,
1573 1278 1624 1300 cod.
1647 1276 1715 1300 3085.
1739 1278 1837 1301 membr.
1863 1279 1884 1300 ia

1037 1325 1082 1352 101.,
1100 1330 1159 1347 saec.
1176 1324 1236 1347 XlV.
1248 1325 1334 1347 ineunt.
1346 1325 1363 1347 A
1382 1325 1419 1347 101.
1440 1326 1456 1347 l.
1474 1331 1548 1354 usquc
1565 1325 1594 1347 ad
1612 1325 1648 1347 101.
1667 1325 1703 1347 39.
1728 1326 1828 1348 continet
1847 1325 1886 1347 du-

1037 1370 1157 1394 bitationes
1177 1371 1283 1393 litterales
1300 1373 1322 1393 et
1342 1370 1443 1393 tabulam
1461 1371 1529 1399 primi
1550 1370 1600 1393 libri
1612 1372 1783 1394 sententiarum.
1801 1371 1887 1394 Deinde

1037 1421 1128 1448 incipit:
1151 1418 1274 1449 Profunda
1287 1418 1418 1448 flat-iorum
1440 1421 1482 1441 etc.
1499 1418 1584 1441 Desinit
1608 1419 1644 1442 101.
1671 1420 1720 1442 139.
1737 1426 1760 1442 v.
1776 1426 1819 1448 per
1838 1426 1887 1442 ver-

1038 1465 1078 1489 ba:
1096 1465 1201 1495 Explicit
1220 1464 1277 1488 liber
1293 1464 1392 1494 1111111113,
1406 1464 1433 1488 de
1452 1464 1628 1495 quaestionibus
1647 1466 1717 1488 ema-a
1738 1464 1847 1489 litteram.
1858 1478 1895 1484 ——-

1036 1513 1078 1536 Hic
1089 1513 1160 1536 codex
1178 1513 1253 1541 aliqua
1266 1511 1334 1534 habet
1350 1512 1443 1540 propria
1461 1514 1509 1534 tum
1527 1512 1603 1541 quoad
1617 1513 1726 1540 sormam,
1743 1515 1792 1535 tum
1810 1513 1887 1542 quoad

1038 1560 1165 1582 materiam.
1183 1558 1264 1587 Quoad
1282 1558 1390 1584 sormam.
1408 1558 1461 1587 quia
1479 1558 1501 1580 in
1519 1559 1570 1586 ipso
1592 1558 1662 1580 dubia
1680 1558 1781 1581 litteralia
1799 1564 1843 1581 non
1866 1560 1887 1580 in

1038 1606 1083 1629 sine
1095 1605 1217 1628 cuiuslibet
1233 1605 1395 1632 distinctionis,
1408 1604 1448 1627 sed
1461 1605 1537 1627 omnia
1554 1605 1646 1627 insimul
1658 1605 1680 1627 in
1694 1606 1807 1633 principio
1823 1605 1890 1627 volu-

1040 1653 1107 1676 minis
1124 1653 1215 1675 collecta
1233 1652 1389 1674 inveniuntur.
1406 1651 1506 1675 Eandem
1525 1653 1704 1681 separationem,
1717 1653 1785 1675 etiam
1797 1652 1888 1681 dupin—‹-

1038 1700 1157 1722 volumine
1174 1699 1313 1725 distinctam,
1330 1698 1356 1720 D.
1375 1698 1455 1721 Peltier
1475 1698 1584 1724 (praefat.
1601 1699 1636 1721 ad*
1653 1701 1707 1721 tom.
1726 1699 1740 1721 1.
1761 1699 1797 1721 ed.
1820 1699 1888 1722 Paris.

1040 1752 1092 1774 pag.
1111 1745 1144 1772 ll.)
1161 1744 1293 1767 observavit
1311 1744 1453 1773 in.quodam
1476 1745 1570 1774 antiquo
1588 1744 1679 1772 codice,
1701 1746 1740 1774 qui
1762 1745 1826 1773 prius
1849 1745 1889 1767 suit,

1040 1790 1137 1819 Capituli
1153 1791 1262 1813 ccclesiae
1279 1790 1416 1813 Rhemcnsis
1433 1789 1483 1818 (cfr.
1502 1791 1558 1813 insi-a
1570 1790 1598 1812 'n.
1616 1790 1758 1819 53)..Quoad
1771 1791 1887 1812 materiam

1039 1838 1195 1866 distinguitur,
1207 1838 1261 1867 quia
1274 1843 1344 1860 unam
1356 1837 1499 1866 alteramque
1511 1837 1633 1860 dictionem
1651 1838 1700 1860 sive
1717 1837 1824 1860 addendo
1841 1838 1889 1859 sive.

1040 1884 1151 1908 mutando
1168 1885 1292 1907 claritatem
1311 1886 1384 1906 textus
1401 1890 1540 1912 promovere
1557 1884 1640 1907 studet.
1657 1884 1720 1912 Siga.
1738 1884 1763 1906 R.

1104 1931 1141 1954 211.
1154 1932 1176 1954 ln
1188 1931 1270 1954 eadem
1281 1931 1393 1958 biblioth„
1406 1931 1457 1953 cod.
1473 1931 1554 1953 15821.
1567 1930 1665 1954 membr.
1678 1931 1699 1953 ln
1710 1931 1754 1957 101.,
1765 1937 1823 1953 saec.
1834 1930 1889 1953 xlll.

1041 1979 1120 2008 incipit
1137 1979 1174 2001 sol.
1190 1979 1208 2000 1.
1220 1985 1251 2001 r.:
1264 1977 1388 2007 Profunda
1400 1976 1546 2006 fluviorium.
1560 1977 1646 2000 Desinit
1657 1978 1694 2000 101.
1710 1978 1761 2000 113.
1773 1984 1796 2000 v.
1809 1978 1851 2000 001.
1865 1978 1889 2000 2:

1042 2027 1146 2057 Explicit
1162 2025 1221 2049 liber
1233 2025 1337 2055 primns.
1350 2026 1408 2049 lnter
1424 2025 1498 2049 bonos
1510 2025 1601 2048 codices
1613 2025 1778 2048 numerandus.
1791 2026 1854 2053 Siga.
1866 2026 1888 2047 S.

1104 2074 1141 2097 25.
1155 2073 1176 2097 ln
1189 2073 1270 2095 eadem
1284 2072 1395 2101 biblioth.,
1407 2073 1459 2095 cod.
1473 2072 1553 2095 17480.
1565 2072 1634 2094 insol.
1646 2071 1752 2099 membr.,
1762 2078 1821 2094 saec.
1834 2072 1888 2094 Xlll.

1042 2121 1121 2149 Incipit
1137 2120 1174 2143 101.
1193 2121 1213 2142 ll.
1225 2126 1243 2143 r.
1256 2120 1298 2142 col.
1312 2120 1332 2142 1.
1349 2122 1371 2142 et,
1383 2119 1465 2142 desinit
1476 2119 1513 2142 101.
1529 2118 1578 2141 1119.
1590 2125 1613 2141 v.
1626 2119 1668 2141 col.
1681 2120 1707 2142 2:
1718 2118 1823 2148 Eoeplicii
1832 2118 1889 2142 liber

1040 2167 1141 2198 primus.
1153 2167 1221 2190 Hinc:
1240 2165 1349 2197 Gapz'tula
1361 2172 1434 2196 super
1447 2165 1556 2196 primum
1567 2165 1746 2189 sententiarum.
1764 2166 1801 2188 Est
1812 2166 1888 2188 tabula

1040 2215 1211 2238 distinctionum
1228 2216 1251 2236 et
1267 2214 1427 2243 quaestionum
1440 2219 1451 2235 a
1470 2213 1597 2241 posteriore
1608 2218 1678 2235 manu
1696 2212 1855 2241 disposita.—
1867 2213 1888 2235 111

1043 2262 1119 2285 [11111115
1135 2261 1243 2284 convenit
1258 2266 1312 2283 cum
1329 2259 1400 2282 modo
1418 2260 1534 2282 nominato
1550 2259 1601 2282 cod.
1619 2260 1641 2281 S.
1659 2260 1722 2287 Sign.
1740 2258 1764 2282 C.

1105 2308 1142 2331 26.
1166 2306 1266 2335 Ibidem,
1293 2306 1397 2329 biblioth.
1422 2306 1578 2329 Universitntis
1606 2306 1737 2328 carisiensis
1761 2305 1889 2332 Sorbonae,

1042 2354 1094 2378 cod.
1111 2354 1218 2379 membr..
1235 2359 1295 2376 saec.
1313 2353 1369 2376 Xlll.
1386 2354 1501 2379 exeuntis,
1519 2353 1577 2381 sign.
1596 2352 1638 2375 Th.
1656 2352 1680 2374 ll.
1693 2352 1730 2374 48.
1747 2352 1810 2375 lnitio
1827 2358 1891 2380 prae-

1042 2402 1138 2425 mittitur
1154 2400 1231 2424 tabula
1248 2400 1431 2428 distinctionum,
1453 2400 1506 2422 inde.
1523 2399 1717 2427 Commentarius,
1738 2400 1778 2428 qui
1795 2400 1892 2421 recurrit

1042 2454 1116 2477 usque
1128 2447 1157 2470 ad
1174 2447 1211 2469 101.
1226 2447 1277 2469 135.
1294 2446 1379 2469 Desinit
1398 2449 1421 2468 ut
1434 2447 1455 2468 in
1473 2446 1526 2468 edd.
1537 2458 1570 2463 —
1581 2446 1598 2468 Α
1611 2447 1681 2468 variis
1692 2446 1800 2469 manibus
1816 2452 1891 2468 recen⁴

1043 2495 1106 2517 tioris
1122 2494 1202 2517 aetatis
1213 2496 1331 2515 correctus
1341 2495 1382 2515 est.
1395 2493 1437 2514 An.
1459 2492 1519 2514 1877
1536 2499 1547 2515 a
1560 2492 1586 2514 D.
1605 2492 1732 2521 Messager,
1750 2495 1804 2515 tunc
1825 2493 1892 2515 Vica-

1043 2541 1078 2563 rio
1094 2540 1178 2563 Eccles.
1195 2539 1317 2562 Antissiod.
1335 2539 1357 2561 S.
1374 2539 1490 2567 Stephani,
1508 2544 1561 2561 cum
1579 2538 1646 2561 editis
1657 2538 1752 2561 collatus
1763 2542 1809 2566 est;
1826 2540 1892 2562 cuius

1044 2588 1081 2610 hic
1097 2589 1163 2615 grato
1180 2587 1257 2608 animo
1274 2586 1414 2608 mentionem
1432 2585 1536 2607 tacimus.
1554 2585 1617 2613 Sign.
1636 2585 1662 2607 U.

1108 2633 1145 2656 27.
1171 2632 1287 2660 Patami,v
1301 2632 1405 2656 biblioth.
1428 2632 1451 2654 S.

1045 2685 1105 2702 saec.
1122 2679 1185 2707 xiii„
1208 2679 1266 2707 sign.
1290 2684 1353 2700 num.
1380 2679 1431 2700 i20.
1455 2678 1534 2706 Incipit
1556 2678 1592 2700 iol.
1611 2678 1637 2705 3,
1654 2677 1696 2700 sed
1714 2678 1734 2700 1.
1759 2681 1892 2705 numerato,

1476 2632 1579 2659 Antonii,
1602 2631 1654 2654 cod.
1679 2631 1778 2655 membr.
1800 2633 1821 2654 in
1847 2633 1892 2659 101.,

1046 2726 1134 2755 absque
1152 2725 1226 2748 titulo:
1245 2724 1519 2754 Profundafluviorum.
1536 2724 1622 2748 Desinit
1642 2725 1679 2747 101.
1693 2724 1745 2747 153.
1765 2732 1783 2748 r.
1803 2726 1845 2748 col.
1870 2727 1892 2748 l:

1046 2772 1150 2803 Eoeplicit
1173 2771 1233 2795 liber
1251 2771 1354 2802 primas.
1370 2784 1403 2796 -.-
1419 2772 1532 2801 Antiquus
1554 2774 1576 2794 ct
1597 2775 1721 2795 correctus.
1745 2772 1766 2794 ln
1789 2772 1894 2800 pluribus

1047 2823 1120 2842 textus
1137 2819 1309 2842 difficultatibus
1326 2819 1387 2841 utilis
1403 2819 1469 2842 nobis
1485 2820 1533 2847 11111,
1551 2820 1685 2847 praesertim
1704 2822 1799 2848 propter
1810 2821 1895 2847 praeri-

1047 2867 1135 2889 sionem
1153 2869 1174 2888 et
1192 2867 1328 2894 positionem
1347 2865 1482 2888 verborum.
1501 2866 1564 2894 Siga.
1583 2866 1604 2888 Ρ.

1112 2913 1148 2935 28.
1168 2912 1190 2934 ln
1208 2912 1289 2935 cadem
1302 2912 1413 2940 biblioth„
1426 2912 1477 2935 cod.
1490 2912 1587 2935 membr.
1600 2913 1621 2935 in
1635 2913 1679 2941 101.,
1689 2919 1747 2935 saec.
1762 2913 1808 2935 Xlll
1820 2931 1824 2940 ,
1837 2914 1894 2940 siga.

1053 2959 1101 2981 125.
1115 2959 1182 2982 Abest
1201 2960 1302 2987 primum
1320 2959 1407 2982 solium.
1426 2959 1503 2988 lncipit
1516 2966 1527 2982 a
1545 2959 1633 2982 verbis:
1651 2959 1753 2983 siccatus
1764 2960 1799 2982 est
1808 2958 1896 2988 fluidus
