<?xml version="1.0" encoding="UTF-8"?>
<!DOCTYPE html PUBLIC "-//W3C//DTD XHTML 1.0 Transitional//EN"
    "http://www.w3.org/TR/xhtml1/DTD/xhtml1-transitional.dtd">
<html xmlns="http://www.w3.org/1999/xhtml" xml:lang="en" lang="en">
 <head>
  <title>
</title>
<meta http-equiv="Content-Type" content="text/html;charset=utf-8" />
  <meta name='ocr-system' content='tesseract 3.04.00' />
  <meta name='ocr-capabilities' content='ocr_page ocr_carea ocr_par ocr_line ocrx_word'/>
</head>
<body>
  <div class='ocr_page' id='page_1' title='image "./doctorisseraphic11bona_0203.png"; bbox 0 0 2253 3317; ppageno 0'>
   <div class='ocr_carea' id='block_1_1' title="bbox 17 1630 137 1672">
    <p class='ocr_par' dir='ltr' id='par_1_1' title="bbox 17 1630 137 1672">
     <span class='ocr_line' id='line_1_1' title="bbox 17 1630 137 1654; baseline 0.008 -6"><span class='ocrx_word' id='word_1_1' title='bbox 17 1630 50 1649; x_wconf 83' lang='lat' dir='ltr'>Ad</span> <span class='ocrx_word' id='word_1_2' title='bbox 62 1631 137 1654; x_wconf 85' lang='lat' dir='ltr'>opposi-</span> 
     </span>
     <span class='ocr_line' id='line_1_2' title="bbox 53 1655 100 1672; baseline 0 0"><span class='ocrx_word' id='word_1_3' title='bbox 53 1655 100 1672; x_wconf 85' lang='lat' dir='ltr'>tum.</span> 
     </span>
    </p>
   </div>
   <div class='ocr_carea' id='block_1_2' title="bbox 729 133 1325 179">
    <p class='ocr_par' dir='ltr' id='par_1_2' title="bbox 729 133 1325 179">
     <span class='ocr_line' id='line_1_3' title="bbox 729 133 1325 179; baseline -0.003 -7"><span class='ocrx_word' id='word_1_4' title='bbox 729 145 812 173; x_wconf 81' lang='lat' dir='ltr'>DIST.</span> <span class='ocrx_word' id='word_1_5' title='bbox 833 145 875 175; x_wconf 91' lang='lat' dir='ltr'>1v.</span> <span class='ocrx_word' id='word_1_6' title='bbox 897 144 970 174; x_wconf 68' lang='grc' dir='ltr'>ΛΒΤ.</span> <span class='ocrx_word' id='word_1_7' title='bbox 992 142 1108 172; x_wconf 81' lang='lat' dir='ltr'>UNICUS</span> <span class='ocrx_word' id='word_1_8' title='bbox 1129 133 1264 179; x_wconf 82' lang='lat' dir='ltr'>QUAEST.</span> <span class='ocrx_word' id='word_1_9' title='bbox 1284 142 1325 171; x_wconf 81' lang='lat'>111.</span> 
     </span>
    </p>
   </div>
   <div class='ocr_carea' id='block_1_3' title="bbox 144 220 996 769">
    <p class='ocr_par' dir='ltr' id='par_1_3' title="bbox 144 220 996 769">
     <span class='ocr_line' id='line_1_4' title="bbox 230 220 993 257; baseline 0 -7"><span class='ocrx_word' id='word_1_10' title='bbox 230 221 256 250; x_wconf 85' lang='lat'>3.</span> <span class='ocrx_word' id='word_1_11' title='bbox 279 221 319 250; x_wconf 88' lang='lat' dir='ltr'>Ad</span> <span class='ocrx_word' id='word_1_12' title='bbox 348 220 418 249; x_wconf 90' lang='lat' dir='ltr'>illud</span> <span class='ocrx_word' id='word_1_13' title='bbox 449 220 524 257; x_wconf 87' lang='lat' dir='ltr'>quod</span> <span class='ocrx_word' id='word_1_14' title='bbox 552 220 682 249; x_wconf 87' lang='lat' dir='ltr'>obiicitur</span> <span class='ocrx_word' id='word_1_15' title='bbox 702 221 798 250; x_wconf 89' lang='lat' dir='ltr'>tertio:</span> <span class='ocrx_word' id='word_1_16' title='bbox 830 225 879 250; x_wconf 86' lang='lat' dir='ltr'>aut</span> <span class='ocrx_word' id='word_1_17' title='bbox 905 222 993 250; x_wconf 86' lang='lat' dir='ltr'>alium</span> 
     </span>
     <span class='ocr_line' id='line_1_5' title="bbox 147 266 994 304; baseline 0 -8"><span class='ocrx_word' id='word_1_18' title='bbox 147 268 256 302; x_wconf 84' lang='lat' dir='ltr'>Deum,</span> <span class='ocrx_word' id='word_1_19' title='bbox 276 270 324 296; x_wconf 86' lang='lat' dir='ltr'>aut</span> <span class='ocrx_word' id='word_1_20' title='bbox 344 267 431 295; x_wconf 85' lang='lat' dir='ltr'>alium</span> <span class='ocrx_word' id='word_1_21' title='bbox 452 274 507 295; x_wconf 91' lang='lat' dir='ltr'>non</span> <span class='ocrx_word' id='word_1_22' title='bbox 528 266 636 300; x_wconf 90' lang='lat' dir='ltr'>Deum;</span> <span class='ocrx_word' id='word_1_23' title='bbox 659 267 735 302; x_wconf 87' lang='lat' dir='ltr'>dico,</span> <span class='ocrx_word' id='word_1_24' title='bbox 757 268 832 304; x_wconf 90' lang='lat' dir='ltr'>quod</span> <span class='ocrx_word' id='word_1_25' title='bbox 860 276 915 296; x_wconf 90' lang='lat' dir='ltr'>non</span> <span class='ocrx_word' id='word_1_26' title='bbox 940 267 994 296; x_wconf 83' lang='lat' dir='ltr'>suf-</span> 
     </span>
     <span class='ocr_line' id='line_1_6' title="bbox 150 313 995 349; baseline 0 -7"><span class='ocrx_word' id='word_1_27' title='bbox 150 314 276 343; x_wconf 89' lang='lat' dir='ltr'>ficienter</span> <span class='ocrx_word' id='word_1_28' title='bbox 297 313 412 347; x_wconf 69' lang='lat' dir='ltr'>dividit,</span> <span class='ocrx_word' id='word_1_29' title='bbox 434 313 500 349; x_wconf 87' lang='lat' dir='ltr'>quia</span> <span class='ocrx_word' id='word_1_30' title='bbox 520 320 576 341; x_wconf 89' lang='lat' dir='ltr'>non</span> <span class='ocrx_word' id='word_1_31' title='bbox 597 315 639 342; x_wconf 88' lang='lat' dir='ltr'>est</span> <span class='ocrx_word' id='word_1_32' title='bbox 661 314 858 348; x_wconf 75' lang='lat' dir='ltr'>contradictio,</span> <span class='ocrx_word' id='word_1_33' title='bbox 878 314 932 342; x_wconf 89' lang='lat' dir='ltr'>nisi</span> <span class='ocrx_word' id='word_1_34' title='bbox 953 321 995 342; x_wconf 86' lang='lat' dir='ltr'>ac-</span> 
     </span>
     <span class='ocr_line' id='line_1_7' title="bbox 150 360 994 397; baseline 0.001 -9"><span class='ocrx_word' id='word_1_35' title='bbox 150 360 271 397; x_wconf 86' lang='lat' dir='ltr'>cipiatur</span> <span class='ocrx_word' id='word_1_36' title='bbox 291 360 401 396; x_wconf 80' lang='lat' dir='ltr'>negatio</span> <span class='ocrx_word' id='word_1_37' title='bbox 422 363 553 396; x_wconf 88' lang='lat' dir='ltr'>respectu</span> <span class='ocrx_word' id='word_1_38' title='bbox 573 360 667 389; x_wconf 91' lang='lat' dir='ltr'>totius.</span> <span class='ocrx_word' id='word_1_39' title='bbox 681 360 711 388; x_wconf 94' lang='lat' dir='ltr'>In</span> <span class='ocrx_word' id='word_1_40' title='bbox 726 360 778 389; x_wconf 88' lang='lat' dir='ltr'>hac</span> <span class='ocrx_word' id='word_1_41' title='bbox 793 361 882 389; x_wconf 86' lang='lat' dir='ltr'>enim:</span> <span class='ocrx_word' id='word_1_42' title='bbox 899 360 994 397; x_wconf 80' lang='lat' dir='ltr'>gennit</span> 
     </span>
     <span class='ocr_line' id='line_1_8' title="bbox 146 406 993 443; baseline 0 -9"><span class='ocrx_word' id='word_1_43' title='bbox 146 406 237 434; x_wconf 74' lang='lat' dir='ltr'>alium</span> <span class='ocrx_word' id='word_1_44' title='bbox 268 406 377 441; x_wconf 87' lang='lat' dir='ltr'>Deum,</span> <span class='ocrx_word' id='word_1_45' title='bbox 399 406 456 434; x_wconf 90' lang='lat' dir='ltr'>duo</span> <span class='ocrx_word' id='word_1_46' title='bbox 487 406 635 440; x_wconf 89' lang='lat' dir='ltr'>dicuntur,</span> <span class='ocrx_word' id='word_1_47' title='bbox 666 406 770 435; x_wconf 89' lang='lat' dir='ltr'>scilicet</span> <span class='ocrx_word' id='word_1_48' title='bbox 791 406 866 443; x_wconf 90' lang='lat' dir='ltr'>quod</span> <span class='ocrx_word' id='word_1_49' title='bbox 892 407 971 434; x_wconf 80' lang='lat' dir='ltr'>Deus</span> <span class='ocrx_word' id='word_1_50' title='bbox 985 406 993 419; x_wconf 85' lang='lat'><em>¹</em></span> 
     </span>
     <span class='ocr_line' id='line_1_9' title="bbox 149 452 994 489; baseline 0.001 -9"><span class='ocrx_word' id='word_1_51' title='bbox 149 452 261 486; x_wconf 76' lang='lat' dir='ltr'>Deum,</span> <span class='ocrx_word' id='word_1_52' title='bbox 282 455 308 481; x_wconf 93' lang='lat' dir='ltr'>et</span> <span class='ocrx_word' id='word_1_53' title='bbox 329 452 405 489; x_wconf 89' lang='lat' dir='ltr'>quod</span> <span class='ocrx_word' id='word_1_54' title='bbox 426 452 521 480; x_wconf 83' lang='lat' dir='ltr'>alium</span> <span class='ocrx_word' id='word_1_55' title='bbox 542 452 574 480; x_wconf 75' lang='lat' dir='ltr'>in</span> <span class='ocrx_word' id='word_1_56' title='bbox 594 452 714 481; x_wconf 77' lang='lat' dir='ltr'>deitate:</span> <span class='ocrx_word' id='word_1_57' title='bbox 734 456 761 481; x_wconf 90' lang='lat' dir='ltr'>et</span> <span class='ocrx_word' id='word_1_58' title='bbox 781 453 844 482; x_wconf 91' lang='lat' dir='ltr'>ideo</span> <span class='ocrx_word' id='word_1_59' title='bbox 868 453 904 481; x_wconf 89' lang='lat' dir='ltr'>ad</span> <span class='ocrx_word' id='word_1_60' title='bbox 926 453 994 487; x_wconf 85' lang='lat' dir='ltr'>hoe,</span> 
     </span>
     <span class='ocr_line' id='line_1_10' title="bbox 145 499 996 536; baseline 0.001 -9"><span class='ocrx_word' id='word_1_61' title='bbox 145 499 224 535; x_wconf 79' lang='lat' dir='ltr'>quod</span> <span class='ocrx_word' id='word_1_62' title='bbox 246 501 375 527; x_wconf 83' lang='lat' dir='ltr'>sumatur</span> <span class='ocrx_word' id='word_1_63' title='bbox 395 499 592 533; x_wconf 81' lang='lat' dir='ltr'>contradictio,</span> <span class='ocrx_word' id='word_1_64' title='bbox 614 507 728 528; x_wconf 88' lang='lat' dir='ltr'>necesse</span> <span class='ocrx_word' id='word_1_65' title='bbox 748 502 805 534; x_wconf 88' lang='lat' dir='ltr'>est,</span> <span class='ocrx_word' id='word_1_66' title='bbox 830 499 906 536; x_wconf 86' lang='lat' dir='ltr'>quod</span> <span class='ocrx_word' id='word_1_67' title='bbox 926 499 996 528; x_wconf 83' lang='lat' dir='ltr'>fera-</span> 
     </span>
     <span class='ocr_line' id='line_1_11' title="bbox 149 545 995 582; baseline 0.001 -9"><span class='ocrx_word' id='word_1_68' title='bbox 149 547 196 573; x_wconf 85' lang='lat' dir='ltr'>tur</span> <span class='ocrx_word' id='word_1_69' title='bbox 217 552 304 582; x_wconf 90' lang='lat' dir='ltr'>supra</span> <span class='ocrx_word' id='word_1_70' title='bbox 325 548 423 573; x_wconf 88' lang='lat' dir='ltr'>totum.</span> <span class='ocrx_word' id='word_1_71' title='bbox 446 545 522 574; x_wconf 87' lang='lat' dir='ltr'>Unde</span> <span class='ocrx_word' id='word_1_72' title='bbox 537 545 609 574; x_wconf 84' lang='lat' dir='ltr'>sicut</span> <span class='ocrx_word' id='word_1_73' title='bbox 623 554 678 574; x_wconf 91' lang='lat' dir='ltr'>non</span> <span class='ocrx_word' id='word_1_74' title='bbox 699 546 787 580; x_wconf 89' lang='lat' dir='ltr'>valet,</span> <span class='ocrx_word' id='word_1_75' title='bbox 804 546 995 575; x_wconf 88' lang='lat' dir='ltr'>demonstrato</span> 
     </span>
     <span class='ocr_line' id='line_1_12' title="bbox 144 592 995 629; baseline 0 -9"><span class='ocrx_word' id='word_1_76' title='bbox 144 592 286 620; x_wconf 86' lang='lat' dir='ltr'>monacho</span> <span class='ocrx_word' id='word_1_77' title='bbox 307 592 402 628; x_wconf 80' lang='lat' dir='ltr'>nigro,</span> <span class='ocrx_word' id='word_1_78' title='bbox 417 592 465 628; x_wconf 89' lang='lat' dir='ltr'>qui</span> <span class='ocrx_word' id='word_1_79' title='bbox 487 595 528 621; x_wconf 91' lang='lat' dir='ltr'>est</span> <span class='ocrx_word' id='word_1_80' title='bbox 542 592 625 621; x_wconf 87' lang='lat' dir='ltr'>albus</span> <span class='ocrx_word' id='word_1_81' title='bbox 645 600 697 629; x_wconf 86' lang='lat' dir='ltr'>per</span> <span class='ocrx_word' id='word_1_82' title='bbox 717 595 863 621; x_wconf 90' lang='lat' dir='ltr'>naturam:</span> <span class='ocrx_word' id='word_1_83' title='bbox 879 593 931 622; x_wconf 92' lang='lat' dir='ltr'>iste</span> <span class='ocrx_word' id='word_1_84' title='bbox 946 595 995 621; x_wconf 90' lang='lat' dir='ltr'>aut</span> 
     </span>
     <span class='ocr_line' id='line_1_13' title="bbox 148 638 996 677; baseline 0.001 -10"><span class='ocrx_word' id='word_1_85' title='bbox 148 641 192 667; x_wconf 87' lang='lat' dir='ltr'>est</span> <span class='ocrx_word' id='word_1_86' title='bbox 212 638 294 667; x_wconf 88' lang='lat' dir='ltr'>albus</span> <span class='ocrx_word' id='word_1_87' title='bbox 308 639 478 673; x_wconf 87' lang='lat' dir='ltr'>monachus,</span> <span class='ocrx_word' id='word_1_88' title='bbox 500 642 549 667; x_wconf 90' lang='lat' dir='ltr'>aut</span> <span class='ocrx_word' id='word_1_89' title='bbox 570 639 652 668; x_wconf 88' lang='lat' dir='ltr'>albus</span> <span class='ocrx_word' id='word_1_90' title='bbox 673 648 728 668; x_wconf 94' lang='lat' dir='ltr'>non</span> <span class='ocrx_word' id='word_1_91' title='bbox 750 640 915 674; x_wconf 87' lang='lat' dir='ltr'>monachus,</span> <span class='ocrx_word' id='word_1_92' title='bbox 929 640 996 677; x_wconf 89' lang='lat' dir='ltr'>quia</span> 
     </span>
     <span class='ocr_line' id='line_1_14' title="bbox 148 685 996 724; baseline 0.001 -11"><span class='ocrx_word' id='word_1_93' title='bbox 148 688 269 722; x_wconf 89' lang='lat' dir='ltr'>utraque</span> <span class='ocrx_word' id='word_1_94' title='bbox 283 685 368 719; x_wconf 86' lang='lat' dir='ltr'>falsa;</span> <span class='ocrx_word' id='word_1_95' title='bbox 390 686 519 714; x_wconf 87' lang='lat' dir='ltr'>similiter</span> <span class='ocrx_word' id='word_1_96' title='bbox 546 686 760 723; x_wconf 84' lang='lat' dir='ltr'>intelligendum</span> <span class='ocrx_word' id='word_1_97' title='bbox 785 689 827 715; x_wconf 90' lang='lat' dir='ltr'>est</span> <span class='ocrx_word' id='word_1_98' title='bbox 848 687 876 714; x_wconf 91' lang='lat' dir='ltr'>in</span> <span class='ocrx_word' id='word_1_99' title='bbox 896 694 996 724; x_wconf 87' lang='lat' dir='ltr'>propo-</span> 
     </span>
     <span class='ocr_line' id='line_1_15' title="bbox 144 731 995 769; baseline 0.002 -10"><span class='ocrx_word' id='word_1_100' title='bbox 144 731 210 760; x_wconf 82' lang='lat' dir='ltr'>sito.</span> <span class='ocrx_word' id='word_1_101' title='bbox 224 731 278 760; x_wconf 89' lang='lat' dir='ltr'>Nec</span> <span class='ocrx_word' id='word_1_102' title='bbox 292 731 380 760; x_wconf 85' lang='lat' dir='ltr'>valet:</span> <span class='ocrx_word' id='word_1_103' title='bbox 396 734 439 760; x_wconf 89' lang='lat' dir='ltr'>est</span> <span class='ocrx_word' id='word_1_104' title='bbox 452 732 528 761; x_wconf 88' lang='lat' dir='ltr'>Deus</span> <span class='ocrx_word' id='word_1_105' title='bbox 556 734 583 761; x_wconf 89' lang='lat' dir='ltr'>et</span> <span class='ocrx_word' id='word_1_106' title='bbox 607 735 649 761; x_wconf 88' lang='lat' dir='ltr'>est</span> <span class='ocrx_word' id='word_1_107' title='bbox 663 732 750 761; x_wconf 76' lang='lat' dir='ltr'>allus:</span> <span class='ocrx_word' id='word_1_108' title='bbox 772 740 839 769; x_wconf 83' lang='lat' dir='ltr'>ergo</span> <span class='ocrx_word' id='word_1_109' title='bbox 858 735 899 762; x_wconf 87' lang='lat' dir='ltr'>est</span> <span class='ocrx_word' id='word_1_110' title='bbox 920 733 995 762; x_wconf 88' lang='lat' dir='ltr'>Deus</span> 
     </span>
    </p>
   </div>
   <div class='ocr_carea' id='block_1_4' title="bbox 1018 149 1027 766">
    <p class='ocr_par' dir='ltr' id='par_1_4' title="bbox 1018 149 1027 766">
     <span class='ocr_line' id='line_1_16' title="bbox 1018 149 1027 766; baseline 0 0"><span class='ocrx_word' id='word_1_111' title='bbox 1018 149 1027 766; x_wconf 95' lang='lat' dir='ltr'> </span> 
     </span>
    </p>
   </div>
   <div class='ocr_carea' id='block_1_5' title="bbox 1837 145 1888 173">
    <p class='ocr_par' dir='ltr' id='par_1_5' title="bbox 1837 145 1888 173">
     <span class='ocr_line' id='line_1_17' title="bbox 1837 145 1888 173; baseline 0.02 -1"><span class='ocrx_word' id='word_1_112' title='bbox 1837 145 1888 173; x_wconf 82' lang='lat'>101</span> 
     </span>
    </p>
   </div>
   <div class='ocr_carea' id='block_1_6' title="bbox 1050 219 1898 768">
    <p class='ocr_par' dir='ltr' id='par_1_6' title="bbox 1050 219 1893 302">
     <span class='ocr_line' id='line_1_18' title="bbox 1050 219 1893 255; baseline 0.004 -8"><span class='ocrx_word' id='word_1_113' title='bbox 1050 219 1141 253; x_wconf 87' lang='lat' dir='ltr'>alius,</span> <span class='ocrx_word' id='word_1_114' title='bbox 1162 219 1247 247; x_wconf 90' lang='lat' dir='ltr'>immo</span> <span class='ocrx_word' id='word_1_115' title='bbox 1267 222 1309 248; x_wconf 88' lang='lat' dir='ltr'>est</span> <span class='ocrx_word' id='word_1_116' title='bbox 1330 219 1368 248; x_wconf 92' lang='lat' dir='ltr'>ibi</span> <span class='ocrx_word' id='word_1_117' title='bbox 1389 220 1532 255; x_wconf 87' lang='lat' dir='ltr'>accidens,</span> <span class='ocrx_word' id='word_1_118' title='bbox 1558 220 1629 249; x_wconf 89' lang='lat' dir='ltr'>sicut</span> <span class='ocrx_word' id='word_1_119' title='bbox 1649 221 1709 249; x_wconf 90' lang='lat' dir='ltr'>hic:</span> <span class='ocrx_word' id='word_1_120' title='bbox 1740 223 1782 249; x_wconf 85' lang='grc' dir='ltr'>θεῖ</span> <span class='ocrx_word' id='word_1_121' title='bbox 1802 221 1893 250; x_wconf 88' lang='lat' dir='ltr'>bonus</span> 
     </span>
     <span class='ocr_line' id='line_1_19' title="bbox 1050 265 1839 302; baseline 0.004 -9"><span class='ocrx_word' id='word_1_122' title='bbox 1050 267 1078 293; x_wconf 89' lang='lat' dir='ltr'>et</span> <span class='ocrx_word' id='word_1_123' title='bbox 1098 267 1140 293; x_wconf 90' lang='grc' dir='ltr'>θεῖ</span> <span class='ocrx_word' id='word_1_124' title='bbox 1161 265 1354 294; x_wconf 83' lang='lat' dir='ltr'>citharoedus:</span> <span class='ocrx_word' id='word_1_125' title='bbox 1370 273 1437 302; x_wconf 82' lang='lat' dir='ltr'>ergo</span> <span class='ocrx_word' id='word_1_126' title='bbox 1457 269 1499 294; x_wconf 89' lang='grc' dir='ltr'>θεῖ</span> <span class='ocrx_word' id='word_1_127' title='bbox 1519 267 1609 295; x_wconf 88' lang='lat' dir='ltr'>bonus</span> <span class='ocrx_word' id='word_1_128' title='bbox 1630 267 1809 296; x_wconf 87' lang='lat' dir='ltr'>citharoedus</span> <span class='ocrx_word' id='word_1_129' title='bbox 1821 267 1839 295; x_wconf 84' lang='lat'>².</span> 
     </span>
    </p>

    <p class='ocr_par' dir='ltr' id='par_1_7' title="bbox 1050 312 1898 768">
     <span class='ocr_line' id='line_1_20' title="bbox 1129 312 1893 349; baseline 0.004 -9"><span class='ocrx_word' id='word_1_130' title='bbox 1129 312 1155 340; x_wconf 75' lang='grc' dir='ltr'>[ι.</span> <span class='ocrx_word' id='word_1_131' title='bbox 1177 312 1217 341; x_wconf 81' lang='lat' dir='ltr'>Ad</span> <span class='ocrx_word' id='word_1_132' title='bbox 1237 312 1309 341; x_wconf 87' lang='lat' dir='ltr'>illud</span> <span class='ocrx_word' id='word_1_133' title='bbox 1330 312 1406 349; x_wconf 84' lang='lat' dir='ltr'>quod</span> <span class='ocrx_word' id='word_1_134' title='bbox 1437 313 1537 341; x_wconf 89' lang='lat' dir='ltr'>ultime</span> <span class='ocrx_word' id='word_1_135' title='bbox 1567 314 1711 348; x_wconf 90' lang='lat' dir='ltr'>obiicitur,</span> <span class='ocrx_word' id='word_1_136' title='bbox 1734 314 1893 349; x_wconf 85' lang='lat' dir='ltr'>dicendum,</span> 
     </span>
     <span class='ocr_line' id='line_1_21' title="bbox 1051 359 1894 397; baseline 0.004 -10"><span class='ocrx_word' id='word_1_137' title='bbox 1051 359 1127 396; x_wconf 87' lang='lat' dir='ltr'>quod</span> <span class='ocrx_word' id='word_1_138' title='bbox 1149 359 1241 394; x_wconf 79' lang='lat' dir='ltr'>alius,</span> <span class='ocrx_word' id='word_1_139' title='bbox 1263 359 1392 396; x_wconf 86' lang='lat' dir='ltr'>quamvis</span> <span class='ocrx_word' id='word_1_140' title='bbox 1405 359 1453 388; x_wconf 52' lang='lat' dir='ltr'>‘sit</span> <span class='ocrx_word' id='word_1_141' title='bbox 1483 360 1631 389; x_wconf 80' lang='lat' dir='ltr'>masculini</span> <span class='ocrx_word' id='word_1_142' title='bbox 1651 361 1779 397; x_wconf 83' lang='lat' dir='ltr'>generis,</span> <span class='ocrx_word' id='word_1_143' title='bbox 1801 364 1894 390; x_wconf 90' lang='lat' dir='ltr'>tamen</span> 
     </span>
     <span class='ocr_line' id='line_1_22' title="bbox 1050 405 1895 442; baseline 0.002 -9"><span class='ocrx_word' id='word_1_144' title='bbox 1050 405 1116 442; x_wconf 88' lang='lat' dir='ltr'>quia</span> <span class='ocrx_word' id='word_1_145' title='bbox 1136 405 1215 442; x_wconf 90' lang='lat' dir='ltr'>ponit</span> <span class='ocrx_word' id='word_1_146' title='bbox 1235 413 1296 433; x_wconf 86' lang='lat' dir='ltr'>rem</span> <span class='ocrx_word' id='word_1_147' title='bbox 1317 405 1392 434; x_wconf 86' lang='lat' dir='ltr'>circa</span> <span class='ocrx_word' id='word_1_148' title='bbox 1412 406 1619 434; x_wconf 87' lang='lat' dir='ltr'>substantivum</span> <span class='ocrx_word' id='word_1_149' title='bbox 1631 406 1652 441; x_wconf 80' lang='lat'>³,</span> <span class='ocrx_word' id='word_1_150' title='bbox 1674 407 1709 435; x_wconf 90' lang='lat' dir='ltr'>ab</span> <span class='ocrx_word' id='word_1_151' title='bbox 1734 407 1782 435; x_wconf 92' lang='lat' dir='ltr'>illo</span> <span class='ocrx_word' id='word_1_152' title='bbox 1809 407 1895 436; x_wconf 90' lang='lat' dir='ltr'>trahit</span> 
     </span>
     <span class='ocr_line' id='line_1_23' title="bbox 1051 451 1894 490; baseline 0.001 -10"><span class='ocrx_word' id='word_1_153' title='bbox 1051 451 1288 489; x_wconf 69' lang='lat' dir='ltr'>suppositionem,</span> <span class='ocrx_word' id='word_1_154' title='bbox 1309 454 1336 480; x_wconf 88' lang='lat' dir='ltr'>et</span> <span class='ocrx_word' id='word_1_155' title='bbox 1356 452 1419 480; x_wconf 91' lang='lat' dir='ltr'>ideo</span> <span class='ocrx_word' id='word_1_156' title='bbox 1433 460 1486 480; x_wconf 89' lang='lat' dir='ltr'>non</span> <span class='ocrx_word' id='word_1_157' title='bbox 1503 455 1613 481; x_wconf 86' lang='lat' dir='ltr'>tenetur</span> <span class='ocrx_word' id='word_1_158' title='bbox 1628 453 1826 490; x_wconf 78' lang='lat' dir='ltr'>personaliter,</span> <span class='ocrx_word' id='word_1_159' title='bbox 1841 454 1894 482; x_wconf 91' lang='lat' dir='ltr'>nisi</span> 
     </span>
     <span class='ocr_line' id='line_1_24' title="bbox 1051 498 1895 535; baseline 0.002 -9"><span class='ocrx_word' id='word_1_160' title='bbox 1051 498 1208 527; x_wconf 87' lang='lat' dir='ltr'>seeundum</span> <span class='ocrx_word' id='word_1_161' title='bbox 1229 498 1304 535; x_wconf 84' lang='lat' dir='ltr'>quod</span> <span class='ocrx_word' id='word_1_162' title='bbox 1325 498 1561 532; x_wconf 79' lang='lat' dir='ltr'>substantivatur,</span> <span class='ocrx_word' id='word_1_163' title='bbox 1576 498 1648 527; x_wconf 90' lang='lat' dir='ltr'>sicut</span> <span class='ocrx_word' id='word_1_164' title='bbox 1666 501 1693 527; x_wconf 87' lang='lat' dir='ltr'>et</span> <span class='ocrx_word' id='word_1_165' title='bbox 1718 499 1770 528; x_wconf 92' lang='lat' dir='ltr'>hoc</span> <span class='ocrx_word' id='word_1_166' title='bbox 1794 507 1895 529; x_wconf 88' lang='lat' dir='ltr'>nomen</span> 
     </span>
     <span class='ocr_line' id='line_1_25' title="bbox 1051 544 1896 579; baseline 0.002 -6"><span class='ocrx_word' id='word_1_167' title='bbox 1051 552 1139 579; x_wconf 85' lang='lat' dir='ltr'>unus3</span> <span class='ocrx_word' id='word_1_168' title='bbox 1159 544 1235 573; x_wconf 90' lang='lat' dir='ltr'>unde</span> <span class='ocrx_word' id='word_1_169' title='bbox 1257 545 1328 573; x_wconf 88' lang='lat' dir='ltr'>sicut</span> <span class='ocrx_word' id='word_1_170' title='bbox 1359 545 1382 573; x_wconf 89' lang='lat' dir='ltr'>si</span> <span class='ocrx_word' id='word_1_171' title='bbox 1403 545 1513 573; x_wconf 86' lang='lat' dir='ltr'>dicatur</span> <span class='ocrx_word' id='word_1_172' title='bbox 1537 554 1617 573; x_wconf 76' lang='lat' dir='ltr'>imus</span> <span class='ocrx_word' id='word_1_173' title='bbox 1636 546 1731 579; x_wconf 82' lang='lat' dir='ltr'>Deus,</span> <span class='ocrx_word' id='word_1_174' title='bbox 1757 555 1836 574; x_wconf 71' lang='lat' dir='ltr'>imus</span> <span class='ocrx_word' id='word_1_175' title='bbox 1858 546 1896 575; x_wconf 89' lang='lat' dir='ltr'>di-</span> 
     </span>
     <span class='ocr_line' id='line_1_26' title="bbox 1052 591 1895 627; baseline 0.002 -8"><span class='ocrx_word' id='word_1_176' title='bbox 1052 591 1089 619; x_wconf 88' lang='lat' dir='ltr'>cit</span> <span class='ocrx_word' id='word_1_177' title='bbox 1107 591 1243 620; x_wconf 88' lang='lat' dir='ltr'>unitatem</span> <span class='ocrx_word' id='word_1_178' title='bbox 1264 591 1492 626; x_wconf 80' lang='lat' dir='ltr'>substantialem,</span> <span class='ocrx_word' id='word_1_179' title='bbox 1507 592 1545 620; x_wconf 87' lang='lat' dir='ltr'>ita</span> <span class='ocrx_word' id='word_1_180' title='bbox 1560 592 1582 620; x_wconf 92' lang='lat' dir='ltr'>si</span> <span class='ocrx_word' id='word_1_181' title='bbox 1598 592 1708 620; x_wconf 90' lang='lat' dir='ltr'>dicatur</span> <span class='ocrx_word' id='word_1_182' title='bbox 1722 592 1794 621; x_wconf 89' lang='lat' dir='ltr'>alius</span> <span class='ocrx_word' id='word_1_183' title='bbox 1808 592 1895 627; x_wconf 86' lang='lat' dir='ltr'>Deus,</span> 
     </span>
     <span class='ocr_line' id='line_1_27' title="bbox 1052 638 1896 668; baseline 0.001 -2"><span class='ocrx_word' id='word_1_184' title='bbox 1052 638 1131 666; x_wconf 80' lang='lat' dir='ltr'>alius</span> <span class='ocrx_word' id='word_1_185' title='bbox 1152 638 1219 667; x_wconf 88' lang='lat' dir='ltr'>dicit</span> <span class='ocrx_word' id='word_1_186' title='bbox 1249 638 1390 667; x_wconf 75' lang='lat' dir='ltr'>alletatem</span> <span class='ocrx_word' id='word_1_187' title='bbox 1412 638 1632 667; x_wconf 83' lang='lat' dir='ltr'>substantialem.</span> <span class='ocrx_word' id='word_1_188' title='bbox 1656 639 1687 667; x_wconf 88' lang='lat' dir='ltr'>Et</span> <span class='ocrx_word' id='word_1_189' title='bbox 1713 639 1784 667; x_wconf 87' lang='lat' dir='ltr'>ratio</span> <span class='ocrx_word' id='word_1_190' title='bbox 1810 639 1896 668; x_wconf 87' lang='lat' dir='ltr'>huius</span> 
     </span>
     <span class='ocr_line' id='line_1_28' title="bbox 1054 685 1898 723; baseline 0 -9"><span class='ocrx_word' id='word_1_191' title='bbox 1054 686 1130 714; x_wconf 89' lang='lat' dir='ltr'>venit</span> <span class='ocrx_word' id='word_1_192' title='bbox 1150 693 1206 713; x_wconf 93' lang='lat' dir='ltr'>non</span> <span class='ocrx_word' id='word_1_193' title='bbox 1227 687 1345 719; x_wconf 88' lang='lat' dir='ltr'>tantum,</span> <span class='ocrx_word' id='word_1_194' title='bbox 1368 685 1434 722; x_wconf 88' lang='lat' dir='ltr'>quia</span> <span class='ocrx_word' id='word_1_195' title='bbox 1454 685 1642 719; x_wconf 80' lang='lat' dir='ltr'>adiectivum,</span> <span class='ocrx_word' id='word_1_196' title='bbox 1663 685 1713 714; x_wconf 88' lang='lat' dir='ltr'>sed</span> <span class='ocrx_word' id='word_1_197' title='bbox 1733 685 1799 722; x_wconf 83' lang='lat' dir='ltr'>quia</span> <span class='ocrx_word' id='word_1_198' title='bbox 1817 694 1898 723; x_wconf 74' lang='lat' dir='ltr'>yene-</span> 
     </span>
     <span class='ocr_line' id='line_1_29' title="bbox 1053 731 1699 768; baseline 0 -8"><span class='ocrx_word' id='word_1_199' title='bbox 1053 731 1137 766; x_wconf 78' lang='lat' dir='ltr'>rate,</span> <span class='ocrx_word' id='word_1_200' title='bbox 1159 731 1235 768; x_wconf 90' lang='lat' dir='ltr'>quod</span> <span class='ocrx_word' id='word_1_201' title='bbox 1256 731 1434 768; x_wconf 83' lang='lat' dir='ltr'>specificatur</span> <span class='ocrx_word' id='word_1_202' title='bbox 1454 739 1505 768; x_wconf 89' lang='lat' dir='ltr'>per</span> <span class='ocrx_word' id='word_1_203' title='bbox 1526 732 1699 761; x_wconf 85' lang='lat' dir='ltr'>adiunctum.</span> 
     </span>
    </p>
   </div>
   <div class='ocr_carea' id='block_1_7' title="bbox 876 822 1167 858">
    <p class='ocr_par' dir='ltr' id='par_1_8' title="bbox 876 822 1167 858">
     <span class='ocr_line' id='line_1_30' title="bbox 876 822 1167 858; baseline -0.003 0"><span class='ocrx_word' id='word_1_204' title='bbox 876 822 1167 858; x_wconf 80' lang='lat' dir='ltr'>SOHOLION.</span> 
     </span>
    </p>
   </div>
   <div class='ocr_carea' id='block_1_8' title="bbox 145 911 996 1212">
    <p class='ocr_par' dir='ltr' id='par_1_9' title="bbox 145 911 996 1212">
     <span class='ocr_line' id='line_1_31' title="bbox 210 911 994 941; baseline -0.001 -7"><span class='ocrx_word' id='word_1_205' title='bbox 210 912 225 934; x_wconf 93' lang='lat'>1.</span> <span class='ocrx_word' id='word_1_206' title='bbox 243 912 414 935; x_wconf 84' lang='lat' dir='ltr'>Distinctionem</span> <span class='ocrx_word' id='word_1_207' title='bbox 438 913 461 935; x_wconf 92' lang='lat' dir='ltr'>in</span> <span class='ocrx_word' id='word_1_208' title='bbox 478 913 592 941; x_wconf 89' lang='lat' dir='ltr'>principio</span> <span class='ocrx_word' id='word_1_209' title='bbox 617 913 773 941; x_wconf 84' lang='lat' dir='ltr'>responsionis</span> <span class='ocrx_word' id='word_1_210' title='bbox 795 913 906 941; x_wconf 80' lang='lat' dir='ltr'>positam,</span> <span class='ocrx_word' id='word_1_211' title='bbox 930 911 994 941; x_wconf 90' lang='lat' dir='ltr'>quod</span> 
     </span>
     <span class='ocr_line' id='line_1_32' title="bbox 146 950 995 980; baseline 0.001 -8"><span class='ocrx_word' id='word_1_212' title='bbox 146 950 212 973; x_wconf 78' lang='lat' dir='ltr'>alius</span> <span class='ocrx_word' id='word_1_213' title='bbox 229 951 265 973; x_wconf 86' lang='lat' dir='ltr'>hic</span> <span class='ocrx_word' id='word_1_214' title='bbox 282 951 355 978; x_wconf 85' lang='lat' dir='ltr'>possit</span> <span class='ocrx_word' id='word_1_215' title='bbox 371 951 442 973; x_wconf 80' lang='lat' dir='ltr'>teneri</span> <span class='ocrx_word' id='word_1_216' title='bbox 459 951 495 973; x_wconf 83' lang='lat' dir='ltr'>vel</span> <span class='ocrx_word' id='word_1_217' title='bbox 513 951 626 973; x_wconf 86' lang='lat' dir='ltr'>adieetive</span> <span class='ocrx_word' id='word_1_218' title='bbox 642 951 679 973; x_wconf 92' lang='lat' dir='ltr'>vel</span> <span class='ocrx_word' id='word_1_219' title='bbox 696 951 840 974; x_wconf 79' lang='lat' dir='ltr'>substantive</span> <span class='ocrx_word' id='word_1_220' title='bbox 864 951 958 980; x_wconf 84' lang='lat' dir='ltr'>(nempe</span> <span class='ocrx_word' id='word_1_221' title='bbox 970 954 995 973; x_wconf 92' lang='lat' dir='ltr'>ut</span> 
     </span>
     <span class='ocr_line' id='line_1_33' title="bbox 149 988 994 1018; baseline 0 -7"><span class='ocrx_word' id='word_1_222' title='bbox 149 988 286 1018; x_wconf 84' lang='lat' dir='ltr'>appositio),</span> <span class='ocrx_word' id='word_1_223' title='bbox 299 989 320 1011; x_wconf 97' lang='lat' dir='ltr'>S.</span> <span class='ocrx_word' id='word_1_224' title='bbox 333 989 418 1011; x_wconf 87' lang='lat' dir='ltr'>Doctor</span> <span class='ocrx_word' id='word_1_225' title='bbox 434 989 561 1017; x_wconf 89' lang='lat' dir='ltr'>improbat,</span> <span class='ocrx_word' id='word_1_226' title='bbox 580 995 633 1011; x_wconf 90' lang='lat' dir='ltr'>cum</span> <span class='ocrx_word' id='word_1_227' title='bbox 650 990 678 1011; x_wconf 87' lang='lat' dir='ltr'>sit</span> <span class='ocrx_word' id='word_1_228' title='bbox 689 990 769 1017; x_wconf 78' lang='lat' dir='ltr'>regula</span> <span class='ocrx_word' id='word_1_229' title='bbox 781 990 994 1018; x_wconf 78' lang='lat' dir='ltr'>grammaticorum,</span> 
     </span>
     <span class='ocr_line' id='line_1_34' title="bbox 145 1027 995 1056; baseline 0.001 -7"><span class='ocrx_word' id='word_1_230' title='bbox 145 1027 212 1056; x_wconf 85' lang='lat' dir='ltr'>quod</span> <span class='ocrx_word' id='word_1_231' title='bbox 229 1027 381 1055; x_wconf 83' lang='lat' dir='ltr'>adieetivum‚</span> <span class='ocrx_word' id='word_1_232' title='bbox 399 1028 417 1049; x_wconf 94' lang='lat' dir='ltr'>si</span> <span class='ocrx_word' id='word_1_233' title='bbox 434 1028 566 1050; x_wconf 84' lang='lat' dir='ltr'>immediate</span> <span class='ocrx_word' id='word_1_234' title='bbox 582 1027 626 1050; x_wconf 87' lang='lat' dir='ltr'>sibi</span> <span class='ocrx_word' id='word_1_235' title='bbox 643 1028 791 1050; x_wconf 86' lang='lat' dir='ltr'>coniunctum</span> <span class='ocrx_word' id='word_1_236' title='bbox 808 1027 877 1051; x_wconf 84' lang='lat' dir='ltr'>habet</span> <span class='ocrx_word' id='word_1_237' title='bbox 888 1028 995 1050; x_wconf 86' lang='lat' dir='ltr'>substan-</span> 
     </span>
     <span class='ocr_line' id='line_1_35' title="bbox 145 1066 994 1094; baseline 0.001 -7"><span class='ocrx_word' id='word_1_238' title='bbox 145 1066 236 1094; x_wconf 84' lang='lat' dir='ltr'>tivum,</span> <span class='ocrx_word' id='word_1_239' title='bbox 254 1072 299 1087; x_wconf 89' lang='lat' dir='ltr'>non</span> <span class='ocrx_word' id='word_1_240' title='bbox 316 1068 392 1093; x_wconf 86' lang='lat' dir='ltr'>potest</span> <span class='ocrx_word' id='word_1_241' title='bbox 408 1067 482 1094; x_wconf 84' lang='lat' dir='ltr'>accipi</span> <span class='ocrx_word' id='word_1_242' title='bbox 499 1068 524 1088; x_wconf 91' lang='lat' dir='ltr'>ut</span> <span class='ocrx_word' id='word_1_243' title='bbox 541 1066 712 1088; x_wconf 83' lang='lat' dir='ltr'>substantivum</span> <span class='ocrx_word' id='word_1_244' title='bbox 728 1067 778 1088; x_wconf 86' lang='lat' dir='ltr'>sive</span> <span class='ocrx_word' id='word_1_245' title='bbox 795 1069 820 1089; x_wconf 89' lang='lat' dir='ltr'>ut</span> <span class='ocrx_word' id='word_1_246' title='bbox 837 1067 959 1094; x_wconf 83' lang='lat' dir='ltr'>appositio.</span> <span class='ocrx_word' id='word_1_247' title='bbox 972 1067 994 1088; x_wconf 86' lang='lat' dir='ltr'>Si</span> 
     </span>
     <span class='ocr_line' id='line_1_36' title="bbox 148 1104 995 1134; baseline 0.002 -8"><span class='ocrx_word' id='word_1_248' title='bbox 148 1106 226 1127; x_wconf 86' lang='lat' dir='ltr'>autem</span> <span class='ocrx_word' id='word_1_249' title='bbox 250 1104 313 1127; x_wconf 80' lang='lat' dir='ltr'>alius</span> <span class='ocrx_word' id='word_1_250' title='bbox 339 1107 374 1127; x_wconf 86' lang='lat' dir='ltr'>est</span> <span class='ocrx_word' id='word_1_251' title='bbox 398 1105 550 1133; x_wconf 88' lang='lat' dir='ltr'>adiectivum‚</span> <span class='ocrx_word' id='word_1_252' title='bbox 568 1107 622 1128; x_wconf 85' lang='lat' dir='ltr'>tune</span> <span class='ocrx_word' id='word_1_253' title='bbox 633 1106 694 1128; x_wconf 83' lang='lat' dir='ltr'>valet</span> <span class='ocrx_word' id='word_1_254' title='bbox 710 1106 790 1133; x_wconf 83' lang='lat' dir='ltr'>regula</span> <span class='ocrx_word' id='word_1_255' title='bbox 813 1106 908 1134; x_wconf 80' lang='lat' dir='ltr'>logicae,</span> <span class='ocrx_word' id='word_1_256' title='bbox 931 1106 995 1134; x_wconf 90' lang='lat' dir='ltr'>quod</span> 
     </span>
     <span class='ocr_line' id='line_1_37' title="bbox 145 1142 996 1173; baseline 0.002 -8"><span class='ocrx_word' id='word_1_257' title='bbox 145 1142 219 1172; x_wconf 81' lang='lat' dir='ltr'>alius,</span> <span class='ocrx_word' id='word_1_258' title='bbox 239 1143 332 1172; x_wconf 87' lang='lat' dir='ltr'>quando</span> <span class='ocrx_word' id='word_1_259' title='bbox 350 1143 482 1166; x_wconf 86' lang='lat' dir='ltr'>immediate</span> <span class='ocrx_word' id='word_1_260' title='bbox 499 1144 528 1166; x_wconf 82' lang='lat' dir='ltr'>ad</span> <span class='ocrx_word' id='word_1_261' title='bbox 545 1150 614 1166; x_wconf 89' lang='lat' dir='ltr'>suum</span> <span class='ocrx_word' id='word_1_262' title='bbox 631 1144 787 1166; x_wconf 78' lang='lat' dir='ltr'>subjectivum</span> <span class='ocrx_word' id='word_1_263' title='bbox 799 1145 899 1173; x_wconf 68' lang='lat' dir='ltr'>ponitur,</span> <span class='ocrx_word' id='word_1_264' title='bbox 911 1145 996 1173; x_wconf 86' lang='lat' dir='ltr'>impor-</span> 
     </span>
     <span class='ocr_line' id='line_1_38' title="bbox 148 1181 996 1212; baseline 0.001 -8"><span class='ocrx_word' id='word_1_265' title='bbox 148 1183 180 1204; x_wconf 87' lang='lat' dir='ltr'>tat</span> <span class='ocrx_word' id='word_1_266' title='bbox 200 1181 360 1205; x_wconf 73' lang='lat' dir='ltr'>«alietatem»</span> <span class='ocrx_word' id='word_1_267' title='bbox 381 1183 441 1205; x_wconf 88' lang='lat' dir='ltr'>cirea</span> <span class='ocrx_word' id='word_1_268' title='bbox 458 1189 527 1205; x_wconf 91' lang='lat' dir='ltr'>suum</span> <span class='ocrx_word' id='word_1_269' title='bbox 544 1182 716 1205; x_wconf 77' lang='lat' dir='ltr'>substantivum</span> <span class='ocrx_word' id='word_1_270' title='bbox 733 1187 782 1206; x_wconf 82' lang='lat' dir='ltr'>tum</span> <span class='ocrx_word' id='word_1_271' title='bbox 799 1184 887 1206; x_wconf 78' lang='lat' dir='ltr'>ratione</span> <span class='ocrx_word' id='word_1_272' title='bbox 908 1190 996 1212; x_wconf 89' lang='lat' dir='ltr'>suppo-</span> 
     </span>
    </p>
   </div>
   <div class='ocr_carea' id='block_1_9' title="bbox 1050 910 1899 1174">
    <p class='ocr_par' dir='ltr' id='par_1_10' title="bbox 1051 910 1897 978">
     <span class='ocr_line' id='line_1_39' title="bbox 1051 910 1897 940; baseline 0.002 -8"><span class='ocrx_word' id='word_1_273' title='bbox 1051 911 1101 939; x_wconf 86' lang='lat' dir='ltr'>siti⁷</span> <span class='ocrx_word' id='word_1_274' title='bbox 1119 913 1168 933; x_wconf 89' lang='lat' dir='ltr'>tum</span> <span class='ocrx_word' id='word_1_275' title='bbox 1185 911 1273 933; x_wconf 86' lang='lat' dir='ltr'>ratione</span> <span class='ocrx_word' id='word_1_276' title='bbox 1289 911 1384 933; x_wconf 76' lang='lat' dir='ltr'>formae.</span> <span class='ocrx_word' id='word_1_277' title='bbox 1402 910 1575 940; x_wconf 87' lang='lat' dir='ltr'>Consequenter</span> <span class='ocrx_word' id='word_1_278' title='bbox 1592 911 1614 933; x_wconf 93' lang='lat' dir='ltr'>in</span> <span class='ocrx_word' id='word_1_279' title='bbox 1632 916 1687 933; x_wconf 83' lang='lat' dir='ltr'>casu</span> <span class='ocrx_word' id='word_1_280' title='bbox 1708 913 1786 933; x_wconf 91' lang='lat' dir='ltr'>nostro</span> <span class='ocrx_word' id='word_1_281' title='bbox 1803 912 1840 934; x_wconf 88' lang='lat' dir='ltr'>hie</span> <span class='ocrx_word' id='word_1_282' title='bbox 1855 914 1897 935; x_wconf 87' lang='lat' dir='ltr'>ter-</span> 
     </span>
     <span class='ocr_line' id='line_1_40' title="bbox 1051 950 1604 978; baseline -0.002 -6"><span class='ocrx_word' id='word_1_283' title='bbox 1051 951 1128 972; x_wconf 90' lang='lat' dir='ltr'>minus</span> <span class='ocrx_word' id='word_1_284' title='bbox 1145 951 1280 978; x_wconf 81' lang='lat' dir='ltr'>importaret</span> <span class='ocrx_word' id='word_1_285' title='bbox 1296 950 1452 972; x_wconf 70' lang='lat' dir='ltr'>diversitatem</span> <span class='ocrx_word' id='word_1_286' title='bbox 1469 950 1491 971; x_wconf 90' lang='lat' dir='ltr'>in</span> <span class='ocrx_word' id='word_1_287' title='bbox 1508 950 1604 972; x_wconf 85' lang='lat' dir='ltr'>Deitate.</span> 
     </span>
    </p>

    <p class='ocr_par' dir='ltr' id='par_1_11' title="bbox 1050 982 1899 1174">
     <span class='ocr_line' id='line_1_41' title="bbox 1051 982 1899 1017; baseline 0.001 -6"><span class='ocrx_word' id='word_1_288' title='bbox 1051 982 1053 985; x_wconf 51' lang='lat'>¹</span> <span class='ocrx_word' id='word_1_289' title='bbox 1113 989 1136 1011; x_wconf 93' lang='lat' dir='ltr'>II.</span> <span class='ocrx_word' id='word_1_290' title='bbox 1154 989 1177 1011; x_wconf 91' lang='lat' dir='ltr'>In</span> <span class='ocrx_word' id='word_1_291' title='bbox 1196 989 1343 1011; x_wconf 87' lang='lat' dir='ltr'>conclusione</span> <span class='ocrx_word' id='word_1_292' title='bbox 1360 992 1382 1011; x_wconf 88' lang='lat' dir='ltr'>et</span> <span class='ocrx_word' id='word_1_293' title='bbox 1398 989 1511 1011; x_wconf 85' lang='lat' dir='ltr'>solutione</span> <span class='ocrx_word' id='word_1_294' title='bbox 1528 988 1672 1011; x_wconf 90' lang='lat' dir='ltr'>obiectorum</span> <span class='ocrx_word' id='word_1_295' title='bbox 1697 989 1836 1017; x_wconf 84' lang='lat' dir='ltr'>principales</span> <span class='ocrx_word' id='word_1_296' title='bbox 1857 989 1899 1012; x_wconf 88' lang='lat' dir='ltr'>do-</span> 
     </span>
     <span class='ocr_line' id='line_1_42' title="bbox 1051 1028 1896 1057; baseline 0.001 -7"><span class='ocrx_word' id='word_1_297' title='bbox 1051 1029 1126 1050; x_wconf 84' lang='lat' dir='ltr'>ctores</span> <span class='ocrx_word' id='word_1_298' title='bbox 1143 1029 1289 1050; x_wconf 84' lang='lat' dir='ltr'>conveniunt.</span> <span class='ocrx_word' id='word_1_299' title='bbox 1306 1028 1368 1050; x_wconf 84' lang='lat' dir='ltr'>Alex.</span> <span class='ocrx_word' id='word_1_300' title='bbox 1393 1028 1447 1056; x_wconf 85' lang='lat' dir='ltr'>Hal,</span> <span class='ocrx_word' id='word_1_301' title='bbox 1465 1028 1488 1050; x_wconf 91' lang='lat' dir='ltr'>S.</span> <span class='ocrx_word' id='word_1_302' title='bbox 1505 1034 1528 1056; x_wconf 90' lang='lat' dir='ltr'>p.</span> <span class='ocrx_word' id='word_1_303' title='bbox 1546 1028 1560 1050; x_wconf 95' lang='lat' dir='ltr'>I.</span> <span class='ocrx_word' id='word_1_304' title='bbox 1578 1035 1600 1057; x_wconf 86' lang='lat' dir='ltr'>q.</span> <span class='ocrx_word' id='word_1_305' title='bbox 1618 1028 1656 1050; x_wconf 87' lang='grc'>50.</span> <span class='ocrx_word' id='word_1_306' title='bbox 1673 1034 1704 1050; x_wconf 90' lang='lat' dir='ltr'>m.</span> <span class='ocrx_word' id='word_1_307' title='bbox 1722 1028 1742 1050; x_wconf 82' lang='lat'>3.</span> <span class='ocrx_word' id='word_1_308' title='bbox 1761 1034 1780 1050; x_wconf 86' lang='lat' dir='ltr'>a.</span> <span class='ocrx_word' id='word_1_309' title='bbox 1799 1029 1820 1050; x_wconf 84' lang='lat'>2.</span> <span class='ocrx_word' id='word_1_310' title='bbox 1844 1028 1857 1057; x_wconf 66' lang='lat' dir='ltr'>S</span> <span class='ocrx_word' id='word_1_311' title='bbox 1875 1029 1896 1051; x_wconf 74' lang='lat'>2.</span> 
     </span>
     <span class='ocr_line' id='line_1_43' title="bbox 1050 1066 1897 1096; baseline 0.001 -8"><span class='ocrx_word' id='word_1_312' title='bbox 1050 1078 1082 1082; x_wconf 97' lang='lat'><strong>—</strong></span> <span class='ocrx_word' id='word_1_313' title='bbox 1099 1066 1175 1094; x_wconf 61' lang='lat' dir='ltr'>Soet,</span> <span class='ocrx_word' id='word_1_314' title='bbox 1195 1067 1232 1089; x_wconf 85' lang='lat' dir='ltr'>hic</span> <span class='ocrx_word' id='word_1_315' title='bbox 1249 1073 1271 1095; x_wconf 90' lang='lat' dir='ltr'>q.</span> <span class='ocrx_word' id='word_1_316' title='bbox 1290 1067 1311 1089; x_wconf 82' lang='lat' dir='ltr'>¹l.</span> <span class='ocrx_word' id='word_1_317' title='bbox 1328 1079 1360 1083; x_wconf 97' lang='lat'><strong>—</strong></span> <span class='ocrx_word' id='word_1_318' title='bbox 1376 1067 1398 1089; x_wconf 82' lang='lat' dir='ltr'>S.</span> <span class='ocrx_word' id='word_1_319' title='bbox 1417 1067 1515 1095; x_wconf 86' lang='lat' dir='ltr'>Thom.‚</span> <span class='ocrx_word' id='word_1_320' title='bbox 1534 1067 1570 1089; x_wconf 87' lang='lat' dir='ltr'>hie</span> <span class='ocrx_word' id='word_1_321' title='bbox 1587 1073 1606 1088; x_wconf 89' lang='lat' dir='ltr'>a.</span> <span class='ocrx_word' id='word_1_322' title='bbox 1626 1067 1652 1095; x_wconf 81' lang='lat'>3,</span> <span class='ocrx_word' id='word_1_323' title='bbox 1670 1067 1693 1089; x_wconf 88' lang='lat' dir='ltr'>S.</span> <span class='ocrx_word' id='word_1_324' title='bbox 1710 1067 1725 1089; x_wconf 93' lang='lat' dir='ltr'>l.</span> <span class='ocrx_word' id='word_1_325' title='bbox 1743 1074 1764 1096; x_wconf 83' lang='lat' dir='ltr'>q.</span> <span class='ocrx_word' id='word_1_326' title='bbox 1783 1068 1820 1089; x_wconf 86' lang='grc'>31.</span> <span class='ocrx_word' id='word_1_327' title='bbox 1838 1074 1857 1089; x_wconf 90' lang='lat' dir='ltr'>a.</span> <span class='ocrx_word' id='word_1_328' title='bbox 1876 1068 1897 1089; x_wconf 83' lang='lat'>2.</span> 
     </span>
     <span class='ocr_line' id='line_1_44' title="bbox 1050 1105 1899 1135; baseline 0.001 -8"><span class='ocrx_word' id='word_1_329' title='bbox 1050 1117 1082 1121; x_wconf 97' lang='lat'><strong>—</strong></span> <span class='ocrx_word' id='word_1_330' title='bbox 1098 1105 1122 1127; x_wconf 91' lang='lat' dir='ltr'>B.</span> <span class='ocrx_word' id='word_1_331' title='bbox 1140 1105 1225 1128; x_wconf 89' lang='lat' dir='ltr'>Albert.</span> <span class='ocrx_word' id='word_1_332' title='bbox 1236 1124 1241 1134; x_wconf 81' lang='lat'>‚</span> <span class='ocrx_word' id='word_1_333' title='bbox 1259 1106 1295 1128; x_wconf 90' lang='lat' dir='ltr'>hic</span> <span class='ocrx_word' id='word_1_334' title='bbox 1312 1112 1332 1128; x_wconf 90' lang='lat' dir='ltr'>a.</span> <span class='ocrx_word' id='word_1_335' title='bbox 1351 1105 1372 1128; x_wconf 81' lang='lat'>5.</span> <span class='ocrx_word' id='word_1_336' title='bbox 1389 1117 1421 1122; x_wconf 90' lang='lat'>-—</span> <span class='ocrx_word' id='word_1_337' title='bbox 1437 1105 1496 1128; x_wconf 89' lang='lat' dir='ltr'>Petr.</span> <span class='ocrx_word' id='word_1_338' title='bbox 1513 1112 1527 1128; x_wconf 87' lang='lat' dir='ltr'>a</span> <span class='ocrx_word' id='word_1_339' title='bbox 1544 1106 1612 1134; x_wconf 84' lang='lat' dir='ltr'>Tar.,</span> <span class='ocrx_word' id='word_1_340' title='bbox 1631 1106 1667 1128; x_wconf 85' lang='lat' dir='ltr'>hie</span> <span class='ocrx_word' id='word_1_341' title='bbox 1683 1112 1706 1135; x_wconf 85' lang='lat' dir='ltr'>q.</span> <span class='ocrx_word' id='word_1_342' title='bbox 1719 1106 1740 1128; x_wconf 84' lang='lat'>2.</span> <span class='ocrx_word' id='word_1_343' title='bbox 1753 1112 1772 1128; x_wconf 81' lang='lat' dir='ltr'>a.</span> <span class='ocrx_word' id='word_1_344' title='bbox 1786 1106 1807 1128; x_wconf 80' lang='lat'>2.</span> <span class='ocrx_word' id='word_1_345' title='bbox 1818 1106 1899 1128; x_wconf 83' lang='lat' dir='ltr'>—Ri-</span> 
     </span>
     <span class='ocr_line' id='line_1_45' title="bbox 1052 1144 1385 1174; baseline 0.003 -8"><span class='ocrx_word' id='word_1_346' title='bbox 1052 1144 1133 1167; x_wconf 86' lang='lat' dir='ltr'>chard.</span> <span class='ocrx_word' id='word_1_347' title='bbox 1149 1151 1162 1167; x_wconf 91' lang='lat' dir='ltr'>a</span> <span class='ocrx_word' id='word_1_348' title='bbox 1179 1145 1236 1167; x_wconf 83' lang='lat' dir='ltr'>Med.</span> <span class='ocrx_word' id='word_1_349' title='bbox 1248 1163 1253 1173; x_wconf 84' lang='lat'>,</span> <span class='ocrx_word' id='word_1_350' title='bbox 1271 1146 1307 1168; x_wconf 89' lang='lat' dir='ltr'>hic</span> <span class='ocrx_word' id='word_1_351' title='bbox 1324 1152 1346 1174; x_wconf 90' lang='lat' dir='ltr'>q.</span> <span class='ocrx_word' id='word_1_352' title='bbox 1364 1146 1385 1167; x_wconf 80' lang='lat'>2.</span> 
     </span>
    </p>
   </div>
   <div class='ocr_carea' id='block_1_10' title="bbox 876 1261 1178 1297">
    <p class='ocr_par' dir='ltr' id='par_1_12' title="bbox 876 1261 1178 1297">
     <span class='ocr_line' id='line_1_46' title="bbox 876 1261 1178 1297; baseline 0.003 -8"><span class='ocrx_word' id='word_1_353' title='bbox 876 1261 1086 1297; x_wconf 86' lang='lat' dir='ltr'>QUAESTIO</span> <span class='ocrx_word' id='word_1_354' title='bbox 1118 1262 1178 1290; x_wconf 92' lang='lat' dir='ltr'>III.</span> 
     </span>
    </p>
   </div>
   <div class='ocr_carea' id='block_1_11' title="bbox 452 1345 1593 1384">
    <p class='ocr_par' dir='ltr' id='par_1_13' title="bbox 452 1345 1593 1384">
     <span class='ocr_line' id='line_1_47' title="bbox 452 1345 1593 1384; baseline 0.001 -11"><span class='ocrx_word' id='word_1_355' title='bbox 452 1346 557 1374; x_wconf 77' lang='lat' dir='ltr'>Utrum</span> <span class='ocrx_word' id='word_1_356' title='bbox 578 1354 707 1383; x_wconf 63' lang='lat' dir='ltr'>congrue</span> <span class='ocrx_word' id='word_1_357' title='bbox 728 1345 815 1374; x_wconf 74' lang='lat' dir='ltr'>iuxta</span> <span class='ocrx_word' id='word_1_358' title='bbox 836 1346 957 1384; x_wconf 71' lang='lat' dir='ltr'>reyulas</span> <span class='ocrx_word' id='word_1_359' title='bbox 975 1346 1194 1383; x_wconf 65' lang='lat' dir='ltr'>grammaticae</span> <span class='ocrx_word' id='word_1_360' title='bbox 1215 1346 1276 1375; x_wconf 72' lang='lat' dir='ltr'>(liei</span> <span class='ocrx_word' id='word_1_361' title='bbox 1291 1346 1401 1383; x_wconf 78' lang='lat' dir='ltr'>possit:</span> <span class='ocrx_word' id='word_1_362' title='bbox 1419 1346 1522 1383; x_wconf 76' lang='lat' dir='ltr'>plures</span> <span class='ocrx_word' id='word_1_363' title='bbox 1543 1347 1593 1375; x_wconf 85' lang='lat' dir='ltr'>dii.</span> 
     </span>
    </p>
   </div>
   <div class='ocr_carea' id='block_1_12' title="bbox 146 1431 997 2215">
    <p class='ocr_par' dir='ltr' id='par_1_14' title="bbox 148 1431 997 1563">
     <span class='ocr_line' id='line_1_48' title="bbox 228 1431 997 1469; baseline 0 -9"><span class='ocrx_word' id='word_1_364' title='bbox 228 1431 320 1460; x_wconf 90' lang='lat' dir='ltr'>Tertio</span> <span class='ocrx_word' id='word_1_365' title='bbox 341 1431 503 1468; x_wconf 83' lang='lat' dir='ltr'>quaeritur,</span> <span class='ocrx_word' id='word_1_366' title='bbox 518 1434 616 1460; x_wconf 87' lang='lat' dir='ltr'>utrum</span> <span class='ocrx_word' id='word_1_367' title='bbox 629 1432 682 1461; x_wconf 88' lang='lat' dir='ltr'>hoc</span> <span class='ocrx_word' id='word_1_368' title='bbox 697 1440 799 1461; x_wconf 91' lang='lat' dir='ltr'>nomen</span> <span class='ocrx_word' id='word_1_369' title='bbox 814 1432 892 1460; x_wconf 77' lang='lat' dir='ltr'>Deus</span> <span class='ocrx_word' id='word_1_370' title='bbox 907 1440 997 1469; x_wconf 83' lang='lat' dir='ltr'>gram-</span> 
     </span>
     <span class='ocr_line' id='line_1_49' title="bbox 149 1478 996 1515; baseline 0.001 -9"><span class='ocrx_word' id='word_1_371' title='bbox 149 1479 250 1507; x_wconf 82' lang='lat' dir='ltr'>matice</span> <span class='ocrx_word' id='word_1_372' title='bbox 281 1478 418 1515; x_wconf 83' lang='lat' dir='ltr'>significet</span> <span class='ocrx_word' id='word_1_373' title='bbox 448 1478 589 1515; x_wconf 88' lang='lat' dir='ltr'>pluralem</span> <span class='ocrx_word' id='word_1_374' title='bbox 619 1486 788 1514; x_wconf 88' lang='lat' dir='ltr'>numerum,</span> <span class='ocrx_word' id='word_1_375' title='bbox 810 1479 869 1507; x_wconf 90' lang='lat' dir='ltr'>sive</span> <span class='ocrx_word' id='word_1_376' title='bbox 898 1481 996 1507; x_wconf 85' lang='lat' dir='ltr'>utrum</span> 
     </span>
     <span class='ocr_line' id='line_1_50' title="bbox 148 1524 995 1563; baseline 0 -9"><span class='ocrx_word' id='word_1_377' title='bbox 148 1533 272 1562; x_wconf 86' lang='lat' dir='ltr'>congrue</span> <span class='ocrx_word' id='word_1_378' title='bbox 293 1525 380 1562; x_wconf 85' lang='lat' dir='ltr'>possit</span> <span class='ocrx_word' id='word_1_379' title='bbox 401 1525 467 1554; x_wconf 86' lang='lat' dir='ltr'>dici:</span> <span class='ocrx_word' id='word_1_380' title='bbox 488 1524 588 1562; x_wconf 76' lang='lat' dir='ltr'>plures</span> <span class='ocrx_word' id='word_1_381' title='bbox 603 1525 653 1553; x_wconf 79' lang='lat' dir='ltr'>dii.</span> <span class='ocrx_word' id='word_1_382' title='bbox 670 1526 700 1554; x_wconf 89' lang='lat' dir='ltr'>Et</span> <span class='ocrx_word' id='word_1_383' title='bbox 715 1526 790 1563; x_wconf 87' lang='lat' dir='ltr'>quod</span> <span class='ocrx_word' id='word_1_384' title='bbox 805 1526 852 1560; x_wconf 89' lang='lat' dir='ltr'>sic,</span> <span class='ocrx_word' id='word_1_385' title='bbox 868 1525 995 1554; x_wconf 87' lang='lat' dir='ltr'>videtur:</span> 
     </span>
    </p>

    <p class='ocr_par' dir='ltr' id='par_1_15' title="bbox 147 1572 997 1842">
     <span class='ocr_line' id='line_1_51' title="bbox 228 1572 997 1609; baseline 0.001 -9"><span class='ocrx_word' id='word_1_386' title='bbox 228 1573 252 1600; x_wconf 79' lang='lat' dir='ltr'>l.</span> <span class='ocrx_word' id='word_1_387' title='bbox 269 1572 340 1608; x_wconf 88' lang='lat' dir='ltr'>Quia</span> <span class='ocrx_word' id='word_1_388' title='bbox 355 1572 512 1600; x_wconf 90' lang='lat' dir='ltr'>secundum</span> <span class='ocrx_word' id='word_1_389' title='bbox 526 1572 743 1609; x_wconf 65' lang='lat' dir='ltr'>Philosophum·²</span> <span class='ocrx_word' id='word_1_390' title='bbox 758 1572 916 1601; x_wconf 84' lang='lat' dir='ltr'>intellectus</span> <span class='ocrx_word' id='word_1_391' title='bbox 931 1575 997 1601; x_wconf 91' lang='lat' dir='ltr'>sunt</span> 
     </span>
     <span class='ocr_line' id='line_1_52' title="bbox 149 1618 994 1656; baseline 0 -9"><span class='ocrx_word' id='word_1_392' title='bbox 149 1618 224 1648; x_wconf 89' lang='lat' dir='ltr'>idem</span> <span class='ocrx_word' id='word_1_393' title='bbox 245 1618 322 1656; x_wconf 88' lang='lat' dir='ltr'>apud</span> <span class='ocrx_word' id='word_1_394' title='bbox 352 1626 467 1653; x_wconf 88' lang='lat' dir='ltr'>omnes,</span> <span class='ocrx_word' id='word_1_395' title='bbox 498 1618 627 1655; x_wconf 88' lang='lat' dir='ltr'>quamvis</span> <span class='ocrx_word' id='word_1_396' title='bbox 658 1627 740 1648; x_wconf 88' lang='lat' dir='ltr'>voces</span> <span class='ocrx_word' id='word_1_397' title='bbox 772 1619 827 1648; x_wconf 93' lang='lat' dir='ltr'>sint</span> <span class='ocrx_word' id='word_1_398' title='bbox 847 1619 994 1653; x_wconf 79' lang='lat' dir='ltr'>diversae3</span> 
     </span>
     <span class='ocr_line' id='line_1_53' title="bbox 151 1664 996 1702; baseline 0.001 -9"><span class='ocrx_word' id='word_1_399' title='bbox 151 1665 200 1694; x_wconf 87' lang='lat' dir='ltr'>sed</span> <span class='ocrx_word' id='word_1_400' title='bbox 221 1665 297 1694; x_wconf 91' lang='lat' dir='ltr'>modi</span> <span class='ocrx_word' id='word_1_401' title='bbox 328 1664 502 1702; x_wconf 83' lang='lat' dir='ltr'>significandi</span> <span class='ocrx_word' id='word_1_402' title='bbox 533 1668 745 1702; x_wconf 86' lang='lat' dir='ltr'>consequuntur</span> <span class='ocrx_word' id='word_1_403' title='bbox 775 1665 873 1694; x_wconf 88' lang='lat' dir='ltr'>modos</span> <span class='ocrx_word' id='word_1_404' title='bbox 898 1665 996 1694; x_wconf 91' lang='lat' dir='ltr'>intelli-</span> 
     </span>
     <span class='ocr_line' id='line_1_54' title="bbox 150 1712 995 1749; baseline -0.001 -8"><span class='ocrx_word' id='word_1_405' title='bbox 150 1712 251 1749; x_wconf 85' lang='lat' dir='ltr'>gendi:</span> <span class='ocrx_word' id='word_1_406' title='bbox 274 1719 340 1748; x_wconf 81' lang='lat' dir='ltr'>ergo</span> <span class='ocrx_word' id='word_1_407' title='bbox 368 1719 432 1740; x_wconf 88' lang='lat' dir='ltr'>cum</span> <span class='ocrx_word' id='word_1_408' title='bbox 453 1712 529 1749; x_wconf 87' lang='lat' dir='ltr'>apud</span> <span class='ocrx_word' id='word_1_409' title='bbox 560 1712 699 1741; x_wconf 88' lang='lat' dir='ltr'>Hebraeos</span> <span class='ocrx_word' id='word_1_410' title='bbox 730 1720 853 1749; x_wconf 85' lang='lat' dir='ltr'>congrue</span> <span class='ocrx_word' id='word_1_411' title='bbox 885 1712 995 1741; x_wconf 89' lang='lat' dir='ltr'>dicatur</span> 
     </span>
     <span class='ocr_line' id='line_1_55' title="bbox 148 1758 995 1796; baseline 0 -9"><span class='ocrx_word' id='word_1_412' title='bbox 148 1758 281 1793; x_wconf 79' lang='lat' dir='ltr'>Heloim,</span> <span class='ocrx_word' id='word_1_413' title='bbox 302 1758 378 1796; x_wconf 89' lang='lat' dir='ltr'>quod</span> <span class='ocrx_word' id='word_1_414' title='bbox 399 1758 569 1796; x_wconf 85' lang='lat' dir='ltr'>aequipollet</span> <span class='ocrx_word' id='word_1_415' title='bbox 590 1759 615 1787; x_wconf 89' lang='lat' dir='ltr'>ei</span> <span class='ocrx_word' id='word_1_416' title='bbox 636 1759 712 1796; x_wconf 90' lang='lat' dir='ltr'>quod</span> <span class='ocrx_word' id='word_1_417' title='bbox 733 1762 775 1788; x_wconf 91' lang='lat' dir='ltr'>est</span> <span class='ocrx_word' id='word_1_418' title='bbox 794 1759 853 1793; x_wconf 79' lang='lat' dir='ltr'>atii,</span> <span class='ocrx_word' id='word_1_419' title='bbox 875 1767 943 1796; x_wconf 81' lang='lat' dir='ltr'>erge</span> <span class='ocrx_word' id='word_1_420' title='bbox 967 1762 995 1787; x_wconf 94' lang='lat' dir='ltr'>et</span> 
     </span>
     <span class='ocr_line' id='line_1_56' title="bbox 147 1805 303 1842; baseline -0.006 -8"><span class='ocrx_word' id='word_1_421' title='bbox 147 1805 223 1842; x_wconf 90' lang='lat' dir='ltr'>apud</span> <span class='ocrx_word' id='word_1_422' title='bbox 244 1813 303 1834; x_wconf 89' lang='lat' dir='ltr'>nos.</span> 
     </span>
    </p>

    <p class='ocr_par' dir='ltr' id='par_1_16' title="bbox 146 1852 995 2121">
     <span class='ocr_line' id='line_1_57' title="bbox 227 1852 995 1890; baseline 0.001 -10"><span class='ocrx_word' id='word_1_423' title='bbox 227 1853 253 1880; x_wconf 68' lang='grc' dir='ltr'>Ξ.</span> <span class='ocrx_word' id='word_1_424' title='bbox 268 1852 344 1886; x_wconf 84' lang='lat' dir='ltr'>Item,</span> <span class='ocrx_word' id='word_1_425' title='bbox 360 1852 432 1881; x_wconf 89' lang='lat' dir='ltr'>sicut</span> <span class='ocrx_word' id='word_1_426' title='bbox 446 1852 507 1881; x_wconf 91' lang='lat' dir='ltr'>vult</span> <span class='ocrx_word' id='word_1_427' title='bbox 520 1852 705 1889; x_wconf 80' lang='lat' dir='ltr'>Philosophus</span> <span class='ocrx_word' id='word_1_428' title='bbox 717 1852 736 1887; x_wconf 80' lang='lat'>⁵,</span> <span class='ocrx_word' id='word_1_429' title='bbox 752 1860 851 1881; x_wconf 90' lang='lat' dir='ltr'>verum</span> <span class='ocrx_word' id='word_1_430' title='bbox 863 1852 995 1890; x_wconf 87' lang='lat' dir='ltr'>supponit</span> 
     </span>
     <span class='ocr_line' id='line_1_58' title="bbox 148 1898 994 1935; baseline 0 -8"><span class='ocrx_word' id='word_1_431' title='bbox 148 1906 321 1935; x_wconf 78' lang='lat' dir='ltr'>congruum3</span> <span class='ocrx_word' id='word_1_432' title='bbox 342 1898 418 1927; x_wconf 90' lang='lat' dir='ltr'>unde</span> <span class='ocrx_word' id='word_1_433' title='bbox 447 1898 579 1927; x_wconf 83' lang='lat' dir='ltr'>«Catonis</span> <span class='ocrx_word' id='word_1_434' title='bbox 600 1901 656 1933; x_wconf 87' lang='lat' dir='ltr'>est,</span> <span class='ocrx_word' id='word_1_435' title='bbox 678 1899 722 1927; x_wconf 88' lang='lat' dir='ltr'>vel</span> <span class='ocrx_word' id='word_1_436' title='bbox 736 1907 791 1927; x_wconf 82' lang='lat' dir='ltr'>non</span> <span class='ocrx_word' id='word_1_437' title='bbox 806 1901 863 1933; x_wconf 87' lang='lat' dir='ltr'>est,</span> <span class='ocrx_word' id='word_1_438' title='bbox 884 1907 935 1927; x_wconf 87' lang='lat' dir='ltr'>nec</span> <span class='ocrx_word' id='word_1_439' title='bbox 950 1906 994 1927; x_wconf 90' lang='lat' dir='ltr'>ve-</span> 
     </span>
     <span class='ocr_line' id='line_1_59' title="bbox 148 1944 994 1981; baseline 0.001 -8"><span class='ocrx_word' id='word_1_440' title='bbox 148 1953 213 1973; x_wconf 91' lang='lat' dir='ltr'>rum</span> <span class='ocrx_word' id='word_1_441' title='bbox 235 1953 285 1974; x_wconf 89' lang='lat' dir='ltr'>nec</span> <span class='ocrx_word' id='word_1_442' title='bbox 306 1945 409 1973; x_wconf 87' lang='lat' dir='ltr'>falsum</span> <span class='ocrx_word' id='word_1_443' title='bbox 431 1944 567 1981; x_wconf 87' lang='lat' dir='ltr'>significat</span> <span class='ocrx_word' id='word_1_444' title='bbox 580 1956 611 1979; x_wconf 80' lang='grc'>»;</span> <span class='ocrx_word' id='word_1_445' title='bbox 633 1945 682 1974; x_wconf 87' lang='lat' dir='ltr'>sed</span> <span class='ocrx_word' id='word_1_446' title='bbox 696 1945 766 1974; x_wconf 86' lang='lat' dir='ltr'>haec</span> <span class='ocrx_word' id='word_1_447' title='bbox 780 1953 847 1974; x_wconf 82' lang='lat' dir='ltr'>vera</span> <span class='ocrx_word' id='word_1_448' title='bbox 867 1948 923 1974; x_wconf 87' lang='lat' dir='ltr'>est:</span> <span class='ocrx_word' id='word_1_449' title='bbox 938 1953 994 1974; x_wconf 88' lang='lat' dir='ltr'>non</span> 
     </span>
     <span class='ocr_line' id='line_1_60' title="bbox 148 1992 994 2029; baseline 0 -9"><span class='ocrx_word' id='word_1_450' title='bbox 148 1994 215 2020; x_wconf 86' lang='lat' dir='ltr'>sunt</span> <span class='ocrx_word' id='word_1_451' title='bbox 235 1992 332 2029; x_wconf 88' lang='lat' dir='ltr'>plures</span> <span class='ocrx_word' id='word_1_452' title='bbox 354 1992 408 2020; x_wconf 90' lang='lat' dir='ltr'>dii:</span> <span class='ocrx_word' id='word_1_453' title='bbox 431 1999 497 2028; x_wconf 82' lang='lat' dir='ltr'>ergo</span> <span class='ocrx_word' id='word_1_454' title='bbox 519 1999 656 2028; x_wconf 84' lang='lat' dir='ltr'>congrua:</span> <span class='ocrx_word' id='word_1_455' title='bbox 682 2000 748 2029; x_wconf 83' lang='lat' dir='ltr'>ergo</span> <span class='ocrx_word' id='word_1_456' title='bbox 779 1995 806 2021; x_wconf 92' lang='lat' dir='ltr'>et</span> <span class='ocrx_word' id='word_1_457' title='bbox 833 1992 900 2020; x_wconf 86' lang='lat' dir='ltr'>haec</span> <span class='ocrx_word' id='word_1_458' title='bbox 932 2000 994 2021; x_wconf 89' lang='lat' dir='ltr'>con-</span> 
     </span>
     <span class='ocr_line' id='line_1_61' title="bbox 147 2038 994 2075; baseline 0.001 -9"><span class='ocrx_word' id='word_1_459' title='bbox 147 2046 232 2075; x_wconf 83' lang='lat' dir='ltr'>grua:</span> <span class='ocrx_word' id='word_1_460' title='bbox 254 2038 350 2075; x_wconf 88' lang='lat' dir='ltr'>plures</span> <span class='ocrx_word' id='word_1_461' title='bbox 372 2040 437 2067; x_wconf 89' lang='lat' dir='ltr'>sunt</span> <span class='ocrx_word' id='word_1_462' title='bbox 457 2038 511 2072; x_wconf 86' lang='lat' dir='ltr'>dii,</span> <span class='ocrx_word' id='word_1_463' title='bbox 532 2038 597 2075; x_wconf 86' lang='lat' dir='ltr'>quia</span> <span class='ocrx_word' id='word_1_464' title='bbox 613 2039 722 2075; x_wconf 86' lang='lat' dir='ltr'>negatio</span> <span class='ocrx_word' id='word_1_465' title='bbox 736 2046 791 2067; x_wconf 89' lang='lat' dir='ltr'>non</span> <span class='ocrx_word' id='word_1_466' title='bbox 810 2041 935 2067; x_wconf 90' lang='lat' dir='ltr'>removet</span> <span class='ocrx_word' id='word_1_467' title='bbox 955 2039 994 2067; x_wconf 92' lang='lat' dir='ltr'>in-</span> 
     </span>
     <span class='ocr_line' id='line_1_62' title="bbox 146 2085 359 2121; baseline -0.009 -7"><span class='ocrx_word' id='word_1_468' title='bbox 146 2085 359 2121; x_wconf 77' lang='lat' dir='ltr'>congruitatem.</span> 
     </span>
    </p>

    <p class='ocr_par' dir='ltr' id='par_1_17' title="bbox 146 2131 994 2215">
     <span class='ocr_line' id='line_1_63' title="bbox 227 2131 994 2169; baseline 0.001 -10"><span class='ocrx_word' id='word_1_469' title='bbox 227 2131 252 2159; x_wconf 89' lang='lat'>3.</span> <span class='ocrx_word' id='word_1_470' title='bbox 273 2131 340 2159; x_wconf 91' lang='lat' dir='ltr'>Item</span> <span class='ocrx_word' id='word_1_471' title='bbox 352 2154 359 2166; x_wconf 80' lang='lat'>,</span> <span class='ocrx_word' id='word_1_472' title='bbox 382 2131 453 2159; x_wconf 89' lang='lat' dir='ltr'>sicut</span> <span class='ocrx_word' id='word_1_473' title='bbox 472 2131 547 2160; x_wconf 89' lang='lat' dir='ltr'>Deus</span> <span class='ocrx_word' id='word_1_474' title='bbox 568 2132 697 2160; x_wconf 84' lang='lat' dir='ltr'>convenit</span> <span class='ocrx_word' id='word_1_475' title='bbox 716 2131 766 2160; x_wconf 89' lang='lat' dir='ltr'>uni</span> <span class='ocrx_word' id='word_1_476' title='bbox 780 2131 840 2167; x_wconf 89' lang='lat' dir='ltr'>soli,</span> <span class='ocrx_word' id='word_1_477' title='bbox 861 2132 899 2160; x_wconf 87' lang='lat' dir='ltr'>ita</span> <span class='ocrx_word' id='word_1_478' title='bbox 918 2132 994 2169; x_wconf 89' lang='lat' dir='ltr'>prin-</span> 
     </span>
     <span class='ocr_line' id='line_1_64' title="bbox 146 2178 993 2215; baseline 0 -9"><span class='ocrx_word' id='word_1_479' title='bbox 146 2178 273 2215; x_wconf 76' lang='lat' dir='ltr'>cipium³</span> <span class='ocrx_word' id='word_1_480' title='bbox 296 2180 492 2206; x_wconf 83' lang='lat' dir='ltr'>creaturarum</span> <span class='ocrx_word' id='word_1_481' title='bbox 522 2178 570 2206; x_wconf 91' lang='lat' dir='ltr'>uni</span> <span class='ocrx_word' id='word_1_482' title='bbox 599 2178 669 2212; x_wconf 90' lang='lat' dir='ltr'>soli;</span> <span class='ocrx_word' id='word_1_483' title='bbox 702 2178 752 2207; x_wconf 88' lang='lat' dir='ltr'>sed</span> <span class='ocrx_word' id='word_1_484' title='bbox 774 2178 903 2215; x_wconf 84' lang='lat' dir='ltr'>quamvis</span> <span class='ocrx_word' id='word_1_485' title='bbox 923 2178 993 2207; x_wconf 80' lang='lat' dir='ltr'>falso</span> 
     </span>
    </p>
   </div>
   <div class='ocr_carea' id='block_1_13' title="bbox 1019 1432 1025 2199">
    <p class='ocr_par' dir='ltr' id='par_1_18' title="bbox 1019 1432 1025 2199">
     <span class='ocr_line' id='line_1_65' title="bbox 1019 1432 1025 2199; baseline 0 0"><span class='ocrx_word' id='word_1_486' title='bbox 1019 1432 1025 2199; x_wconf 95' lang='lat' dir='ltr'> </span> 
     </span>
    </p>
   </div>
   <div class='ocr_carea' id='block_1_14' title="bbox 1049 1432 2038 2215">
    <p class='ocr_par' dir='ltr' id='par_1_19' title="bbox 1054 1432 1899 1516">
     <span class='ocr_line' id='line_1_66' title="bbox 1055 1432 1899 1470; baseline 0.001 -9"><span class='ocrx_word' id='word_1_487' title='bbox 1055 1432 1185 1461; x_wconf 84' lang='lat' dir='ltr'>dicantur</span> <span class='ocrx_word' id='word_1_488' title='bbox 1206 1432 1290 1469; x_wconf 90' lang='lat' dir='ltr'>plura</span> <span class='ocrx_word' id='word_1_489' title='bbox 1310 1432 1456 1470; x_wconf 85' lang='lat' dir='ltr'>principia,</span> <span class='ocrx_word' id='word_1_490' title='bbox 1488 1434 1582 1460; x_wconf 85' lang='lat' dir='ltr'>tamen</span> <span class='ocrx_word' id='word_1_491' title='bbox 1603 1432 1737 1461; x_wconf 88' lang='lat' dir='ltr'>dicuntur</span> <span class='ocrx_word' id='word_1_492' title='bbox 1757 1440 1899 1470; x_wconf 87' lang='lat' dir='ltr'>congrue:</span> 
     </span>
     <span class='ocr_line' id='line_1_67' title="bbox 1054 1479 1820 1516; baseline 0.001 -9"><span class='ocrx_word' id='word_1_493' title='bbox 1054 1486 1120 1516; x_wconf 83' lang='lat' dir='ltr'>ergo</span> <span class='ocrx_word' id='word_1_494' title='bbox 1141 1479 1202 1516; x_wconf 85' lang='lat' dir='ltr'>pari</span> <span class='ocrx_word' id='word_1_495' title='bbox 1224 1479 1330 1507; x_wconf 87' lang='lat' dir='ltr'>ratione</span> <span class='ocrx_word' id='word_1_496' title='bbox 1351 1486 1502 1516; x_wconf 87' lang='lat' dir='ltr'>possumus</span> <span class='ocrx_word' id='word_1_497' title='bbox 1524 1479 1634 1507; x_wconf 82' lang='lat' dir='ltr'>dicere:</span> <span class='ocrx_word' id='word_1_498' title='bbox 1656 1479 1753 1516; x_wconf 90' lang='lat' dir='ltr'>plures</span> <span class='ocrx_word' id='word_1_499' title='bbox 1774 1479 1820 1508; x_wconf 90' lang='lat' dir='ltr'>dii.</span> 
     </span>
    </p>

    <p class='ocr_par' dir='ltr' id='par_1_20' title="bbox 1052 1524 1901 1796">
     <span class='ocr_line' id='line_1_68' title="bbox 1131 1524 1901 1562; baseline 0 -8"><span class='ocrx_word' id='word_1_500' title='bbox 1131 1526 1158 1554; x_wconf 68' lang='lat' dir='ltr'>li.</span> <span class='ocrx_word' id='word_1_501' title='bbox 1179 1525 1263 1560; x_wconf 89' lang='lat' dir='ltr'>Item,</span> <span class='ocrx_word' id='word_1_502' title='bbox 1284 1525 1337 1554; x_wconf 90' lang='lat' dir='ltr'>hoc</span> <span class='ocrx_word' id='word_1_503' title='bbox 1351 1533 1452 1554; x_wconf 91' lang='lat' dir='ltr'>nomen</span> <span class='ocrx_word' id='word_1_504' title='bbox 1464 1524 1592 1562; x_wconf 72' lang='lat' dir='ltr'>phoenix</span> <span class='ocrx_word' id='word_1_505' title='bbox 1606 1533 1661 1554; x_wconf 87' lang='lat' dir='ltr'>non</span> <span class='ocrx_word' id='word_1_506' title='bbox 1675 1526 1760 1554; x_wconf 88' lang='lat' dir='ltr'>habet</span> <span class='ocrx_word' id='word_1_507' title='bbox 1774 1526 1826 1555; x_wconf 88' lang='lat' dir='ltr'>nisi</span> <span class='ocrx_word' id='word_1_508' title='bbox 1841 1526 1901 1554; x_wconf 89' lang='lat' dir='ltr'>uni-</span> 
     </span>
     <span class='ocr_line' id='line_1_69' title="bbox 1053 1572 1901 1610; baseline 0.001 -10"><span class='ocrx_word' id='word_1_509' title='bbox 1053 1580 1118 1600; x_wconf 88' lang='lat' dir='ltr'>cum</span> <span class='ocrx_word' id='word_1_510' title='bbox 1151 1573 1327 1609; x_wconf 87' lang='lat' dir='ltr'>suppositum</span> <span class='ocrx_word' id='word_1_511' title='bbox 1342 1572 1365 1607; x_wconf 73' lang='lat'>⁷3</span> <span class='ocrx_word' id='word_1_512' title='bbox 1387 1575 1480 1601; x_wconf 85' lang='lat' dir='ltr'>tamen</span> <span class='ocrx_word' id='word_1_513' title='bbox 1511 1580 1634 1609; x_wconf 86' lang='lat' dir='ltr'>congrue</span> <span class='ocrx_word' id='word_1_514' title='bbox 1659 1572 1776 1601; x_wconf 87' lang='lat' dir='ltr'>dicitur:</span> <span class='ocrx_word' id='word_1_515' title='bbox 1804 1572 1901 1610; x_wconf 86' lang='lat' dir='ltr'>plures</span> 
     </span>
     <span class='ocr_line' id='line_1_70' title="bbox 1055 1618 1901 1656; baseline 0.001 -9"><span class='ocrx_word' id='word_1_516' title='bbox 1055 1618 1213 1656; x_wconf 89' lang='lat' dir='ltr'>phoenices.</span> <span class='ocrx_word' id='word_1_517' title='bbox 1236 1619 1270 1648; x_wconf 90' lang='lat' dir='ltr'>Si</span> <span class='ocrx_word' id='word_1_518' title='bbox 1290 1623 1322 1647; x_wconf 77' lang='lat' dir='ltr'>ta</span> <span class='ocrx_word' id='word_1_519' title='bbox 1343 1619 1444 1653; x_wconf 71' lang='lat' dir='ltr'>dieas,</span> <span class='ocrx_word' id='word_1_520' title='bbox 1466 1619 1541 1656; x_wconf 91' lang='lat' dir='ltr'>quod</span> <span class='ocrx_word' id='word_1_521' title='bbox 1564 1619 1741 1656; x_wconf 87' lang='lat' dir='ltr'>suppositum</span> <span class='ocrx_word' id='word_1_522' title='bbox 1762 1619 1901 1656; x_wconf 88' lang='lat' dir='ltr'>plurifica-</span> 
     </span>
     <span class='ocr_line' id='line_1_71' title="bbox 1054 1665 1901 1703; baseline 0.001 -10"><span class='ocrx_word' id='word_1_523' title='bbox 1054 1668 1101 1693; x_wconf 89' lang='lat' dir='ltr'>tur</span> <span class='ocrx_word' id='word_1_524' title='bbox 1121 1673 1172 1702; x_wconf 88' lang='lat' dir='ltr'>per</span> <span class='ocrx_word' id='word_1_525' title='bbox 1194 1666 1400 1695; x_wconf 86' lang='lat' dir='ltr'>successionem</span> <span class='ocrx_word' id='word_1_526' title='bbox 1420 1665 1570 1703; x_wconf 69' lang='lat' dir='ltr'>temporis,</span> <span class='ocrx_word' id='word_1_527' title='bbox 1601 1665 1700 1695; x_wconf 86' lang='lat' dir='ltr'>obiicio</span> <span class='ocrx_word' id='word_1_528' title='bbox 1721 1665 1770 1694; x_wconf 88' lang='lat' dir='ltr'>tibi</span> <span class='ocrx_word' id='word_1_529' title='bbox 1793 1666 1827 1695; x_wconf 88' lang='lat' dir='ltr'>de</span> <span class='ocrx_word' id='word_1_530' title='bbox 1848 1666 1901 1695; x_wconf 87' lang='lat' dir='ltr'>hoc</span> 
     </span>
     <span class='ocr_line' id='line_1_72' title="bbox 1052 1712 1901 1749; baseline 0.001 -9"><span class='ocrx_word' id='word_1_531' title='bbox 1052 1713 1165 1741; x_wconf 86' lang='lat' dir='ltr'>nomine</span> <span class='ocrx_word' id='word_1_532' title='bbox 1186 1712 1237 1747; x_wconf 77' lang='lat' dir='ltr'>sol,</span> <span class='ocrx_word' id='word_1_533' title='bbox 1258 1713 1334 1749; x_wconf 88' lang='lat' dir='ltr'>quod</span> <span class='ocrx_word' id='word_1_534' title='bbox 1355 1712 1433 1741; x_wconf 89' lang='lat' dir='ltr'>nullo</span> <span class='ocrx_word' id='word_1_535' title='bbox 1454 1715 1580 1749; x_wconf 83' lang='lat' dir='ltr'>tempore</span> <span class='ocrx_word' id='word_1_536' title='bbox 1601 1712 1795 1749; x_wconf 79' lang='lat' dir='ltr'>plurificatur;</span> <span class='ocrx_word' id='word_1_537' title='bbox 1816 1715 1843 1741; x_wconf 90' lang='lat' dir='ltr'>et</span> <span class='ocrx_word' id='word_1_538' title='bbox 1863 1715 1901 1741; x_wconf 88' lang='lat' dir='ltr'>ta-</span> 
     </span>
     <span class='ocr_line' id='line_1_73' title="bbox 1053 1758 1899 1796; baseline 0 -9"><span class='ocrx_word' id='word_1_539' title='bbox 1053 1766 1117 1787; x_wconf 90' lang='lat' dir='ltr'>men</span> <span class='ocrx_word' id='word_1_540' title='bbox 1133 1766 1256 1795; x_wconf 81' lang='lat' dir='ltr'>congrue</span> <span class='ocrx_word' id='word_1_541' title='bbox 1271 1759 1389 1788; x_wconf 85' lang='lat' dir='ltr'>dicitur:</span> <span class='ocrx_word' id='word_1_542' title='bbox 1404 1759 1502 1796; x_wconf 87' lang='lat' dir='ltr'>plures</span> <span class='ocrx_word' id='word_1_543' title='bbox 1517 1759 1606 1787; x_wconf 87' lang='lat' dir='ltr'>soles:</span> <span class='ocrx_word' id='word_1_544' title='bbox 1622 1766 1689 1796; x_wconf 82' lang='lat' dir='ltr'>ergo</span> <span class='ocrx_word' id='word_1_545' title='bbox 1703 1761 1730 1787; x_wconf 90' lang='lat' dir='ltr'>et</span> <span class='ocrx_word' id='word_1_546' title='bbox 1744 1759 1841 1796; x_wconf 85' lang='lat' dir='ltr'>plures</span> <span class='ocrx_word' id='word_1_547' title='bbox 1853 1758 1899 1787; x_wconf 87' lang='lat' dir='ltr'>dii.</span> 
     </span>
    </p>

    <p class='ocr_par' dir='ltr' id='par_1_21' title="bbox 1050 1805 2038 2075">
     <span class='ocr_line' id='line_1_74' title="bbox 1133 1805 2038 1843; baseline 0.006 -10"><span class='ocrx_word' id='word_1_548' title='bbox 1133 1805 1260 1834; x_wconf 77' lang='lat' dir='ltr'>CONTRA:</span> <span class='ocrx_word' id='word_1_549' title='bbox 1276 1807 1300 1833; x_wconf 80' lang='lat' dir='ltr'>l.</span> <span class='ocrx_word' id='word_1_550' title='bbox 1316 1805 1404 1834; x_wconf 90' lang='lat' dir='ltr'>Omne</span> <span class='ocrx_word' id='word_1_551' title='bbox 1414 1813 1525 1840; x_wconf 88' lang='lat' dir='ltr'>nomen,</span> <span class='ocrx_word' id='word_1_552' title='bbox 1540 1806 1615 1842; x_wconf 88' lang='lat' dir='ltr'>quod</span> <span class='ocrx_word' id='word_1_553' title='bbox 1630 1806 1714 1834; x_wconf 89' lang='lat' dir='ltr'>habet</span> <span class='ocrx_word' id='word_1_554' title='bbox 1725 1805 1847 1842; x_wconf 88' lang='lat' dir='ltr'>plurale,</span> <span class='ocrx_word' id='word_1_555' title='bbox 1859 1808 2038 1843; x_wconf 62' lang='lat' dir='ltr'>estrundameuta.</span> 
     </span>
     <span class='ocr_line' id='line_1_75' title="bbox 1052 1852 1901 1889; baseline 0 -9"><span class='ocrx_word' id='word_1_556' title='bbox 1052 1859 1153 1880; x_wconf 89' lang='lat' dir='ltr'>nomen</span> <span class='ocrx_word' id='word_1_557' title='bbox 1174 1852 1391 1889; x_wconf 78' lang='lat' dir='ltr'>appellativum3</span> <span class='ocrx_word' id='word_1_558' title='bbox 1412 1852 1526 1889; x_wconf 88' lang='lat' dir='ltr'>propria</span> <span class='ocrx_word' id='word_1_559' title='bbox 1547 1852 1621 1880; x_wconf 90' lang='lat' dir='ltr'>enim</span> <span class='ocrx_word' id='word_1_560' title='bbox 1636 1852 1749 1880; x_wconf 89' lang='lat' dir='ltr'>nomina</span> <span class='ocrx_word' id='word_1_561' title='bbox 1771 1860 1826 1880; x_wconf 91' lang='lat' dir='ltr'>non</span> <span class='ocrx_word' id='word_1_562' title='bbox 1841 1852 1901 1889; x_wconf 92' lang='lat' dir='ltr'>plu-</span> 
     </span>
     <span class='ocr_line' id='line_1_76' title="bbox 1052 1898 1901 1936; baseline 0.001 -10"><span class='ocrx_word' id='word_1_563' title='bbox 1052 1898 1214 1933; x_wconf 85' lang='lat' dir='ltr'>rificantur,</span> <span class='ocrx_word' id='word_1_564' title='bbox 1237 1906 1292 1927; x_wconf 92' lang='lat' dir='ltr'>non</span> <span class='ocrx_word' id='word_1_565' title='bbox 1313 1899 1387 1927; x_wconf 90' lang='lat' dir='ltr'>enim</span> <span class='ocrx_word' id='word_1_566' title='bbox 1409 1899 1526 1927; x_wconf 76' lang='lat' dir='ltr'>dIcitur:</span> <span class='ocrx_word' id='word_1_567' title='bbox 1549 1899 1646 1936; x_wconf 88' lang='lat' dir='ltr'>plures</span> <span class='ocrx_word' id='word_1_568' title='bbox 1668 1899 1740 1927; x_wconf 87' lang='lat' dir='ltr'>Petri</span> <span class='ocrx_word' id='word_1_569' title='bbox 1761 1898 1805 1927; x_wconf 88' lang='lat' dir='ltr'>vel</span> <span class='ocrx_word' id='word_1_570' title='bbox 1826 1899 1901 1927; x_wconf 88' lang='lat' dir='ltr'>Ioan-</span> 
     </span>
     <span class='ocr_line' id='line_1_77' title="bbox 1051 1945 1902 1982; baseline 0.001 -9"><span class='ocrx_word' id='word_1_571' title='bbox 1051 1945 1138 1979; x_wconf 79' lang='lat' dir='ltr'>nes⁸;</span> <span class='ocrx_word' id='word_1_572' title='bbox 1161 1945 1210 1974; x_wconf 87' lang='lat' dir='ltr'>sed</span> <span class='ocrx_word' id='word_1_573' title='bbox 1231 1945 1284 1974; x_wconf 86' lang='lat' dir='ltr'>hoc</span> <span class='ocrx_word' id='word_1_574' title='bbox 1306 1953 1407 1974; x_wconf 88' lang='lat' dir='ltr'>nomen</span> <span class='ocrx_word' id='word_1_575' title='bbox 1432 1945 1508 1973; x_wconf 75' lang='lat' dir='ltr'>Deus</span> <span class='ocrx_word' id='word_1_576' title='bbox 1529 1953 1585 1974; x_wconf 91' lang='lat' dir='ltr'>non</span> <span class='ocrx_word' id='word_1_577' title='bbox 1613 1948 1655 1974; x_wconf 87' lang='lat' dir='ltr'>est</span> <span class='ocrx_word' id='word_1_578' title='bbox 1675 1953 1776 1974; x_wconf 89' lang='lat' dir='ltr'>nomen</span> <span class='ocrx_word' id='word_1_579' title='bbox 1809 1945 1902 1982; x_wconf 85' lang='lat' dir='ltr'>appel-</span> 
     </span>
     <span class='ocr_line' id='line_1_78' title="bbox 1052 1991 1898 2029; baseline 0.001 -10"><span class='ocrx_word' id='word_1_580' title='bbox 1052 1991 1186 2026; x_wconf 91' lang='lat' dir='ltr'>lativum,</span> <span class='ocrx_word' id='word_1_581' title='bbox 1208 1992 1274 2029; x_wconf 87' lang='lat' dir='ltr'>quia</span> <span class='ocrx_word' id='word_1_582' title='bbox 1288 2000 1344 2020; x_wconf 90' lang='lat' dir='ltr'>non</span> <span class='ocrx_word' id='word_1_583' title='bbox 1359 1991 1495 2029; x_wconf 85' lang='lat' dir='ltr'>significat</span> <span class='ocrx_word' id='word_1_584' title='bbox 1509 1992 1628 2020; x_wconf 85' lang='lat' dir='ltr'>sormam</span> <span class='ocrx_word' id='word_1_585' title='bbox 1643 1992 1898 2029; x_wconf 87' lang='lat' dir='ltr'>multiplicabilem:</span> 
     </span>
     <span class='ocr_line' id='line_1_79' title="bbox 1050 2041 1188 2075; baseline 0 -9"><span class='ocrx_word' id='word_1_586' title='bbox 1050 2045 1116 2075; x_wconf 82' lang='lat' dir='ltr'>ergo</span> <span class='ocrx_word' id='word_1_587' title='bbox 1137 2041 1188 2067; x_wconf 87' lang='lat' dir='ltr'>etc.</span> 
     </span>
    </p>

    <p class='ocr_par' dir='ltr' id='par_1_22' title="bbox 1049 2084 1900 2215">
     <span class='ocr_line' id='line_1_80' title="bbox 1132 2084 1900 2122; baseline 0.001 -10"><span class='ocrx_word' id='word_1_588' title='bbox 1132 2086 1157 2113; x_wconf 70' lang='lat'>2.</span> <span class='ocrx_word' id='word_1_589' title='bbox 1180 2084 1263 2119; x_wconf 88' lang='lat' dir='ltr'>Item,</span> <span class='ocrx_word' id='word_1_590' title='bbox 1295 2085 1348 2114; x_wconf 90' lang='lat' dir='ltr'>hoc</span> <span class='ocrx_word' id='word_1_591' title='bbox 1379 2092 1480 2113; x_wconf 89' lang='lat' dir='ltr'>nomen</span> <span class='ocrx_word' id='word_1_592' title='bbox 1511 2085 1590 2113; x_wconf 74' lang='lat' dir='ltr'>Deus</span> <span class='ocrx_word' id='word_1_593' title='bbox 1621 2087 1663 2114; x_wconf 88' lang='lat' dir='ltr'>est</span> <span class='ocrx_word' id='word_1_594' title='bbox 1684 2085 1818 2122; x_wconf 83' lang='lat' dir='ltr'>proprie⁰</span> <span class='ocrx_word' id='word_1_595' title='bbox 1838 2093 1900 2122; x_wconf 79' lang='lat' dir='ltr'>pro-</span> 
     </span>
     <span class='ocr_line' id='line_1_81' title="bbox 1050 2131 1898 2169; baseline 0 -9"><span class='ocrx_word' id='word_1_596' title='bbox 1050 2131 1145 2168; x_wconf 92' lang='lat' dir='ltr'>prium</span> <span class='ocrx_word' id='word_1_597' title='bbox 1159 2132 1270 2160; x_wconf 86' lang='lat' dir='ltr'>divinae</span> <span class='ocrx_word' id='word_1_598' title='bbox 1284 2134 1415 2167; x_wconf 75' lang='lat' dir='ltr'>naturae3</span> <span class='ocrx_word' id='word_1_599' title='bbox 1430 2132 1480 2160; x_wconf 85' lang='lat' dir='ltr'>sed</span> <span class='ocrx_word' id='word_1_600' title='bbox 1494 2131 1606 2160; x_wconf 85' lang='lat' dir='ltr'>nullum</span> <span class='ocrx_word' id='word_1_601' title='bbox 1617 2132 1671 2160; x_wconf 87' lang='lat' dir='ltr'>tale</span> <span class='ocrx_word' id='word_1_602' title='bbox 1683 2132 1898 2169; x_wconf 84' lang='lat' dir='ltr'>multiplicatur:</span> 
     </span>
     <span class='ocr_line' id='line_1_82' title="bbox 1049 2181 1188 2215; baseline -0.007 -8"><span class='ocrx_word' id='word_1_603' title='bbox 1049 2186 1115 2215; x_wconf 87' lang='lat' dir='ltr'>ergo</span> <span class='ocrx_word' id='word_1_604' title='bbox 1136 2181 1188 2207; x_wconf 88' lang='lat' dir='ltr'>etc.</span> 
     </span>
    </p>
   </div>
   <div class='ocr_carea' id='block_1_15' title="bbox 736 2265 1299 2269">
    <p class='ocr_par' dir='ltr' id='par_1_23' title="bbox 736 2265 1299 2269">
     <span class='ocr_line' id='line_1_83' title="bbox 736 2265 1299 2269; baseline 0 0"><span class='ocrx_word' id='word_1_605' title='bbox 736 2265 1299 2269; x_wconf 95' lang='lat' dir='ltr'> </span> 
     </span>
    </p>
   </div>
   <div class='ocr_carea' id='block_1_16' title="bbox 146 2317 994 2929">
    <p class='ocr_par' dir='ltr' id='par_1_24' title="bbox 210 2317 513 2347">
     <span class='ocr_line' id='line_1_84' title="bbox 210 2317 513 2347; baseline 0.003 -7"><span class='ocrx_word' id='word_1_606' title='bbox 210 2318 218 2332; x_wconf 85' lang='lat'>¹</span> <span class='ocrx_word' id='word_1_607' title='bbox 237 2317 292 2340; x_wconf 92' lang='lat' dir='ltr'>Cod.</span> <span class='ocrx_word' id='word_1_608' title='bbox 310 2318 328 2339; x_wconf 87' lang='lat' dir='ltr'>R</span> <span class='ocrx_word' id='word_1_609' title='bbox 346 2317 410 2340; x_wconf 84' lang='lat' dir='ltr'>addit</span> <span class='ocrx_word' id='word_1_610' title='bbox 425 2318 513 2347; x_wconf 72' lang='lat' dir='ltr'>qenuit.</span> 
     </span>
    </p>

    <p class='ocr_par' dir='ltr' id='par_1_25' title="bbox 147 2356 994 2541">
     <span class='ocr_line' id='line_1_85' title="bbox 209 2356 992 2386; baseline 0.001 -8"><span class='ocrx_word' id='word_1_611' title='bbox 209 2356 219 2371; x_wconf 81' lang='lat'><strong>²</strong></span> <span class='ocrx_word' id='word_1_612' title='bbox 239 2357 376 2384; x_wconf 88' lang='lat' dir='ltr'>Exemplum</span> <span class='ocrx_word' id='word_1_613' title='bbox 401 2360 504 2379; x_wconf 87' lang='lat' dir='ltr'>sumtum</span> <span class='ocrx_word' id='word_1_614' title='bbox 529 2360 564 2379; x_wconf 87' lang='lat' dir='ltr'>est</span> <span class='ocrx_word' id='word_1_615' title='bbox 580 2363 607 2379; x_wconf 84' lang='lat' dir='ltr'>ex</span> <span class='ocrx_word' id='word_1_616' title='bbox 623 2357 726 2386; x_wconf 85' lang='lat' dir='ltr'>Aristot.,</span> <span class='ocrx_word' id='word_1_617' title='bbox 744 2357 767 2379; x_wconf 93' lang='lat' dir='ltr'>Il.</span> <span class='ocrx_word' id='word_1_618' title='bbox 790 2357 916 2380; x_wconf 83' lang='lat' dir='ltr'>Periherm.</span> <span class='ocrx_word' id='word_1_619' title='bbox 934 2363 953 2380; x_wconf 89' lang='lat' dir='ltr'>e.</span> <span class='ocrx_word' id='word_1_620' title='bbox 971 2358 992 2379; x_wconf 81' lang='lat'>2.</span> 
     </span>
     <span class='ocr_line' id='line_1_86' title="bbox 147 2389 994 2424; baseline 0.002 -7"><span class='ocrx_word' id='word_1_621' title='bbox 147 2395 177 2424; x_wconf 89' lang='lat' dir='ltr'>(c.</span> <span class='ocrx_word' id='word_1_622' title='bbox 202 2396 209 2417; x_wconf 76' lang='lat' dir='ltr'>t</span> <span class='ocrx_word' id='word_1_623' title='bbox 218 2395 260 2424; x_wconf 75' lang='grc'>1.),</span> <span class='ocrx_word' id='word_1_624' title='bbox 279 2395 319 2417; x_wconf 85' lang='lat' dir='ltr'>ubi</span> <span class='ocrx_word' id='word_1_625' title='bbox 339 2395 468 2417; x_wconf 88' lang='lat' dir='ltr'>secundum</span> <span class='ocrx_word' id='word_1_626' title='bbox 484 2396 655 2418; x_wconf 85' lang='lat' dir='ltr'>translationem</span> <span class='ocrx_word' id='word_1_627' title='bbox 671 2396 758 2418; x_wconf 89' lang='lat' dir='ltr'>Boethii</span> <span class='ocrx_word' id='word_1_628' title='bbox 776 2389 874 2418; x_wconf 83' lang='lat' dir='ltr'>habetur</span> <span class='ocrx_word' id='word_1_629' title='bbox 885 2396 907 2419; x_wconf 85' lang='lat' dir='ltr'>si</span> <span class='ocrx_word' id='word_1_630' title='bbox 922 2396 994 2419; x_wconf 83' lang='lat' dir='ltr'>citha-</span> 
     </span>
     <span class='ocr_line' id='line_1_87' title="bbox 147 2433 993 2463; baseline 0.001 -7"><span class='ocrx_word' id='word_1_631' title='bbox 147 2433 235 2457; x_wconf 79' lang='lat' dir='ltr'>roedus</span> <span class='ocrx_word' id='word_1_632' title='bbox 258 2435 291 2456; x_wconf 79' lang='lat' dir='ltr'>est</span> <span class='ocrx_word' id='word_1_633' title='bbox 308 2435 331 2456; x_wconf 73' lang='lat' dir='ltr'>et</span> <span class='ocrx_word' id='word_1_634' title='bbox 354 2433 442 2462; x_wconf 74' lang='lat' dir='ltr'>bonus,</span> <span class='ocrx_word' id='word_1_635' title='bbox 469 2435 502 2457; x_wconf 77' lang='lat' dir='ltr'>est</span> <span class='ocrx_word' id='word_1_636' title='bbox 527 2436 549 2457; x_wconf 79' lang='lat' dir='ltr'>et</span> <span class='ocrx_word' id='word_1_637' title='bbox 572 2434 722 2458; x_wconf 80' lang='lat' dir='ltr'>citharoedus</span> <span class='ocrx_word' id='word_1_638' title='bbox 748 2434 834 2463; x_wconf 77' lang='lat' dir='ltr'>bonus,</span> <span class='ocrx_word' id='word_1_639' title='bbox 861 2435 912 2457; x_wconf 90' lang='lat' dir='ltr'>licet</span> <span class='ocrx_word' id='word_1_640' title='bbox 936 2436 993 2458; x_wconf 86' lang='lat' dir='ltr'>aliae</span> 
     </span>
     <span class='ocr_line' id='line_1_88' title="bbox 147 2466 993 2503; baseline 0.002 -9"><span class='ocrx_word' id='word_1_641' title='bbox 147 2466 412 2500; x_wconf 45' lang='lat' dir='ltr'>translationes-ponunt</span> <span class='ocrx_word' id='word_1_642' title='bbox 428 2472 547 2496; x_wconf 75' lang='lat' dir='ltr'>coriarius</span> <span class='ocrx_word' id='word_1_643' title='bbox 564 2472 675 2503; x_wconf 78' lang='grc' dir='ltr'>(σκυτεύς)</span> <span class='ocrx_word' id='word_1_644' title='bbox 693 2480 736 2502; x_wconf 82' lang='lat' dir='ltr'>pro</span> <span class='ocrx_word' id='word_1_645' title='bbox 748 2473 905 2497; x_wconf 70' lang='lat' dir='ltr'>citharoedus.</span> <span class='ocrx_word' id='word_1_646' title='bbox 917 2486 949 2490; x_wconf 97' lang='lat'><strong>—</strong></span> <span class='ocrx_word' id='word_1_647' title='bbox 959 2474 993 2496; x_wconf 91' lang='lat' dir='ltr'>De</span> 
     </span>
     <span class='ocr_line' id='line_1_89' title="bbox 148 2511 835 2541; baseline 0.003 -8"><span class='ocrx_word' id='word_1_648' title='bbox 148 2512 191 2534; x_wconf 89' lang='lat' dir='ltr'>hac</span> <span class='ocrx_word' id='word_1_649' title='bbox 208 2512 293 2533; x_wconf 76' lang='lat' dir='ltr'>fallacia</span> <span class='ocrx_word' id='word_1_650' title='bbox 312 2511 435 2534; x_wconf 83' lang='lat' dir='ltr'>accidentis</span> <span class='ocrx_word' id='word_1_651' title='bbox 451 2512 504 2534; x_wconf 89' lang='lat' dir='ltr'>vide</span> <span class='ocrx_word' id='word_1_652' title='bbox 522 2518 591 2541; x_wconf 84' lang='lat' dir='ltr'>supra</span> <span class='ocrx_word' id='word_1_653' title='bbox 609 2512 631 2535; x_wconf 90' lang='lat' dir='ltr'>d.</span> <span class='ocrx_word' id='word_1_654' title='bbox 650 2513 671 2534; x_wconf 79' lang='lat'>2.</span> <span class='ocrx_word' id='word_1_655' title='bbox 689 2519 711 2541; x_wconf 83' lang='lat' dir='ltr'>q.</span> <span class='ocrx_word' id='word_1_656' title='bbox 729 2512 749 2535; x_wconf 75' lang='lat'>4.</span> <span class='ocrx_word' id='word_1_657' title='bbox 768 2512 797 2535; x_wconf 86' lang='lat' dir='ltr'>ad</span> <span class='ocrx_word' id='word_1_658' title='bbox 815 2513 835 2534; x_wconf 49' lang='lat' dir='ltr'>sl.</span> 
     </span>
    </p>

    <p class='ocr_par' dir='ltr' id='par_1_26' title="bbox 146 2549 994 2688">
     <span class='ocr_line' id='line_1_90' title="bbox 208 2549 993 2579; baseline 0.001 -7"><span class='ocrx_word' id='word_1_659' title='bbox 208 2550 218 2564; x_wconf 82' lang='lat'><strong>³</strong></span> <span class='ocrx_word' id='word_1_660' title='bbox 229 2550 279 2573; x_wconf 84' lang='lat' dir='ltr'>Vat.</span> <span class='ocrx_word' id='word_1_661' title='bbox 293 2551 329 2572; x_wconf 85' lang='lat' dir='ltr'>hic</span> <span class='ocrx_word' id='word_1_662' title='bbox 340 2549 472 2573; x_wconf 82' lang='lat' dir='ltr'>subiectum</span> <span class='ocrx_word' id='word_1_663' title='bbox 489 2551 538 2573; x_wconf 88' lang='lat' dir='ltr'>loco</span> <span class='ocrx_word' id='word_1_664' title='bbox 555 2550 737 2579; x_wconf 62' lang='lat' dir='ltr'>substantivum,</span> <span class='ocrx_word' id='word_1_665' title='bbox 757 2554 779 2573; x_wconf 86' lang='lat' dir='ltr'>et</span> <span class='ocrx_word' id='word_1_666' title='bbox 791 2552 859 2579; x_wconf 80' lang='lat' dir='ltr'>paulo</span> <span class='ocrx_word' id='word_1_667' title='bbox 871 2551 929 2574; x_wconf 76' lang='lat' dir='ltr'>infra</span> <span class='ocrx_word' id='word_1_668' title='bbox 941 2554 993 2579; x_wconf 84' lang='lat' dir='ltr'>post</span> 
     </span>
     <span class='ocr_line' id='line_1_91' title="bbox 147 2587 993 2618; baseline 0.002 -8"><span class='ocrx_word' id='word_1_669' title='bbox 147 2587 340 2611; x_wconf 74' lang='lat' dir='ltr'>substantii-atur</span> <span class='ocrx_word' id='word_1_670' title='bbox 356 2589 420 2616; x_wconf 89' lang='lat' dir='ltr'>ponit</span> <span class='ocrx_word' id='word_1_671' title='bbox 438 2587 505 2612; x_wconf 81' lang='lat' dir='ltr'>Sicut</span> <span class='ocrx_word' id='word_1_672' title='bbox 520 2594 587 2618; x_wconf 70' lang='lat' dir='ltr'>erqo,</span> <span class='ocrx_word' id='word_1_673' title='bbox 606 2595 660 2612; x_wconf 82' lang='lat' dir='ltr'>cum</span> <span class='ocrx_word' id='word_1_674' title='bbox 677 2588 765 2612; x_wconf 74' lang='lat' dir='ltr'>dicitur</span> <span class='ocrx_word' id='word_1_675' title='bbox 781 2595 845 2612; x_wconf 79' lang='lat' dir='ltr'>unus</span> <span class='ocrx_word' id='word_1_676' title='bbox 862 2590 937 2618; x_wconf 80' lang='lat' dir='ltr'>Deus,</span> <span class='ocrx_word' id='word_1_677' title='bbox 949 2589 993 2613; x_wconf 83' lang='lat' dir='ltr'>hoc</span> 
     </span>
     <span class='ocr_line' id='line_1_92' title="bbox 148 2626 994 2656; baseline 0.002 -7"><span class='ocrx_word' id='word_1_678' title='bbox 148 2632 236 2649; x_wconf 73' lang='lat' dir='ltr'>nomen</span> <span class='ocrx_word' id='word_1_679' title='bbox 252 2632 317 2649; x_wconf 79' lang='lat' dir='ltr'>unus</span> <span class='ocrx_word' id='word_1_680' title='bbox 334 2626 389 2649; x_wconf 68' lang='lat' dir='ltr'>dicit</span> <span class='ocrx_word' id='word_1_681' title='bbox 405 2626 533 2655; x_wconf 67' lang='lat' dir='ltr'>unitatem,</span> <span class='ocrx_word' id='word_1_682' title='bbox 550 2627 592 2649; x_wconf 86' lang='lat' dir='ltr'>sed</span> <span class='ocrx_word' id='word_1_683' title='bbox 617 2630 695 2650; x_wconf 88' lang='lat' dir='ltr'>contra</span> <span class='ocrx_word' id='word_1_684' title='bbox 720 2629 861 2656; x_wconf 85' lang='lat' dir='ltr'>antiquiores</span> <span class='ocrx_word' id='word_1_685' title='bbox 886 2628 953 2650; x_wconf 92' lang='lat' dir='ltr'>codd.</span> <span class='ocrx_word' id='word_1_686' title='bbox 971 2631 994 2651; x_wconf 85' lang='lat' dir='ltr'>et</span> 
     </span>
     <span class='ocr_line' id='line_1_93' title="bbox 146 2665 224 2688; baseline -0.013 0"><span class='ocrx_word' id='word_1_687' title='bbox 146 2665 184 2688; x_wconf 89' lang='lat' dir='ltr'>ed.</span> <span class='ocrx_word' id='word_1_688' title='bbox 203 2666 224 2687; x_wconf 79' lang='lat' dir='ltr'>l.</span> 
     </span>
    </p>

    <p class='ocr_par' dir='ltr' id='par_1_27' title="bbox 146 2703 993 2844">
     <span class='ocr_line' id='line_1_94' title="bbox 210 2703 992 2734; baseline 0.004 -9"><span class='ocrx_word' id='word_1_689' title='bbox 210 2703 219 2718; x_wconf 82' lang='lat'>⁴</span> <span class='ocrx_word' id='word_1_690' title='bbox 237 2704 297 2726; x_wconf 75' lang='lat' dir='ltr'>LIbr.</span> <span class='ocrx_word' id='word_1_691' title='bbox 315 2704 330 2726; x_wconf 92' lang='lat' dir='ltr'>l.</span> <span class='ocrx_word' id='word_1_692' title='bbox 348 2704 472 2726; x_wconf 83' lang='lat' dir='ltr'>Periberm.</span> <span class='ocrx_word' id='word_1_693' title='bbox 490 2710 510 2726; x_wconf 88' lang='lat' dir='ltr'>e.</span> <span class='ocrx_word' id='word_1_694' title='bbox 528 2704 536 2726; x_wconf 70' lang='lat' dir='ltr'>t</span> <span class='ocrx_word' id='word_1_695' title='bbox 551 2710 556 2727; x_wconf 91' lang='lat'>:</span> <span class='ocrx_word' id='word_1_696' title='bbox 573 2705 599 2727; x_wconf 89' lang='lat' dir='ltr'>Et</span> <span class='ocrx_word' id='word_1_697' title='bbox 616 2705 814 2734; x_wconf 84' lang='lat' dir='ltr'>quemadmodum</span> <span class='ocrx_word' id='word_1_698' title='bbox 840 2711 882 2728; x_wconf 89' lang='lat' dir='ltr'>nee</span> <span class='ocrx_word' id='word_1_699' title='bbox 906 2706 992 2728; x_wconf 83' lang='lat' dir='ltr'>litterae</span> 
     </span>
     <span class='ocr_line' id='line_1_95' title="bbox 148 2743 992 2774; baseline 0.002 -9"><span class='ocrx_word' id='word_1_700' title='bbox 148 2743 257 2765; x_wconf 90' lang='lat' dir='ltr'>omnibus</span> <span class='ocrx_word' id='word_1_701' title='bbox 273 2743 369 2765; x_wconf 83' lang='lat' dir='ltr'>eaedem</span> <span class='ocrx_word' id='word_1_702' title='bbox 386 2744 453 2771; x_wconf 84' lang='lat' dir='ltr'>sunt,</span> <span class='ocrx_word' id='word_1_703' title='bbox 471 2743 500 2765; x_wconf 79' lang='lat' dir='ltr'>ita</span> <span class='ocrx_word' id='word_1_704' title='bbox 518 2749 559 2765; x_wconf 89' lang='lat' dir='ltr'>nee</span> <span class='ocrx_word' id='word_1_705' title='bbox 570 2749 641 2766; x_wconf 87' lang='lat' dir='ltr'>voces</span> <span class='ocrx_word' id='word_1_706' title='bbox 652 2744 760 2767; x_wconf 85' lang='lat' dir='ltr'>omnibus</span> <span class='ocrx_word' id='word_1_707' title='bbox 772 2745 879 2767; x_wconf 79' lang='lat' dir='ltr'>eaedem:</span> <span class='ocrx_word' id='word_1_708' title='bbox 892 2751 992 2774; x_wconf 85' lang='lat' dir='ltr'>quorum</span> 
     </span>
     <span class='ocr_line' id='line_1_96' title="bbox 147 2783 993 2812; baseline 0.002 -8"><span class='ocrx_word' id='word_1_709' title='bbox 147 2784 223 2804; x_wconf 86' lang='lat' dir='ltr'>tamen</span> <span class='ocrx_word' id='word_1_710' title='bbox 243 2783 299 2804; x_wconf 86' lang='lat' dir='ltr'>haec</span> <span class='ocrx_word' id='word_1_711' title='bbox 317 2783 383 2810; x_wconf 84' lang='lat' dir='ltr'>signa</span> <span class='ocrx_word' id='word_1_712' title='bbox 400 2783 476 2810; x_wconf 87' lang='lat' dir='ltr'>primo</span> <span class='ocrx_word' id='word_1_713' title='bbox 493 2785 557 2811; x_wconf 81' lang='lat' dir='ltr'>sunt,</span> <span class='ocrx_word' id='word_1_714' title='bbox 575 2789 601 2805; x_wconf 86' lang='lat' dir='ltr'>ea</span> <span class='ocrx_word' id='word_1_715' title='bbox 618 2783 727 2806; x_wconf 88' lang='lat' dir='ltr'>omnibus</span> <span class='ocrx_word' id='word_1_716' title='bbox 743 2787 797 2806; x_wconf 89' lang='lat' dir='ltr'>sunt</span> <span class='ocrx_word' id='word_1_717' title='bbox 820 2783 916 2806; x_wconf 86' lang='lat' dir='ltr'>eaedem</span> <span class='ocrx_word' id='word_1_718' title='bbox 942 2790 993 2812; x_wconf 85' lang='lat' dir='ltr'>pas-</span> 
     </span>
     <span class='ocr_line' id='line_1_97' title="bbox 146 2822 337 2844; baseline 0 -1"><span class='ocrx_word' id='word_1_719' title='bbox 146 2822 223 2843; x_wconf 90' lang='lat' dir='ltr'>siones</span> <span class='ocrx_word' id='word_1_720' title='bbox 240 2822 337 2844; x_wconf 88' lang='lat' dir='ltr'>animae.</span> 
     </span>
    </p>

    <p class='ocr_par' dir='ltr' id='par_1_28' title="bbox 150 2860 993 2929">
     <span class='ocr_line' id='line_1_98' title="bbox 210 2860 993 2887; baseline 0.001 -5"><span class='ocrx_word' id='word_1_721' title='bbox 210 2860 220 2875; x_wconf 90' lang='lat'>⁵</span> <span class='ocrx_word' id='word_1_722' title='bbox 236 2860 296 2882; x_wconf 86' lang='lat' dir='ltr'>Libr.</span> <span class='ocrx_word' id='word_1_723' title='bbox 315 2861 329 2882; x_wconf 93' lang='lat' dir='ltr'>I.</span> <span class='ocrx_word' id='word_1_724' title='bbox 349 2860 473 2882; x_wconf 82' lang='lat' dir='ltr'>Periherm.</span> <span class='ocrx_word' id='word_1_725' title='bbox 486 2866 505 2882; x_wconf 91' lang='lat' dir='ltr'>c.</span> <span class='ocrx_word' id='word_1_726' title='bbox 518 2860 539 2887; x_wconf 78' lang='lat'>2,</span> <span class='ocrx_word' id='word_1_727' title='bbox 551 2860 611 2882; x_wconf 81' lang='lat' dir='ltr'>iuxta</span> <span class='ocrx_word' id='word_1_728' title='bbox 622 2861 792 2883; x_wconf 84' lang='lat' dir='ltr'>translationem</span> <span class='ocrx_word' id='word_1_729' title='bbox 809 2861 908 2883; x_wconf 88' lang='lat' dir='ltr'>Boethii:</span> <span class='ocrx_word' id='word_1_730' title='bbox 930 2869 940 2881; x_wconf 71' lang='grc' dir='ltr'>α</span> <span class='ocrx_word' id='word_1_731' title='bbox 952 2861 993 2883; x_wconf 82' lang='grc' dir='ltr'>Νο-</span> 
     </span>
     <span class='ocr_line' id='line_1_99' title="bbox 150 2898 992 2929; baseline 0.002 -8"><span class='ocrx_word' id='word_1_732' title='bbox 150 2905 203 2921; x_wconf 87' lang='lat' dir='ltr'>men</span> <span class='ocrx_word' id='word_1_733' title='bbox 220 2905 276 2921; x_wconf 90' lang='lat' dir='ltr'>vero</span> <span class='ocrx_word' id='word_1_734' title='bbox 293 2905 398 2927; x_wconf 87' lang='lat' dir='ltr'>semper,</span> <span class='ocrx_word' id='word_1_735' title='bbox 415 2902 440 2922; x_wconf 91' lang='lat' dir='ltr'>ut</span> <span class='ocrx_word' id='word_1_736' title='bbox 456 2898 547 2921; x_wconf 87' lang='lat' dir='ltr'>Catonis</span> <span class='ocrx_word' id='word_1_737' title='bbox 563 2901 608 2927; x_wconf 87' lang='lat' dir='ltr'>est,</span> <span class='ocrx_word' id='word_1_738' title='bbox 626 2900 663 2921; x_wconf 90' lang='lat' dir='ltr'>vel</span> <span class='ocrx_word' id='word_1_739' title='bbox 680 2906 724 2922; x_wconf 90' lang='lat' dir='ltr'>non</span> <span class='ocrx_word' id='word_1_740' title='bbox 742 2904 787 2929; x_wconf 75' lang='grc' dir='ltr'>θεῖς</span> <span class='ocrx_word' id='word_1_741' title='bbox 811 2900 914 2923; x_wconf 90' lang='lat' dir='ltr'>nondum</span> <span class='ocrx_word' id='word_1_742' title='bbox 931 2901 992 2923; x_wconf 91' lang='lat' dir='ltr'>enim</span> 
     </span>
    </p>
   </div>
   <div class='ocr_carea' id='block_1_17' title="bbox 1048 2319 1899 2933">
    <p class='ocr_par' dir='ltr' id='par_1_29' title="bbox 1049 2319 1899 2541">
     <span class='ocr_line' id='line_1_100' title="bbox 1049 2319 1899 2348; baseline 0 -7"><span class='ocrx_word' id='word_1_743' title='bbox 1049 2319 1135 2348; x_wconf 85' lang='lat' dir='ltr'>aliquid</span> <span class='ocrx_word' id='word_1_744' title='bbox 1152 2325 1236 2341; x_wconf 87' lang='lat' dir='ltr'>verum</span> <span class='ocrx_word' id='word_1_745' title='bbox 1253 2319 1308 2342; x_wconf 87' lang='lat' dir='ltr'>dicit</span> <span class='ocrx_word' id='word_1_746' title='bbox 1324 2321 1363 2342; x_wconf 87' lang='lat' dir='ltr'>aut</span> <span class='ocrx_word' id='word_1_747' title='bbox 1379 2319 1498 2348; x_wconf 77' lang='lat' dir='ltr'>salsum»;</span> <span class='ocrx_word' id='word_1_748' title='bbox 1516 2320 1538 2341; x_wconf 93' lang='lat' dir='ltr'>in</span> <span class='ocrx_word' id='word_1_749' title='bbox 1558 2325 1604 2348; x_wconf 87' lang='lat' dir='ltr'>quo</span> <span class='ocrx_word' id='word_1_750' title='bbox 1622 2321 1683 2342; x_wconf 83' lang='lat' dir='ltr'>textu</span> <span class='ocrx_word' id='word_1_751' title='bbox 1701 2321 1790 2341; x_wconf 82' lang='lat' dir='ltr'>ceterae</span> <span class='ocrx_word' id='word_1_752' title='bbox 1806 2319 1899 2341; x_wconf 84' lang='lat' dir='ltr'>transla-</span> 
     </span>
     <span class='ocr_line' id='line_1_101' title="bbox 1050 2357 1899 2386; baseline 0 -6"><span class='ocrx_word' id='word_1_753' title='bbox 1050 2358 1121 2380; x_wconf 90' lang='lat' dir='ltr'>tiones</span> <span class='ocrx_word' id='word_1_754' title='bbox 1137 2357 1244 2380; x_wconf 73' lang='lat' dir='ltr'>Philonis</span> <span class='ocrx_word' id='word_1_755' title='bbox 1261 2364 1304 2385; x_wconf 87' lang='lat' dir='ltr'>pro</span> <span class='ocrx_word' id='word_1_756' title='bbox 1322 2357 1417 2380; x_wconf 70' lang='lat' dir='ltr'>Catonis</span> <span class='ocrx_word' id='word_1_757' title='bbox 1444 2360 1539 2386; x_wconf 89' lang='lat' dir='ltr'>ponunt.</span> <span class='ocrx_word' id='word_1_758' title='bbox 1563 2357 1598 2380; x_wconf 86' lang='lat' dir='ltr'>Ad</span> <span class='ocrx_word' id='word_1_759' title='bbox 1623 2363 1693 2386; x_wconf 86' lang='lat' dir='ltr'>quem</span> <span class='ocrx_word' id='word_1_760' title='bbox 1717 2358 1795 2380; x_wconf 89' lang='lat' dir='ltr'>locum</span> <span class='ocrx_word' id='word_1_761' title='bbox 1819 2360 1899 2380; x_wconf 86' lang='lat' dir='ltr'>auctor</span> 
     </span>
     <span class='ocr_line' id='line_1_102' title="bbox 1049 2396 1899 2425; baseline 0 -7"><span class='ocrx_word' id='word_1_762' title='bbox 1049 2396 1099 2418; x_wconf 91' lang='lat' dir='ltr'>libri</span> <span class='ocrx_word' id='word_1_763' title='bbox 1116 2396 1282 2419; x_wconf 85' lang='lat' dir='ltr'>Auctoritatum</span> <span class='ocrx_word' id='word_1_764' title='bbox 1293 2396 1384 2418; x_wconf 87' lang='lat' dir='ltr'>Aristot.</span> <span class='ocrx_word' id='word_1_765' title='bbox 1397 2398 1438 2419; x_wconf 90' lang='lat' dir='ltr'>etc.</span> <span class='ocrx_word' id='word_1_766' title='bbox 1452 2396 1481 2424; x_wconf 91' lang='lat' dir='ltr'>(a.</span> <span class='ocrx_word' id='word_1_767' title='bbox 1499 2396 1568 2424; x_wconf 68' lang='lat'>4500)</span> <span class='ocrx_word' id='word_1_768' title='bbox 1586 2396 1660 2418; x_wconf 81' lang='lat' dir='ltr'>addit:</span> <span class='ocrx_word' id='word_1_769' title='bbox 1677 2404 1686 2416; x_wconf 75' lang='grc' dir='ltr'>α</span> <span class='ocrx_word' id='word_1_770' title='bbox 1695 2397 1726 2419; x_wconf 83' lang='lat' dir='ltr'>Ex</span> <span class='ocrx_word' id='word_1_771' title='bbox 1737 2402 1784 2425; x_wconf 86' lang='lat' dir='ltr'>quo</span> <span class='ocrx_word' id='word_1_772' title='bbox 1796 2402 1899 2419; x_wconf 89' lang='lat' dir='ltr'>commu-</span> 
     </span>
     <span class='ocr_line' id='line_1_103' title="bbox 1049 2435 1898 2464; baseline 0 -7"><span class='ocrx_word' id='word_1_773' title='bbox 1049 2436 1107 2458; x_wconf 88' lang='lat' dir='ltr'>niter</span> <span class='ocrx_word' id='word_1_774' title='bbox 1124 2436 1227 2463; x_wconf 83' lang='lat' dir='ltr'>trahitur,</span> <span class='ocrx_word' id='word_1_775' title='bbox 1237 2435 1300 2464; x_wconf 88' lang='lat' dir='ltr'>quod</span> <span class='ocrx_word' id='word_1_776' title='bbox 1308 2442 1391 2458; x_wconf 86' lang='lat' dir='ltr'>verum</span> <span class='ocrx_word' id='word_1_777' title='bbox 1403 2438 1425 2458; x_wconf 86' lang='lat' dir='ltr'>et</span> <span class='ocrx_word' id='word_1_778' title='bbox 1437 2436 1521 2458; x_wconf 85' lang='lat' dir='ltr'>falsum</span> <span class='ocrx_word' id='word_1_779' title='bbox 1533 2437 1725 2463; x_wconf 81' lang='lat' dir='ltr'>praesupponunt</span> <span class='ocrx_word' id='word_1_780' title='bbox 1736 2440 1867 2462; x_wconf 81' lang='lat' dir='ltr'>congruum</span> <span class='ocrx_word' id='word_1_781' title='bbox 1876 2442 1898 2457; x_wconf 78' lang='lat'>».</span> 
     </span>
     <span class='ocr_line' id='line_1_104' title="bbox 1049 2473 1899 2502; baseline 0 -6"><span class='ocrx_word' id='word_1_782' title='bbox 1049 2475 1205 2502; x_wconf 77' lang='lat' dir='ltr'>Ineongruitas</span> <span class='ocrx_word' id='word_1_783' title='bbox 1222 2475 1290 2496; x_wconf 88' lang='lat' dir='ltr'>huius</span> <span class='ocrx_word' id='word_1_784' title='bbox 1308 2474 1413 2497; x_wconf 88' lang='lat' dir='ltr'>dictionis</span> <span class='ocrx_word' id='word_1_785' title='bbox 1430 2475 1536 2497; x_wconf 87' lang='lat' dir='ltr'>consistit</span> <span class='ocrx_word' id='word_1_786' title='bbox 1552 2475 1575 2496; x_wconf 92' lang='lat' dir='ltr'>in</span> <span class='ocrx_word' id='word_1_787' title='bbox 1592 2473 1779 2497; x_wconf 69' lang='lat' dir='ltr'>discohaerentia</span> <span class='ocrx_word' id='word_1_788' title='bbox 1795 2473 1899 2497; x_wconf 75' lang='lat' dir='ltr'>acciden-</span> 
     </span>
     <span class='ocr_line' id='line_1_105' title="bbox 1049 2512 1899 2541; baseline -0.001 -6"><span class='ocrx_word' id='word_1_789' title='bbox 1049 2512 1116 2541; x_wconf 80' lang='lat' dir='ltr'>tium,</span> <span class='ocrx_word' id='word_1_790' title='bbox 1127 2516 1151 2535; x_wconf 88' lang='lat' dir='ltr'>ut</span> <span class='ocrx_word' id='word_1_791' title='bbox 1160 2514 1217 2535; x_wconf 80' lang='lat' dir='ltr'>infra</span> <span class='ocrx_word' id='word_1_792' title='bbox 1226 2514 1247 2534; x_wconf 89' lang='lat' dir='ltr'>in</span> <span class='ocrx_word' id='word_1_793' title='bbox 1261 2513 1373 2535; x_wconf 88' lang='lat' dir='ltr'>solutione</span> <span class='ocrx_word' id='word_1_794' title='bbox 1385 2513 1481 2541; x_wconf 87' lang='lat' dir='ltr'>dicitur;</span> <span class='ocrx_word' id='word_1_795' title='bbox 1500 2513 1565 2535; x_wconf 89' lang='lat' dir='ltr'>deest</span> <span class='ocrx_word' id='word_1_796' title='bbox 1581 2514 1643 2535; x_wconf 89' lang='lat' dir='ltr'>enim</span> <span class='ocrx_word' id='word_1_797' title='bbox 1655 2512 1786 2535; x_wconf 86' lang='lat' dir='ltr'>subiectum</span> <span class='ocrx_word' id='word_1_798' title='bbox 1797 2513 1899 2540; x_wconf 82' lang='lat' dir='ltr'>genitivi.</span> 
     </span>
    </p>

    <p class='ocr_par' dir='ltr' id='par_1_30' title="bbox 1048 2551 1899 2613">
     <span class='ocr_line' id='line_1_106' title="bbox 1110 2551 1899 2580; baseline 0 -6"><span class='ocrx_word' id='word_1_799' title='bbox 1110 2551 1120 2566; x_wconf 79' lang='lat'><strong>⁶</strong></span> <span class='ocrx_word' id='word_1_800' title='bbox 1136 2551 1192 2574; x_wconf 90' lang='lat' dir='ltr'>Cod.</span> <span class='ocrx_word' id='word_1_801' title='bbox 1211 2552 1225 2573; x_wconf 88' lang='lat' dir='ltr'>S</span> <span class='ocrx_word' id='word_1_802' title='bbox 1242 2551 1306 2574; x_wconf 83' lang='lat' dir='ltr'>addit</span> <span class='ocrx_word' id='word_1_803' title='bbox 1322 2551 1438 2574; x_wconf 74' lang='lat' dir='ltr'>omnium.</span> <span class='ocrx_word' id='word_1_804' title='bbox 1455 2551 1527 2575; x_wconf 89' lang='lat' dir='ltr'>Codd.</span> <span class='ocrx_word' id='word_1_805' title='bbox 1546 2558 1600 2574; x_wconf 90' lang='lat' dir='ltr'>cum</span> <span class='ocrx_word' id='word_1_806' title='bbox 1623 2551 1660 2574; x_wconf 81' lang='lat' dir='ltr'>ed.</span> <span class='ocrx_word' id='word_1_807' title='bbox 1679 2552 1687 2573; x_wconf 72' lang='lat' dir='ltr'>l</span> <span class='ocrx_word' id='word_1_808' title='bbox 1717 2552 1740 2574; x_wconf 91' lang='lat' dir='ltr'>in</span> <span class='ocrx_word' id='word_1_809' title='bbox 1763 2551 1807 2574; x_wconf 88' lang='lat' dir='ltr'>fine</span> <span class='ocrx_word' id='word_1_810' title='bbox 1829 2558 1899 2580; x_wconf 85' lang='lat' dir='ltr'>argu-</span> 
     </span>
     <span class='ocr_line' id='line_1_107' title="bbox 1048 2590 1312 2613; baseline 0 0"><span class='ocrx_word' id='word_1_811' title='bbox 1048 2591 1118 2613; x_wconf 86' lang='lat' dir='ltr'>menti</span> <span class='ocrx_word' id='word_1_812' title='bbox 1135 2590 1189 2613; x_wconf 80' lang='lat' dir='ltr'>deos</span> <span class='ocrx_word' id='word_1_813' title='bbox 1207 2591 1257 2613; x_wconf 87' lang='lat' dir='ltr'>loco</span> <span class='ocrx_word' id='word_1_814' title='bbox 1274 2590 1312 2613; x_wconf 83' lang='lat' dir='ltr'>clii.</span> 
     </span>
    </p>

    <p class='ocr_par' dir='ltr' id='par_1_31' title="bbox 1048 2628 1899 2774">
     <span class='ocr_line' id='line_1_108' title="bbox 1109 2628 1899 2659; baseline -0.001 -7"><span class='ocrx_word' id='word_1_815' title='bbox 1109 2630 1119 2644; x_wconf 96' lang='lat'>⁷</span> <span class='ocrx_word' id='word_1_816' title='bbox 1141 2630 1163 2652; x_wconf 88' lang='lat' dir='ltr'>S.</span> <span class='ocrx_word' id='word_1_817' title='bbox 1180 2630 1264 2652; x_wconf 82' lang='lat' dir='ltr'>Doctor</span> <span class='ocrx_word' id='word_1_818' title='bbox 1281 2630 1383 2659; x_wconf 90' lang='lat' dir='ltr'>loquitur</span> <span class='ocrx_word' id='word_1_819' title='bbox 1400 2629 1529 2652; x_wconf 88' lang='lat' dir='ltr'>seeundum</span> <span class='ocrx_word' id='word_1_820' title='bbox 1547 2630 1665 2658; x_wconf 82' lang='lat' dir='ltr'>antiquam</span> <span class='ocrx_word' id='word_1_821' title='bbox 1681 2630 1813 2657; x_wconf 88' lang='lat' dir='ltr'>opinionem</span> <span class='ocrx_word' id='word_1_822' title='bbox 1835 2628 1899 2651; x_wconf 80' lang='lat' dir='ltr'>sabu-</span> 
     </span>
     <span class='ocr_line' id='line_1_109' title="bbox 1048 2668 1899 2697; baseline -0.001 -6"><span class='ocrx_word' id='word_1_823' title='bbox 1048 2669 1139 2697; x_wconf 71' lang='lat' dir='ltr'>losum,</span> <span class='ocrx_word' id='word_1_824' title='bbox 1157 2668 1221 2697; x_wconf 88' lang='lat' dir='ltr'>quod</span> <span class='ocrx_word' id='word_1_825' title='bbox 1238 2669 1294 2691; x_wconf 87' lang='lat' dir='ltr'>haee</span> <span class='ocrx_word' id='word_1_826' title='bbox 1311 2670 1360 2691; x_wconf 85' lang='lat' dir='ltr'>avis</span> <span class='ocrx_word' id='word_1_827' title='bbox 1376 2670 1399 2691; x_wconf 90' lang='lat' dir='ltr'>in</span> <span class='ocrx_word' id='word_1_828' title='bbox 1419 2675 1466 2691; x_wconf 90' lang='lat' dir='ltr'>uno</span> <span class='ocrx_word' id='word_1_829' title='bbox 1483 2669 1532 2691; x_wconf 88' lang='lat' dir='ltr'>solo</span> <span class='ocrx_word' id='word_1_830' title='bbox 1549 2668 1670 2691; x_wconf 83' lang='lat' dir='ltr'>individuo</span> <span class='ocrx_word' id='word_1_831' title='bbox 1681 2669 1774 2696; x_wconf 81' lang='lat' dir='ltr'>existat,</span> <span class='ocrx_word' id='word_1_832' title='bbox 1792 2674 1819 2690; x_wconf 89' lang='lat' dir='ltr'>ex</span> <span class='ocrx_word' id='word_1_833' title='bbox 1832 2668 1899 2690; x_wconf 84' lang='lat' dir='ltr'>&#39;euius</span> 
     </span>
     <span class='ocr_line' id='line_1_110' title="bbox 1049 2706 1898 2736; baseline -0.001 -6"><span class='ocrx_word' id='word_1_834' title='bbox 1049 2707 1165 2730; x_wconf 84' lang='lat' dir='ltr'>cineribus</span> <span class='ocrx_word' id='word_1_835' title='bbox 1182 2711 1289 2736; x_wconf 79' lang='lat' dir='ltr'>resurgat</span> <span class='ocrx_word' id='word_1_836' title='bbox 1305 2708 1369 2730; x_wconf 87' lang='lat' dir='ltr'>alius.</span> <span class='ocrx_word' id='word_1_837' title='bbox 1387 2708 1455 2730; x_wconf 37' lang='lat' dir='ltr'>Idem.</span> <span class='ocrx_word' id='word_1_838' title='bbox 1466 2708 1599 2736; x_wconf 82' lang='lat' dir='ltr'>exemplum</span> <span class='ocrx_word' id='word_1_839' title='bbox 1620 2707 1715 2730; x_wconf 86' lang='lat' dir='ltr'>adducit</span> <span class='ocrx_word' id='word_1_840' title='bbox 1731 2707 1808 2730; x_wconf 89' lang='lat' dir='ltr'>Boeth.</span> <span class='ocrx_word' id='word_1_841' title='bbox 1819 2725 1824 2735; x_wconf 88' lang='lat'><em>‚</em></span> <span class='ocrx_word' id='word_1_842' title='bbox 1836 2707 1851 2729; x_wconf 93' lang='lat'>1.</span> <span class='ocrx_word' id='word_1_843' title='bbox 1869 2706 1898 2729; x_wconf 88' lang='lat' dir='ltr'>de</span> 
     </span>
     <span class='ocr_line' id='line_1_111' title="bbox 1051 2746 1571 2774; baseline 0.002 -6"><span class='ocrx_word' id='word_1_844' title='bbox 1051 2746 1177 2774; x_wconf 85' lang='lat' dir='ltr'>Categoriis</span> <span class='ocrx_word' id='word_1_845' title='bbox 1193 2747 1283 2769; x_wconf 87' lang='lat' dir='ltr'>Aristet.</span> <span class='ocrx_word' id='word_1_846' title='bbox 1301 2752 1320 2769; x_wconf 91' lang='lat' dir='ltr'>e.</span> <span class='ocrx_word' id='word_1_847' title='bbox 1339 2747 1368 2769; x_wconf 88' lang='lat' dir='ltr'>de</span> <span class='ocrx_word' id='word_1_848' title='bbox 1384 2747 1571 2769; x_wconf 86' lang='lat' dir='ltr'>Denominativis.</span> 
     </span>
    </p>

    <p class='ocr_par' dir='ltr' id='par_1_32' title="bbox 1110 2785 1580 2814">
     <span class='ocr_line' id='line_1_112' title="bbox 1110 2785 1580 2814; baseline 0 -6"><span class='ocrx_word' id='word_1_849' title='bbox 1110 2785 1120 2800; x_wconf 77' lang='grc'>8</span> <span class='ocrx_word' id='word_1_850' title='bbox 1137 2785 1181 2808; x_wconf 84' lang='lat' dir='ltr'>Cl&#39;r.</span> <span class='ocrx_word' id='word_1_851' title='bbox 1198 2786 1320 2814; x_wconf 59' lang='lat' dir='ltr'>Priscian„</span> <span class='ocrx_word' id='word_1_852' title='bbox 1337 2786 1362 2808; x_wconf 94' lang='lat' dir='ltr'>II.</span> <span class='ocrx_word' id='word_1_853' title='bbox 1379 2787 1503 2808; x_wconf 82' lang='lat' dir='ltr'>Grammat.</span> <span class='ocrx_word' id='word_1_854' title='bbox 1521 2792 1541 2808; x_wconf 91' lang='lat' dir='ltr'>e.</span> <span class='ocrx_word' id='word_1_855' title='bbox 1559 2785 1580 2808; x_wconf 82' lang='grc'>5,</span> 
     </span>
    </p>

    <p class='ocr_par' dir='ltr' id='par_1_33' title="bbox 1048 2823 1897 2933">
     <span class='ocr_line' id='line_1_113' title="bbox 1111 2823 1897 2855; baseline -0.001 -8"><span class='ocrx_word' id='word_1_856' title='bbox 1111 2825 1121 2839; x_wconf 78' lang='lat'>⁹</span> <span class='ocrx_word' id='word_1_857' title='bbox 1138 2825 1307 2848; x_wconf 75' lang='lat' dir='ltr'>Postulantibus</span> <span class='ocrx_word' id='word_1_858' title='bbox 1323 2825 1384 2855; x_wconf 66' lang='lat' dir='ltr'>Jmss.</span> <span class='ocrx_word' id='word_1_859' title='bbox 1402 2829 1425 2848; x_wconf 82' lang='lat' dir='ltr'>et</span> <span class='ocrx_word' id='word_1_860' title='bbox 1441 2825 1494 2848; x_wconf 89' lang='lat' dir='ltr'>edd.</span> <span class='ocrx_word' id='word_1_861' title='bbox 1513 2826 1534 2853; x_wconf 70' lang='lat' dir='ltr'>l,</span> <span class='ocrx_word' id='word_1_862' title='bbox 1551 2824 1687 2847; x_wconf 84' lang='lat' dir='ltr'>addidimus</span> <span class='ocrx_word' id='word_1_863' title='bbox 1702 2823 1805 2854; x_wconf 80' lang='lat' dir='ltr'>proprie.</span> <span class='ocrx_word' id='word_1_864' title='bbox 1828 2824 1897 2846; x_wconf 84' lang='lat' dir='ltr'>Paulo</span> 
     </span>
     <span class='ocr_line' id='line_1_114' title="bbox 1048 2862 1897 2893; baseline 0 -8"><span class='ocrx_word' id='word_1_865' title='bbox 1048 2864 1105 2886; x_wconf 81' lang='lat' dir='ltr'>infra</span> <span class='ocrx_word' id='word_1_866' title='bbox 1126 2864 1195 2893; x_wconf 86' lang='lat' dir='ltr'>aliqui</span> <span class='ocrx_word' id='word_1_867' title='bbox 1215 2864 1282 2886; x_wconf 90' lang='lat' dir='ltr'>codd.</span> <span class='ocrx_word' id='word_1_868' title='bbox 1300 2867 1325 2886; x_wconf 89' lang='lat' dir='ltr'>ut</span> <span class='ocrx_word' id='word_1_869' title='bbox 1342 2865 1361 2886; x_wconf 91' lang='lat' dir='ltr'><strong>H</strong></span> <span class='ocrx_word' id='word_1_870' title='bbox 1378 2865 1397 2886; x_wconf 82' lang='lat' dir='ltr'>ss</span> <span class='ocrx_word' id='word_1_871' title='bbox 1410 2866 1462 2892; x_wconf 89' lang='lat' dir='ltr'>post</span> <span class='ocrx_word' id='word_1_872' title='bbox 1478 2863 1653 2893; x_wconf 78' lang='lat' dir='ltr'>multiplicatur</span> <span class='ocrx_word' id='word_1_873' title='bbox 1670 2863 1779 2886; x_wconf 89' lang='lat' dir='ltr'>adiiciunt</span> <span class='ocrx_word' id='word_1_874' title='bbox 1796 2862 1832 2886; x_wconf 83' lang='lat' dir='ltr'>vel</span> <span class='ocrx_word' id='word_1_875' title='bbox 1846 2862 1897 2892; x_wconf 82' lang='lat' dir='ltr'>plu-</span> 
     </span>
     <span class='ocr_line' id='line_1_115' title="bbox 1049 2902 1498 2933; baseline 0.002 -8"><span class='ocrx_word' id='word_1_876' title='bbox 1049 2902 1177 2932; x_wconf 57' lang='lat' dir='ltr'>msa-atur,-</span> <span class='ocrx_word' id='word_1_877' title='bbox 1194 2902 1230 2925; x_wconf 88' lang='lat' dir='ltr'>ed.</span> <span class='ocrx_word' id='word_1_878' title='bbox 1250 2903 1259 2925; x_wconf 80' lang='grc'>4</span> <span class='ocrx_word' id='word_1_879' title='bbox 1280 2909 1322 2926; x_wconf 74' lang='lat' dir='ltr'>nec</span> <span class='ocrx_word' id='word_1_880' title='bbox 1336 2902 1498 2933; x_wconf 74' lang='lat' dir='ltr'>plurificatur.</span> 
     </span>
    </p>
   </div>
  </div>
 </body>
</html>
