2253 3317
43 1823 168 1867 οἳῗὲἓέέξω·

755 100 839 129 DIST.
861 101 913 130 Vll.
935 101 1008 129 ΛΒΤ.
1030 100 1146 130 UNICUS
1167 101 1302 137 QUAEST.
1323 101 1352 129 II.
1870 103 1922 132 139

185 180 414 218 distinguantur¹
435 179 488 208 nisi
509 179 536 207 in
558 178 624 213 hoc,
645 178 721 215 quod
743 177 789 206 111θ
811 180 852 206 θεῖ
879 184 1028 214 generans,

187 229 238 258 iste
259 228 380 266 genitus:
406 234 472 262 ergo
500 233 565 253 cum
597 231 730 261 generare
765 223 911 253 conveniat
938 223 1028 259 Patri,

185 274 354 312 impossibile
386 274 442 307 est,
464 271 540 309 quod
561 270 706 300 conveniat
734 269 812 298 Filio:
846 277 912 307 ergo
944 269 1028 298 Filius

184 330 238 351 non
258 323 349 358 potest
370 326 519 356 generare:
541 326 607 355 ergo
628 317 684 346 non
705 317 790 346 habet
810 316 962 354 potentiam
984 324 1028 353 ge-

184 367 309 396 nerandi.
518 386 519 389 η

261 415 288 443 [ι.
300 414 376 448 Item,
387 412 527 450 generatio
538 412 596 440 Filii
607 419 624 440 a
634 411 714 440 Patre
728 410 827 439 similis
841 412 883 439 est
893 417 1028 447 expresse

183 461 235 499 ipsi
247 460 257 474 ²
272 459 443 498 generationi
457 459 535 487 verbi
550 466 567 487 a
581 461 674 487 mente
682 468 689 492 ;
705 457 754 486 sed
768 457 888 486 verbum
903 456 1028 493 genitum

183 516 237 536 non
259 507 343 536 habet
356 506 507 544 potentiam
529 504 681 542 generandi
695 504 772 533 aliud
792 504 921 538 verbum,
942 504 1028 532 immo

182 556 299 592 oportet,
320 553 395 590 quod
416 560 498 581 omne
519 552 639 581 verbum
659 550 820 579 immediate
841 550 876 579 sit
889 558 906 578 a.
920 552 1026 578 mente:

183 609 250 638 ergo
271 600 295 629 si
313 602 388 629 recte
409 599 498 628 simile
513 601 555 628 θεῖ
576 598 700 627 Verbum
716 597 884 631 increatum,
905 604 960 624 non
975 596 1028 624 ‘ha-

182 649 229 677 bet
248 647 401 685 potentiam
416 645 583 683 generandi,
605 645 651 673 sed
675 643 827 681 generandi
842 642 965 680 potentia
985 644 1028 671 est

183 695 209 723 in
233 694 290 723 solo
310 694 398 722 Patre.

217 735 220 737 ⁴
262 742 287 769 5.
308 741 389 774 Item,
403 739 452 768 fiat
465 738 670 776 argumentatio
684 737 828 774 Augustini
841 737 851 750 ³
870 737 976 765 ducens
990 735 1026 764 ad

181 787 360 825 impossibile.
376 786 403 814 Si
425 786 509 814 Filius
524 785 608 813 habet
628 784 781 822 potentiam
803 784 861 812 sive
882 790 963 820 posse
984 790 1028 819 ge-

182 834 313 868 nerandi,
334 835 455 870 ponatur
476 831 551 869 quod
573 834 702 868 generet:
723 838 829 867 quaero
848 829 882 858 de
904 828 1027 858 secundo

182 881 322 914 similiter3
337 882 364 908 et
379 879 401 908 si
416 887 471 908 non
492 880 533 907 est
547 880 621 907 stare
636 878 663 906 in
678 877 778 914 primo,
793 878 902 913 oportet
923 883 1027 913 ponere

182 928 303 957 infinitos
318 926 402 961 filios,
417 925 483 963 quia
497 933 553 962 qua
572 924 679 953 ratione
700 932 755 952 non
770 926 860 952 statur
880 923 907 951 in
926 923 1026 960 primo,

173 982 247 1012 ‘ergo
268 982 318 1003 nec
339 974 367 1002 in
388 973 495 1010 aliquo:
518 980 584 1008 ergo
606 972 628 1000 si
649 973 691 1000 est
712 973 786 999 stare
807 987 846 991 ——
866 969 932 1007 quia
952 969 1025 998 hoc⁴

181 1022 318 1059 repugnat
338 1020 449 1048 divinae
467 1018 643 1056 completioni
666 1035 704 1038 —
719 1018 768 1047 sed
783 1026 836 1054 qua
853 1017 960 1045 ratione
975 1019 1027 1045 sta-

181 1071 227 1097 tur
249 1068 276 1096 in
297 1067 407 1104 aliquo,
436 1068 526 1095 statur
554 1066 581 1094 in
602 1065 709 1102 primo:
737 1073 805 1102 ergo
832 1064 942 1102 primus
971 1072 1027 1093 non

179 1115 264 1144 hahet
284 1114 436 1151 potentiam
458 1112 618 1149 generandi.

260 1161 285 1189 6.
306 1160 390 1195 Item,
411 1159 459 1188 fiat
479 1157 685 1195 argumentatio
714 1157 843 1186 Richardi
856 1156 881 1185 ⁵:
905 1157 927 1186 si
949 1163 1028 1194 gene-

178 1210 256 1237 raret
285 1207 370 1236 Filius
397 1206 484 1234 alium
514 1205 620 1233 filium:
649 1212 716 1242 ergo
748 1212 811 1233 cum
847 1204 922 1232 filius
955 1203 1028 1241 geni-

179 1257 225 1284 tus
250 1254 338 1291 magis
365 1253 479 1282 attineat
500 1252 571 1289 patri
594 1260 680 1289 quam
708 1259 776 1286 avo,
797 1251 953 1280 secundum
975 1250 1028 1278 hoc

179 1310 234 1331 non
254 1304 326 1330 esset
347 1301 385 1329 ibi
401 1308 511 1329 summa
532 1302 559 1328 et
579 1299 705 1336 aequalis
720 1298 871 1327 connexio:
895 1306 961 1335 ergo
977 1305 1028 1326 nec

180 1356 291 1378 summa
311 1350 338 1376 et
358 1347 482 1384 aequalis
505 1346 646 1375 dilectio⁶:
670 1353 737 1382 ergo
752 1353 802 1374 nec
826 1345 949 1382 perfecta
968 1345 1030 1373 bea-

179 1396 286 1425 titudo:
315 1402 387 1432 quae
417 1393 510 1422 omnia
541 1397 674 1429 tanquam
705 1399 815 1421 summe
843 1391 1026 1429 impossibilia

179 1442 288 1480 respuit
308 1442 351 1479 pia
374 1440 451 1469 fides.

484 1540 720 1561 CONCLUSIO.

180 1629 272 1658 Pater
284 1627 444 1665 potentiam
456 1626 621 1664 yewera'ndi
639 1634 698 1654 aon
718 1626 915 1654 communicat
936 1625 1026 1660 Filio,

315 1674 392 1713 qaod
412 1673 529 1702 duabus
548 1672 716 1701 rationibus
733 1672 889 1709 probatur.

259 1769 434 1797 RESPONDEO:
457 1766 555 1804 Opinio
576 1766 736 1803 aliquorum
751 1769 804 1800 θεῖ,
826 1765 902 1802 quod
917 1765 944 1793 in
960 1765 1026 1793 Filio

179 1818 221 1844 est
241 1814 364 1852 potentia
385 1813 549 1851 generandi,
568 1813 617 1841 sed
637 1821 693 1841 non
711 1815 832 1849 generat.
855 1812 909 1840 Hoc
929 1814 1025 1840 autem

180 1870 235 1891 non
256 1864 310 1896 est,
325 1861 391 1898 quia
410 1869 466 1889 non
480 1862 583 1897 potest,
605 1859 653 1889 sed
675 1859 741 1896 quia
755 1867 810 1887 non
831 1858 959 1887 convenit
973 1857 1024 1887 ei.⁷.

181 1909 212 1938 Et
230 1911 339 1946 ponunt
366 1907 456 1936 simile
476 1907 504 1935 in
533 1910 727 1935 creaturarum
755 1905 938 1943 productione
961 1905 1024 1940 sive

180 1956 327 1985 creatione.
348 1955 423 1983 Deus
444 1956 534 1991 potest
554 1953 675 1982 infinitas
690 1956 834 1982 creaturas
855 1952 1024 1989 producere;

1086 178 1134 206 sed
1156 178 1230 215 quod
1252 186 1308 206 non
1329 178 1471 215 producit,
1494 179 1546 208 hoc
1568 187 1623 208 non
1638 182 1680 208 θεῖ
1700 188 1737 209 ex
1759 180 1929 217 impotentia,

1085 224 1134 252 sed
1155 224 1221 260 quia
1242 231 1297 252 non
1319 225 1447 253 convenit
1467 225 1505 259 ei3
1527 225 1566 254 sic
1587 228 1614 254 et
1634 226 1662 254 in
1683 227 1832 263 proposito.

1164 270 1216 298 San
1237 278 1361 299 CONTRA:
1383 271 1504 299 Ponatur
1524 274 1605 306 tunc,
1628 273 1703 309 quod
1724 273 1772 301 illa
1792 273 1929 310 potentia,
1942 277 2070 301 Reprobatur-

1085 323 1157 353 quae
1172 319 1214 345 est
1235 316 1263 345 in
1278 316 1344 345 Filio
1364 317 1400 345 ad
1415 318 1619 354 generandum,
1640 319 1760 347 ducatur
1781 319 1809 347 in
1823 322 1916 347 actum
1922 330 1929 354 ς

1085 365 1192 392 constat
1211 363 1287 400 quod
1301 363 1386 392 Filius
1407 364 1550 400 generabit
1567 364 1657 393 Deum
1675 368 1835 394 aeternum:
1861 373 1928 403 ergo

1085 409 1191 447 aliquid
1214 410 1336 447 ροῖθῖίῖὅ
1357 410 1483 446 incipere
1504 410 1608 439 habere
1629 419 1689 440 esse
1710 415 1737 440 et
1765 421 1824 440 esse
1844 416 1932 441 aeter-

1084 465 1172 490 mam
1196 457 1249 485 hoc
1269 459 1364 485 autem
1385 459 1427 485 θεῖ
1442 457 1612 494 impossibile
1633 460 1661 486 et
1674 466 1729 486 non
1749 459 1930 496 intelligibile·-

1163 503 1313 540 Propterea
1324 502 1334 516 ⁹
1350 502 1513 537 dicendum,
1528 503 1603 540 quod
1618 503 1697 532 Pater
1712 512 1767 532 non
1782 505 2046 533 communi-Conclusio-

1085 552 1128 578 cat
1158 549 1224 577 Filio
1251 556 1332 586 posse
1360 556 1495 585 generare
1522 552 1637 586 propter
1659 550 1723 578 duo.
1751 550 1846 578 Unum
1873 554 1932 585 est,

1084 596 1150 632 quia
1171 603 1226 624 non
1247 597 1350 632 potest,
1370 595 1471 629 aliud,
1493 596 1560 632 quia
1579 603 1634 624 non
1657 596 1748 624 debet.

1163 643 1240 671 Ratio
1261 645 1371 677 autem,
1392 650 1480 680 quare
1500 651 1555 671 non
1573 646 1679 679 potest,
1701 643 1770 671 haec
1791 646 1844 672 est:
1866 643 1932 680 quia
1945 648 2000 667 Ratio
2014 648 2031 667 ¹>

1083 689 1239 718 fecunditas
1260 689 1295 718 ad
1317 690 1510 726 generandum
1524 692 1567 718 est
1587 690 1615 718 in
1636 690 1730 724 Patre,
1752 690 1818 727 quia
1832 690 1932 727 prinei—

1083 736 1175 773 pium,
1197 739 1224 764 et
1238 736 1300 764 ideo
1321 736 1506 773 principium,
1521 737 1586 774 quia
1607 737 1739 774 primum.
1759 737 1931 774 Impossibile

1084 785 1178 811 autem
1200 784 1254 817 est,
1275 782 1351 820 quod
1365 783 1490 820 primum
1505 782 1526 796 ²⁰
1548 783 1734 812 communicet
1749 783 1795 812 alii
1810 784 1932 820 primita-

1083 831 1147 858 tem.
1169 829 1238 857 Nam
1252 829 1297 858 hic
1312 832 1353 858 θεῖ
1374 829 1510 866 oppositio
1529 830 1557 858 in
1578 830 1701 864 adiecto,
1716 830 1791 867 quod
1814 838 1931 867 persona

1083 876 1220 913 producta
1242 876 1277 905 sit
1297 876 1396 913 prima.
1419 876 1490 913 Quia
1517 884 1584 913 ergo
1609 876 1764 905 fecunditas
1792 877 1827 905 ad
1853 885 1932 914 gene-

1084 922 1205 951 randum
1226 930 1263 951 ex
1291 923 1433 960 primitate
1454 923 1526 951 Patri
1549 923 1654 957 inerat,
1675 923 1737 951 ideo
1765 931 1819 951 non
1841 926 1932 960 potest

1083 977 1145 998 eam
1161 969 1369 998 communicare
1384 969 1465 1004 Filio;
1481 972 1508 999 et
1523 970 1594 998 lianc
1609 970 1693 999 credo
1711 970 1855 1007 propriam
1870 978 1930 998 esse

1084 1016 1220 1044 rationem
1236 1016 1338 1051 huius,
1359 1016 1431 1045 sicut
1445 1016 1517 1044 infra
1537 1016 1642 1053 patebit
1663 1016 1839 1045 distinctione
1859 1016 1932 1053 vige-

1084 1063 1155 1091 sima
1175 1062 1341 1100 septima11,
1362 1063 1412 1091 ubi
1432 1065 1549 1100 agetur,
1571 1070 1658 1100 quare
1680 1063 1759 1091 Pater
1781 1065 1902 1099 generat.

1162 1108 1294 1138 Similiter
1314 1116 1370 1137 non
1391 1108 1470 1137 debet
1482 1108 1704 1140 communicare,
1719 1108 1851 1145 quoniam
1864 1107 1885 1121 ²²
1904 1108 1932 1136 in
1945 1116 2000 1135 uano
2013 1117 2029 1135 2.

1084 1156 1258 1185 emanatione
1273 1156 1433 1184 divinarum
1453 1163 1639 1193 personarum
1654 1155 1737 1184 debet
1754 1155 1859 1184 attendi
1877 1155 1933 1183 ori-

1082 1203 1194 1241 9inalis
1208 1203 1355 1231 distinctio
1374 1206 1402 1232 et
1416 1203 1589 1240 plenissima
1611 1203 1851 1231 θοῖηυῑῖιηίραῖὶος
1877 1203 1934 1231 ori-
1961 1209 2072 1242 originalis

1083 1249 1195 1286 pinalis
1219 1250 1382 1283 distinctio,
1411 1250 1477 1287 quia
1498 1257 1610 1279 necesse
1630 1253 1690 1284 est,
1705 1258 1738 1278 ea
1764 1258 1836 1287 quae
1861 1257 1933 1279 com·
1947 1233 2047 1252 ³¹³²¹⁰⁰²¹⁰'

1085 1296 1229 1325 municant
1250 1297 1278 1325 in
1305 1300 1406 1325 natura
1434 1297 1566 1334 distingui
1592 1297 1636 1325 vel
1658 1305 1708 1334 per
1732 1297 1932 1332 matffl'ictm¹³‚

1085 1342 1130 1371 vel
1151 1350 1202 1379 per
1223 1343 1374 1380 oriqiizem.
1397 1343 1448 1371 Per
1468 1343 1627 1371 materiam
1648 1343 1779 1380 distingui
1799 1350 1933 1380 personas

1086 1392 1128 1418 est
1143 1389 1326 1427 impossibile;
1342 1390 1407 1427 quia
1422 1389 1469 1418 ubi
1485 1392 1526 1418 est
1540 1389 1604 1418 talis
1618 1389 1720 1418 modus
1734 1389 1932 1426 distinguendi,

1086 1438 1127 1464 est
1155 1436 1318 1473 compositio
1346 1440 1373 1465 θῖ
1394 1436 1511 1464 variatio
1539 1439 1566 1465 et
1590 1436 1695 1465 formae
1723 1436 1932 1473 multiplicatio,

1085 1490 1157 1519 quae
1178 1483 1271 1511 onmia
1292 1483 1349 1512 Deo
1369 1485 1541 1520 repugnant,
1563 1483 1611 1520 qui
1633 1486 1675 1511 est
1699 1483 1819 1520 simplex
1847 1487 1875 1512 et
1895 1484 1933 1511 in-

1085 1530 1228 1559 variabilis
1248 1533 1275 1559 et
1296 1538 1362 1559 vere
1383 1538 1481 1559 unum.
1504 1531 1535 1559 Et
1556 1531 1618 1559 ideo
1639 1538 1752 1559 necesse
1777 1533 1818 1559 est
1839 1530 1933 1559 distin-

1085 1576 1133 1612 gui
1153 1585 1204 1613 per
1225 1577 1369 1614 oriyi'nem
1388 1577 1446 1606 sive
1461 1577 1669 1606 habitudinem:
1693 1585 1760 1614 ergo
1781 1584 1832 1614 per
1853 1584 1932 1614 gene-

1084 1630 1148 1651 rare
1176 1626 1203 1652 et
1231 1624 1373 1660 generari:
1402 1632 1469 1661 ergo
1497 1623 1518 1652 si
1548 1623 1632 1652 Filius
1659 1626 1750 1660 potest
1781 1631 1931 1661 generare,

1083 1671 1174 1706 potest
1188 1669 1272 1697 etiam
1292 1677 1347 1698 non
1362 1670 1504 1707 distingui.
1527 1670 1560 1699 Si
1581 1673 1612 1698 ta
1627 1670 1722 1705 dicas,
1741 1671 1816 1707 quod
1838 1671 1931 1699 adhuc

1083 1720 1125 1746 est
1146 1717 1300 1751 distinctio,
1321 1717 1387 1754 quia
1401 1724 1475 1745 unus
1497 1719 1606 1745 tantum
1622 1717 1713 1751 Pater,
1734 1717 1807 1745 alius
1822 1719 1930 1745 tantum

1054 1757 1060 1768 ¹
1082 1764 1182 1798 Filius,
1203 1763 1275 1792 alius
1296 1764 1376 1792 Pater
1397 1766 1424 1792 et
1446 1764 1545 1798 Filius3
1566 1766 1631 1792 tunc
1656 1772 1707 1800 ego
1728 1772 1837 1801 oppono
1865 1764 1930 1798 tibi,

1082 1810 1157 1848 quod
1172 1810 1313 1838 secundus
1327 1809 1402 1839 filius
1421 1813 1515 1847 posset
1536 1817 1670 1847 generare
1691 1810 1790 1838 eadem
1812 1810 1930 1844 ratione,

1082 1865 1137 1894 qua
1158 1857 1283 1894 primus;
1304 1859 1331 1885 et
1359 1859 1425 1885 tunc
1447 1856 1504 1885 duo
1524 1859 1634 1891 essent,
1659 1864 1781 1893 quorum
1808 1860 1928 1893 uterque

1081 1907 1153 1933 esset
1174 1907 1253 1941 pater
1274 1906 1301 1932 et
1322 1903 1406 1932 filius.

1161 1950 1293 1979 Similiter
1320 1953 1436 1987 propter
1461 1950 1665 1987 plenissimam
1693 1950 1930 1979 communicatio·
1958 1948 2069 1966 ¹³¹²¹¹i⁵⁵iffl³

1946 1972 2069 1998 communica-

1947 1997 1977 2013 tio.

241 2080 248 2095 ¹
266 2080 297 2102 Ex
314 2080 419 2108 plurimis
431 2078 498 2101 codd.
511 2081 532 2101 et
544 2078 580 2101 ed.
596 2079 601 2100 1
618 2077 780 2101 substituimus
791 2077 971 2107 distinguantur
982 2083 1025 2105 pro

178 2118 370 2148 distinquuntar.

239 2157 249 2171 ἵ
267 2157 317 2185 Vat.
336 2159 427 2185 praeter
444 2156 516 2178 Iidem
534 2162 588 2178 mss.
611 2159 633 2178 et
650 2162 688 2177 sex
714 2156 842 2183 primarum
867 2154 920 2177 edd.
944 2155 1026 2177 omittit

179 2195 231 2226 ipsi.

239 2233 250 2248 ³
266 2234 326 2256 Libr.
344 2234 367 2256 11.
386 2236 463 2256 contra
481 2233 593 2255 Maximin.
611 2239 630 2255 c.
653 2233 685 2255 12.
699 2238 720 2254 11.
734 2232 758 2260 3ς
776 2232 829 2254 ride
841 2233 864 2254 in
882 2232 912 2254 lit.
925 2231 1025 2260 Magistri

178 2279 197 2296 c.
214 2274 231 2295 Ι.
242 2274 301 2295 circa
314 2272 463 2295 medium.—
474 2272 543 2294 Paulo
556 2272 614 2294 infra
626 2272 704 2299 plures
717 2271 784 2293 codd.
794 2274 819 2293 ut
828 2271 891 2293 AFG
901 2271 918 2293 H
929 2271 962 2293 11<
970 2271 1024 2293 WY

177 2316 219 2335 etc.
237 2318 291 2334 cum
308 2312 345 2334 ed.
364 2312 372 2333 1
393 2317 509 2340 quaeram
526 2311 576 2333 loco
594 2316 691 2340 quaero.

240 2350 249 2364 ⁴
266 2350 340 2372 Locus
357 2350 454 2372 difficilis
471 2353 494 2372 θῖ
510 2350 606 2373 fortasse
617 2352 747 2377 corruptus.
763 2349 925 2377 Subintellige:
938 2356 1024 2377 ponere

178 2388 276 2411 infinitos
293 2388 363 2416 tilios,
382 2389 430 2410 sive
447 2389 536 2416 potius:
554 2394 599 2410 non
617 2390 676 2410 stare
699 2388 721 2409 in
738 2388 815 2416 aliquo
821 2395 827 2415 ;
850 2388 949 2417 ideoque
974 2394 1024 2416 par-

178 2429 245 2450 ticula
262 2427 318 2458 quia
335 2428 357 2450 in
375 2428 417 2450 liae
434 2434 474 2449 sua
496 2428 610 2455 positione
635 2433 679 2449 non
705 2427 815 2449 directam
841 2427 964 2455 rationem,
982 2427 1023 2449 scd

177 2468 254 2495 potius
272 2467 512 2495 praesuppositionem
529 2468 635 2494 respectu
653 2466 817 2494 propositiOnis
834 2465 993 2488 conditionalis
1004 2465 1026 2488 si

177 2507 213 2529 est
228 2507 292 2529 stare
310 2505 403 2534 indicat,
421 2505 485 2534 quod
502 2506 544 2527 hac
562 2505 657 2527 meliore
670 2505 784 2532 positione
801 2507 912 2532 apparet:
925 2511 981 2533 ergo
992 2517 1024 2521 —

178 2545 232 2573 quia
250 2545 293 2566 hoc
309 2546 424 2571 repugnat
440 2543 532 2565 divinae
549 2543 695 2571 completioni
711 2555 744 2559 —
760 2543 779 2565 si
796 2544 830 2565 est
846 2545 913 2565 stare.
925 2554 956 2559 —
967 2542 1022 2565 Cod.

178 2584 194 2605 Z
211 2588 267 2612 erqo
289 2588 381 2606 necesse
397 2583 431 2605 θεῖ
447 2583 518 2605 stare.
536 2582 605 2604 Paulo
623 2582 680 2603 insi-a
697 2584 750 2609 post
761 2580 910 2611 coni-pietatm
924 2588 950 2603 ex
968 2588 1022 2604 mss.

178 2624 200 2643 et
217 2621 253 2643 ed.
276 2621 280 2642 Ι
302 2620 429 2642 adiecimus
445 2619 492 2643 sed.

241 2660 250 2674 ⁵
267 2659 327 2681 Libr.
347 2659 372 2681 V.
390 2659 419 2681 de
436 2659 499 2681 Trin.
517 2665 536 2681 c.
557 2659 590 2680 ¹0.
608 2665 672 2687 seqq.
689 2660 711 2680 et
727 2658 763 2680 VI.
782 2664 801 2680 c.
814 2659 835 2680 2.
847 2664 911 2687 seqq.
923 2658 1022 2686 —Vat2v

178 2698 334 2721 obnitentibus
351 2704 404 2720 mss.
423 2700 444 2719 et
461 2697 497 2720 ed.
515 2698 536 2725 l,
549 2700 601 2725 post
617 2696 737 2725 Richardi,
756 2696 819 2719 addit
837 2697 862 2719 at
873 2700 894 2719 et
906 2697 975 2725 paulo
991 2698 1023 2719 in-

179 2738 211 2759 t'ra
229 2740 319 2765 praeter
336 2737 405 2759 fidem
423 2738 577 2765 antiquifflum
595 2736 662 2758 codd.
681 2740 703 2759 et
719 2736 755 2758 ed.
774 2736 782 2757 1
805 2742 846 2758 nec
863 2742 907 2758 non
924 2742 1022 2764 operum

179 2775 285 2798 Richardi
304 2776 349 2800 (Vl.
367 2776 396 2797 de
414 2776 476 2797 Trin.
494 2782 513 2797 c.
531 2776 562 2803 6.)
581 2775 630 2797 loco
647 2774 712 2804 patri
727 2781 799 2804 quam
810 2780 855 2797 aco
867 2775 931 2803 ponit
941 2774 1022 2804 adpa-

179 2815 240 2837 trem
257 2820 329 2844 quam
346 2814 415 2837 alias.

241 2852 250 2867 ⁶
268 2854 392 2882 Sequimur
408 2853 459 2875 cod.
477 2853 508 2881 Ο,
525 2852 581 2875 dum
599 2854 635 2875 alii
653 2853 720 2875 codd.
738 2856 760 2875 et
776 2853 829 2875 edd.
848 2853 927 2881 legunt
943 2852 1022 2875 distin-

1082 2076 1140 2104 ctio,
1160 2076 1223 2105 qnod
1241 2082 1283 2098 nec
1305 2076 1419 2098 contextui
1442 2081 1485 2097 nec
1507 2075 1700 2103 argumentationi
1723 2074 1830 2097 Ricnardi
1853 2081 1929 2104 corro-

1082 2115 1198 2143 spondere
1213 2115 1314 2137 ridetur.

1144 2154 1154 2169 ⁷
1166 2154 1269 2182 Plerique
1281 2153 1349 2176 codd.
1359 2159 1413 2176 cum
1425 2153 1461 2175 ed.
1475 2154 1480 2175 Ι
1495 2153 1602 2175 omittunt
1610 2152 1638 2181 ei,
1650 2152 1713 2181 quod
1723 2155 1806 2181 tamen,
1817 2153 1859 2175 sibi
1872 2154 1927 2181 ipsis

1083 2199 1127 2215 non
1141 2196 1276 2221 constantes,
1286 2193 1356 2221 paulo
1368 2193 1437 2220 infra,
1456 2192 1496 2214 ubi
1508 2192 1589 2214 eadem
1602 2192 1729 2220 propositio
1741 2193 1843 2220 recurrit,
1857 2199 1927 2221 appo-

1083 2233 1145 2253 nunt.
1163 2231 1212 2253 Mox
1230 2231 1266 2253 ed.
1288 2232 1292 2252 1
1315 2237 1369 2253 cum
1381 2237 1428 2253 uno
1441 2231 1542 2253 alterove
1554 2230 1604 2253 cod.
1616 2230 1735 2260 producat
1745 2231 1795 2253 loco
1811 2230 1927 2260 producit.

1144 2269 1154 2284 ⁸
1171 2270 1221 2292 Vat.
1239 2276 1292 2293 cum
1311 2270 1362 2293 cod.
1379 2276 1405 2292 co
1421 2270 1529 2299 poterat,
1549 2269 1588 2292 sed
1607 2269 1697 2292 obstant
1714 2271 1854 2299 antiquiores
1871 2262 1925 2293 mss.

1082 2315 1135 2331 cum
1153 2309 1189 2331 ed.
1212 2310 1229 2331 1.

1143 2347 1153 2362 9
1170 2347 1335 2370 substituimus
1352 2347 1480 2376 Propterea
1497 2347 1547 2369 loco
1564 2347 1665 2376 Propter
1682 2346 1726 2370 hoc
1746 2347 1792 2369 fide
1817 2348 1926 2376 antiquio-

1080 2393 1133 2409 rum
1150 2393 1204 2409 mss.
1222 2389 1245 2409 et
1261 2386 1297 2409 ed.
1317 2387 1324 2408 1
1340 2405 1345 2415 ,
1362 2387 1431 2415 aliqui
1450 2390 1525 2409 tamen
1543 2392 1597 2408 mss.
1616 2386 1699 2408 deinde
1725 2386 1813 2409 addunt
1830 2388 1865 2409 vel
1883 2386 1926 2410 hoc

1081 2426 1117 2448 vel
1135 2425 1233 2449 adhoc.
1256 2426 1305 2448 Mox
1331 2426 1463 2448 auctoritate
1485 2425 1611 2448 eorundem
1637 2432 1691 2447 mss.
1717 2428 1739 2447 et
1764 2425 1800 2447 ed.
1827 2426 1833 2447 1
1858 2431 1926 2455 posse.

1080 2471 1195 2495 generare
1212 2465 1333 2492 posuimus
1350 2465 1400 2487 loco
1415 2464 1544 2493 potentiam
1561 2464 1696 2494 qenai-andi.

1144 2503 1163 2518 10
1180 2504 1209 2526 lta
1228 2504 1364 2526 vetustiores
1381 2503 1448 2526 codd.
1467 2509 1520 2525 cum
1537 2503 1573 2525 ed.
1593 2503 1600 2525 1
1622 2505 1699 2525 contra
1718 2503 1767 2526 Vat.
1780 2506 1802 2525 et
1818 2504 1868 2525 cod.
1887 2510 1924 2531 cc,

1080 2543 1119 2571 qui
1137 2542 1221 2564 liabent
1233 2541 1381 2572 principiam
1398 2548 1440 2570 pro
1455 2541 1576 2571 primum,
1594 2542 1635 2564 sed
1656 2543 1733 2564 minus
1745 2543 1862 2564 concinne.
1875 2542 1923 2564 Mox

1079 2581 1147 2603 codd.
1165 2582 1223 2603 inter
1241 2587 1265 2603 se
1284 2580 1407 2608 dissident;
1425 2581 1460 2602 alii
1478 2581 1539 2602 onim
1557 2584 1582 2603 ut
1606 2580 1719 2602 FGHIK
1745 2587 1770 2603 cc
1795 2587 1821 2603 ee
1846 2582 1924 2609 legunt

1079 2626 1136 2642 iiam
1154 2618 1211 2642 haec
1227 2620 1273 2647 est,
1294 2620 1330 2641 alii
1347 2622 1372 2641 ut
1389 2620 1430 2648 PQ
1447 2625 1501 2641 cum
1518 2619 1571 2642 edd.
1590 2618 1602 2641 12
1613 2637 1618 2647 ‚
1636 2619 1650 2641 5
1674 2625 1731 2642 iiam
1756 2618 1800 2642 hoc
1824 2620 1869 2647 est,
1887 2620 1922 2642 alii

1079 2659 1175 2681 demum
1193 2665 1246 2680 cum
1264 2658 1314 2681 Vat.
1332 2661 1355 2680 θῖ
1368 2658 1405 2680 ed.
1424 2659 1432 2680 1
1454 2664 1511 2680 iiam
1528 2657 1565 2681 liic
1581 2659 1621 2681 est.

1142 2697 1160 2711 ¹¹
1180 2698 1244 2719 Parte
1262 2698 1276 2719 Ι.
1294 2704 1314 2719 a.
1337 2698 1355 2719 Ι.
1373 2704 1395 2726 q.
1414 2698 1435 2719 2.

1142 2735 1161 2750 ¹²
1178 2735 1316 2758 Fax-entibus
1333 2741 1388 2757 mss.
1412 2738 1435 2757 et
1451 2734 1486 2757 ed.
1517 2736 1539 2763 1,
1566 2734 1726 2758 substituimus
1750 2735 1863 2765 quomam
1880 2741 1922 2762 pro

1080 2774 1143 2804 qaia.
1161 2774 1216 2797 Cod.
1233 2774 1251 2796 R
1269 2778 1321 2802 post
1338 2773 1453 2797 Similiter
1470 2774 1533 2797 addit
1549 2775 1646 2804 propter
1662 2774 1841 2797 emanationem.

1142 2813 1161 2828 ¹³
1178 2814 1269 2835 Plurimi
1287 2813 1355 2836 codd.
1373 2820 1425 2836 cum
1442 2814 1479 2836 ed.
1496 2814 1500 2835 1
1518 2814 1554 2836 liic
1565 2816 1587 2835 et
1598 2814 1728 2835 immediate
1740 2814 1796 2836 infra
1809 2814 1919 2836 naturam

1080 2853 1129 2875 loco
1146 2851 1283 2880 malm-iam,
1303 2852 1343 2874 sed
1361 2853 1428 2880 salso,
1449 2855 1473 2874 ut
1489 2858 1515 2875 ex
1533 2855 1636 2875 contextu
1655 2855 1722 2880 patet.
