2253 3317
332 131 390 159 ,199
1023 124 1275 153 SENTENTIARUM
1296 124 1356 152 Ltss.
1378 124 1395 152 l.

415 208 588 236 Rssrounsso:
609 205 779 238 Dicendum,
801 204 875 241 quod
897 204 956 241 ipse
970 204 977 216 ¹
1000 203 1120 231 Hilarius
1141 202 1179 230 in-

337 254 435 290 telligit
449 252 603 281 seeundum
625 251 745 279 eandem
759 253 901 281 naturam,
924 249 1078 278 seeundum
1093 256 1177 285 quam

336 300 415 337 prius
429 303 496 328 erat.
519 298 544 327 Si
559 298 633 327 enim
649 297 803 326 secundum
824 297 940 325 eandem
956 299 1085 324 naturam
1100 295 1179 332 prius

335 349 396 374 erat
416 348 443 374 et
470 348 564 382 postea
593 347 675 372 natus
702 347 759 374 est,
780 350 891 371 neeesse
913 345 966 372 est.
988 342 1063 378 quod
1085 348 1180 369 secun-

336 393 404 421 dum
426 392 502 419 illam
531 394 660 419 naturam
682 392 807 418 mutatus
834 389 887 418 sit:
909 388 957 416 sed
980 388 1002 416 si
1023 387 1179 416 seeundum

1234 201 1326 229 aliam.
1339 201 1359 234 ⁹,
1381 203 1490 238 oportet
1504 201 1685 230 mutationem
1700 201 1760 230 fieri
1782 202 1809 229 in
1831 201 1878 229 illa
1898 203 2010 234 natura,
2029 201 2077 229 sed

1234 256 1288 275 non
1311 247 1337 275 in
1358 255 1490 284 persona,
1519 255 1583 276 cum
1605 247 1652 275 illa
1672 251 1773 276 natura
1801 256 1854 276 non
1877 247 1951 275 dicat
1971 247 2078 283 aliquid

1235 294 1265 322 2⁷11.
1286 302 1421 331 persona,
1443 294 1492 323 sed
1521 294 1609 330 magis
1628 294 1731 330 aliquid
1762 303 1829 322 eum
1854 301 1981 331 persona.
2003 293 2079 322 Unde

1235 340 1313 368 nulla
1334 340 1364 368 tit
1385 340 1502 368 mutatio
1523 340 1550 368 in
1571 340 1645 367 alia³
1666 343 1775 368 natura.

1066 494 1302 528 DlSTlNCTlO
1328 495 1365 527 X.

709 612 770 639 Car.
791 612 808 638 l.

337 701 374 726 De
394 698 498 734 Spiritu
516 702 618 729 sanclo,
638 697 710 734 quod
728 706 806 724 amor
825 696 915 723 Patris
935 700 958 722 el
977 695 1046 722 Filii
1068 694 1181 731 proprie

406 740 521 771 dicitur,
535 748 595 766 eum
605 739 640 766 sil
652 739 681 766 iu.
699 738 830 766 trinitate
840 746 928 769 amor,
941 737 991 773 qui
1000 742 1035 764 est
1049 737 1180 767 'so-inicus,

405 783 473 810 sicu!
498 781 610 809 Verbum.
628 781 740 817 proprie
760 780 860 807 dicitur
878 779 1026 815 sapientia,
1050 783 1072 805 e!
1092 783 1181 806 lernen

407 830 459 852 tola
482 825 601 852 Trltze‘lus
620 824 720 851 ‹lic-[mr
739 822 880 858 sapientia.

405 911 481 937 Nune
507 913 566 944 post
593 910 652 936 Filii
677 909 860 936 aeternitatem
885 908 918 934 (le
947 908 1047 942 Spiritu
1073 910 1180 939 sancto,

336 957 465 988 quantum
491 954 545 979 Deo
571 953 685 979 donante
711 952 802 978 videre
822 951 987 981 conceditur,
1008 951 1180 976 disseramus.

336 997 450 1031 Spiritus
469 999 578 1023 sanctus
597 1003 673 1022 amor
692 998 731 1021 est
750 995 806 1021 sive
819 994 917 1021 caritas
936 994 993 1020 sive
1013 993 1119 1020 dilectio
1137 994 1183 1020 Pa-

336 1040 383 1066 tris
409 1043 433 1066 et
454 1039 521 1065 Filii.
542 1039 617 1065 Unde
636 1038 801 1072 Augustinus
821 1037 846 1063 in
866 1036 971 1063 decimo
1000 1036 1092 1070 quinto
1113 1036 1181 1062 libro

336 1083 369 1109 de
388 1082 514 1108 Trinitate
526 1082 532 1094 ¹
553 1082 603 1107 ait:
629 1080 768 1114 «Spiritus
787 1082 895 1106 sanetus
914 1086 963 1105 nec
982 1079 1067 1105 Patris
1087 1081 1127 1105 est
1143 1086 1183 1104 so-

336 1126 387 1152 lius
406 1133 455 1152 nee
474 1125 533 1151 Filii
553 1127 592 1151 est
611 1124 707 1155 solius,
727 1123 774 1149 sed
800 1123 955 1153 amborum,
981 1124 1006 1148 et
1033 1121 1092 1147 ideo
1112 1128 1183 1147 com-

337 1176 444 1195 munem
470 1175 523 1202 qua
552 1167 666 1193 invicem
686 1173 714 1192 se
728 1166 841 1200 diligunt
853 1165 931 1191 Pater
950 1167 976 1191 et
998 1164 1081 1191 Filius
1106 1164 1183 1190 nobis

337 1212 453 1238 insinuat
473 1211 612 1237 caritatem
624 1221 634 1232 u
643 1230 649 1235 .

406 1254 517 1280 Ioannes
530 1256 619 1279 autem
630 1252 655 1278 in
666 1252 785 1285 Epistola
793 1251 922 1277 canonica
931 1250 939 1263 ²
951 1250 995 1276 ait:
1004 1251 1073 1276 Deus
1085 1249 1183 1276 caritas

336 1301 380 1323 est.
396 1308 406 1319 «ι
414 1296 471 1323 Non
486 1296 560 1322 dixit:
571 1296 686 1329 Spiritus
699 1297 807 1321 sanetus
818 1294 915 1320 caritas
926 1296 977 1323 est:
989 1293 1061 1327 quod
1072 1293 1093 1319 si
1105 1293 1184 1319 dixis-

336 1343 384 1371 set,
398 1339 545 1366 absolutior
558 1341 627 1365 esset
640 1345 736 1369 sermo,
748 1340 773 1363 et
786 1344 837 1363 non
848 1343 932 1371 parva
946 1343 1009 1370 pars
1020 1335 1184 1370 quaestionis

337 1383 441 1413 decisa:
462 1382 508 1408 sed
522 1382 585 1415 quia
604 1381 684 1407 dixit:
699 1381 769 1407 Deus
783 1378 881 1405 caritas
894 1383 938 1410 esc,
953 1379 1084 1405 incertum
1096 1381 1143 1409 est,
1158 1380 1184 1403 et

337 1426 397 1452 ideo
412 1424 595 1459 quaerendum
606 1423 624 1455 ³,
643 1426 733 1450 utrum
747 1423 817 1449 Deus
830 1422 907 1448 Pater
926 1421 960 1447 sit
973 1421 1084 1452 caritas,
1098 1427 1130 1446 an
1144 1420 1185 1446 Fi-

337 1468 398 1499 lius,
411 1475 444 1494 an
458 1467 573 1501 Spiritus
586 1469 708 1497 sanctus,
722 1472 754 1491 an
775 1465 845 1491 Deus
867 1465 924 1498 ipsa
944 1463 1066 1494 Trinitas,
1082 1463 1144 1497 quia
1159 1466 1184 1489 et

339 1511 397 1545 ipsa
417 1518 469 1537 non
484 1513 536 1536 tres
557 1509 610 1540 dii,
630 1509 676 1535 sed
690 1516 759 1535 unus
779 1511 818 1534 est
831 1508 937 1534 Deus».
957 1506 997 1533 Ad
1012 1506 1084 1540 quod
1098 1506 1185 1540 Augu-

337 1555 422 1581 stinus
442 1554 467 1580 in
493 1553 587 1580 eodem
614 1552 682 1578 libro
707 1552 744 1577 ita
763 1551 842 1577 dicit:
868 1549 1002 1580 «Nescio,
1027 1556 1090 1579 c-ur,
1114 1548 1184 1574 sieut

338 1597 468 1631 sapientia
489 1599 514 1622 et
532 1596 611 1622 Pater
630 1594 729 1621 dicitur
748 1596 774 1620 et
792 1593 875 1620 Filius
888 1595 914 1619 et
932 1592 1048 1626 Spiritus
1067 1594 1183 1622 sanctus,

339 1643 364 1666 et
382 1639 461 1665 simul
481 1646 573 1665 onmes
591 1645 643 1664 non
664 1640 728 1667 tres,
740 1636 786 1662 sed
800 1642 853 1662 una
872 1635 1017 1669 sapientia,
1037 1641 1089 1660 non
1109 1634 1145 1659 ita
1159 1636 1185 1659 et

338 1682 436 1708 caritas
449 1681 555 1707 dicatur
566 1681 644 1706 Pater
664 1682 690 1705 et
708 1679 791 1705 Filius
813 1681 838 1704 et
860 1677 975 1711 Spiritus
999 1679 1115 1707 sanctus,
1135 1679 1161 1702 et
1174 1675 1183 1688 ‘¹

338 1724 417 1750 simul
431 1731 523 1750 omnes
536 1730 588 1750 una
608 1722 713 1749 caritas.
727 1721 785 1747 Non
800 1721 860 1747 ideo
874 1723 961 1746 tamen
979 1719 1121 1753 quisquam
1136 1726 1184 1745 nos

339 1767 555 1793 inconvenienter
580 1765 702 1792 aestimet
727 1764 866 1790 caritatem
893 1762 1031 1796 appellare
1053 1762 1182 1795 Spiritum

338 1813 474 1841 sanetum,
487 1809 551 1843 quia
571 1811 596 1834 et
615 1808 686 1834 Deus
704 1807 782 1833 Pater
801 1809 826 1832 et
845 1806 916 1832 Deus
935 1805 1018 1831 Filius
1037 1807 1124 1838 potest
1143 1811 1185 1830 ca-

338 1854 403 1880 ritas
428 1851 593 1885 nuncupari,
612 1850 682 1876 sicut
707 1849 817 1884 proprie
836 1848 954 1875 Verbum
979 1847 1026 1873 Dei
1046 1847 1126 1873 etiam
1146 1853 1185 1873 sa-

338 1896 438 1931 pientia
458 1894 506 1921 Dei
519 1894 626 1924 dicitur,
640 1900 702 1919 eum
722 1896 747 1919 et
760 1893 838 1918 Pater
857 1894 882 1918 et
895 1891 1010 1925 Spiritus
1030 1892 1138 1916 sanctus
1150 1889 1184 1915 sit

338 1938 468 1973 sapientia
479 1949 503 1963 ».

414 1992 424 2003 «
437 1980 464 2007 Si
485 1987 547 2013 ergo
560 1979 670 2013 proprie.
684 1978 782 2012 aliquis
800 1978 897 2003 horum
912 1977 992 2003 trium
1009 1976 1107 2002 caritas
1120 1983 1184 2001 nun-

339 2024 433 2058 cupari
453 2023 546 2053 debet,
571 2022 631 2056 quis
651 2022 739 2056 aptius
762 2028 843 2055 quam
869 2020 984 2053 Spiritus
1003 2019 1129 2045 sanetus?
1156 2022 1184 2044 ut

338 2065 441 2091 scilicet
454 2065 480 2090 in
491 2065 500 2077 ⁵
520 2065 563 2090 illa
578 2071 683 2090 summa
702 2062 873 2096 simplicique
886 2065 981 2087 natura
998 2068 1049 2087 non
1064 2061 1098 2087 sit
1111 2060 1183 2086 aliud

338 2108 499 2139 substantia,
519 2111 544 2134 et
563 2107 635 2133 aliud
655 2106 767 2136 caritas,
787 2105 834 2131 sed
853 2104 999 2131 substantia
1012 2104 1069 2137 ipsa
1089 2104 1123 2130 sit
1142 2111 1183 2129 ea-

339 2151 411 2182 ritas,
422 2154 448 2177 et
466 2150 564 2176 caritas
577 2150 635 2183 ipsa
655 2149 688 2175 sit
701 2148 861 2179 substantia,
880 2147 937 2173 sive
958 2147 983 2172 in
998 2147 1074 2173 Patre
1088 2146 1143 2172 sive
1158 2146 1183 2172 in

338 2193 405 2220 Filio
425 2193 481 2219 sive
501 2193 526 2218 in
546 2192 647 2227 Spiritu
667 2194 772 2222 sancto,
791 2194 817 2217 et
834 2194 922 2216 tamen
942 2189 1057 2223 Spiritus
1076 2192 1185 2215 sanctus
1213 2211 1214 2214 ,

1235 610 1345 644 proprie
1370 611 1468 636 caritas
1492 613 1696 644 nuncupetur».
1717 610 1787 636 Ecce
1812 610 1854 636 his
1879 609 1969 636 verbis
1989 612 2081 644 aperte

1236 652 1367 679 ostendit‘³
1380 652 1553 685 Augustinus,
1563 652 1635 686 quod
1650 652 1675 678 in
1689 652 1816 678 Trinitate
1829 651 1926 678 caritas
1937 651 2083 685 aliquando

1236 696 1350 722 retertur
1369 695 1402 722 ad
1416 696 1605 727 substantiam,
1624 702 1694 729 quae
1707 695 1857 721 communis
1871 698 1910 721 est
1930 695 2011 721 trium
2024 702 2083 728 per-

1237 746 1363 765 sonarum
1387 741 1412 765 et
1432 741 1485 765 tota
1512 738 1537 764 in
1557 738 1680 771 singulis,
1706 737 1850 772 aliqnando
1870 737 2023 771 specialiter
2047 737 2079 763 ad

1237 789 1380 815 personam
1399 781 1514 815 Spiritus
1527 781 1624 812 sancti;
1644 781 1713 807 sicut
1726 780 1856 814 sapientia
1870 780 1918 807 Dei
1937 780 2084 814 aliquando

1238 831 1287 858 pro
1300 824 1447 850 substantia
1468 823 1571 852 divina,
1585 823 1729 857 aliquando
1744 830 1793 857 pro
1806 823 1872 849 Filio
1892 823 2001 857 proprie
2014 823 2087 849 acci-—

1237 866 1326 900 pitur;
1347 869 1372 892 et
1391 866 1442 892 hoe
1462 866 1488 891 in
1508 865 1598 891 multis
1618 865 1674 891 fieri
1694 865 1835 899 reperitur.

1602 950 1663 976 Car.
1682 950 1711 976 ΙΙ.

1311 1036 1388 1068 Quod
1405 1035 1496 1062 eadem
1515 1035 1629 1062 nomina
1644 1034 1758 1070 proprie
1780 1039 1804 1061 et
1822 1034 2013 1062 uniuersaliter

1570 1078 1749 1113 accipiuntm'.

1315 1164 1460 1191 «Pluribus
1479 1164 1549 1190 enim
1563 1163 1694 1197 exemplis
1712 1163 1803 1190 doceri
1822 1166 1924 1198 potest,
1944 1164 2026 1190 multa
2046 1171 2088 1190 re—

1240 1214 1299 1233 rum
1313 1207 1443 1234 vocabula
1464 1210 1490 1233 et
1502 1207 1688 1233 universaliter
1707 1206 1779 1240 poni,
1806 1210 1831 1233 et
1848 1206 1957 1240 proprie
1976 1206 2085 1241 quibus-

1240 1250 1301 1276 dam
1322 1250 1402 1276 rebus
1421 1250 1558 1282 adhiberi,
1578 1250 1648 1276 sieut
1666 1249 1743 1282 Legis
1763 1249 1869 1275 nomine
1888 1249 2033 1284 aliquando
2053 1249 2085 1276 si-

1240 1292 1296 1319 mul
1321 1293 1409 1319 onmia
1429 1293 1527 1319 veteris
1545 1292 1733 1318 lusti-umenti⁷
1753 1292 1938 1325 significantur
1965 1292 2087 1326 eloquia,

1241 1335 1384 1369 aliquando
1405 1338 1493 1362 autem
1519 1335 1628 1369 proprie
1653 1338 1765 1361 vocatur
1784 1335 1852 1366 Lex,
1873 1341 1942 1369 quae
1961 1334 2023 1361 data
2046 1337 2085 1361 est

1240 1385 1289 1412 per
1307 1378 1452 1412 Moysen».
1472 1378 1553 1404 Multa
1573 1378 1623 1404 alia
1645 1380 1791 1411 suppetunt
1810 1377 1941 1411 exempla,
1956 1377 2003 1403 sed
2018 1377 2042 1403 in
2055 1384 2085 1404 re

1240 1423 1331 1454 aperta
1353 1420 1461 1446 vitanda
1481 1423 1520 1446 est
1538 1419 1676 1453 longitudo
1695 1419 1833 1446 sermonis.
1853 1419 1928 1445 Sicut
1947 1426 2009 1452 ergo
2030 1419 2086 1445 uni-

1241 1469 1302 1488 cum
1322 1462 1368 1488 Dei
1382 1462 1499 1488 Verbum
1520 1461 1629 1496 proprie
1649 1468 1777 1487 vocamus
1796 1461 1903 1487 nomine
1922 1461 2084 1494 sapientiae,

1241 1512 1302 1531 cuin
1322 1505 1356 1531 sit
1375 1505 1562 1531 universaliter
1581 1508 1606 1531 et
1624 1504 1739 1538 Spiritus
1759 1507 1867 1530 sanctus
1886 1506 1912 1530 et
1930 1504 2007 1530 Pater
2027 1503 2085 1538 ipsa

1240 1548 1384 1582 sapientia;
1406 1548 1441 1574 ita
1461 1548 1577 1582 Spiritus
1597 1551 1704 1573 sanctus
1724 1547 1832 1581 proprie
1852 1549 2023 1580 nuncupatur
2043 1553 2086 1572 vo-

1241 1591 1337 1617 cabulo
1358 1590 1511 1621 caritatisss,
1531 1597 1592 1616 cum
1612 1590 1646 1616 sit
1665 1593 1691 1616 et
1708 1590 1786 1616 Pater
1805 1592 1831 1615 et
1850 1589 1932 1615 Filius
1952 1589 2091 1615 universa-v

1241 1633 1300 1660 liter
1320 1634 1452 1659 caritas».

1317 1688 1328 1699 «
1342 1676 1393 1703 Sed
1413 1676 1459 1702 Dei
1480 1675 1612 1706 Verbum,
1632 1675 1658 1701 id
1678 1678 1718 1701 est
1743 1675 1895 1708 unigenitus
1923 1674 1970 1701 Dei
1990 1674 2085 1705 Filius,

1241 1722 1334 1753 aperte
1353 1719 1441 1745 dictus
1461 1721 1500 1744 est
1519 1718 1566 1744 Dei
1589 1717 1718 1751 sapientia
1740 1724 1786 1743 ore
1813 1717 1933 1751 Apostoli
1953 1716 2085 1743 dicentis⁰

1243 1760 1381 1788 Christum
1400 1760 1451 1787 Dei
1467 1760 1595 1787 virtutem
1614 1764 1637 1786 et
1656 1759 1888 1794 Dei'sapi'ema'mn.
1908 1759 2024 1793 Spiritus
2043 1766 2087 1786 au-

1242 1808 1294 1831 tem
1313 1808 1422 1830 sanctus
1441 1804 1486 1830 ubi
1507 1804 1541 1830 sit
1559 1804 1647 1830 dictus
1667 1803 1779 1833 caritas,
1803 1803 1968 1834 invenimus,
1988 1803 2009 1829 si
2030 1803 2087 1829 dili-

1241 1850 1332 1881 genter
1345 1847 1449 1873 Ioannis
1468 1846 1589 1880 Apostoli
1603 1846 1739 1880 eloquium
1751 1845 1771 1858 ¹⁰
1784 1848 1950 1876 scrutemur,
1964 1846 2011 1879 qui
2024 1853 2086 1872 cnm

1241 1890 1365 1917 dixisset:
1386 1889 1539 1924 Diliyamus
1559 1888 1690 1919 imn'cem,
1710 1888 1775 1924 quia
1794 1887 1899 1915 dilectio
1919 1896 1952 1914 eae
1970 1889 2024 1915 Deo
2037 1892 2086 1920 est,

1242 1932 1377 1959 adiunxit:
1397 1933 1431 1959 ΕΙ
1444 1931 1543 1962 omnis,
1563 1931 1613 1967 (μα’
1624 1931 1731 1967 diligit,
1745 1940 1777 1957 ex
1791 1932 1844 1958 Deo
1857 1934 1938 1957 natus
1957 1934 2007 1961 est,
2021 1930 2086 1966 quia

1241 1977 1311 2002 Deus
1324 1974 1429 2001 dileetio
1443 1979 1486 2001 est.
1508 1975 1556 2001 Hic
1571 1975 1747 2001 manifestavit
1772 1982 1801 2001 se
1823 1974 1934 2005 dixisse,
1952 1980 2011 2000 cam
2025 1973 2087 2000 dile-

1241 2019 1356 2045 ctionem
1377 2025 1434 2044 esse
1453 2018 1550 2048 Deum,
1570 2024 1651 2051 quam
1671 2017 1739 2043 dixit
1758 2024 1791 2043 ex
1810 2017 1873 2043 Deo.
1892 2016 1963 2043 Deus
1976 2023 2039 2050 ergo
2053 2024 2086 2043 ex

1240 2062 1295 2087 Deo
1315 2064 1354 2087 est
1367 2060 1486 2091 dileetio:
1508 2060 1554 2086 sed
1574 2060 1637 2094 quia
1651 2063 1677 2086 et
1696 2059 1778 2086 Filius
1798 2066 1831 2086 ex
1845 2060 1899 2086 Deo
1918 2059 1996 2085 Patre
2009 2062 2087 2086 natus

1241 2106 1294 2135 est,
1314 2106 1340 2130 et
1358 2103 1473 2136 Spiritus
1493 2105 1600 2128 sanctus
1620 2109 1653 2128 ex
1672 2103 1726 2128 Deo
1746 2102 1823 2128 Patre
1848 2102 1984 2136 procedit,
2004 2109 2085 2136 quem

1241 2146 1330 2179 potius
1349 2152 1441 2171 eorum
1462 2145 1506 2170 hic
1520 2145 1666 2171 debeamus
1679 2144 1804 2178 accipere
1827 2144 1929 2170 dictum
1952 2151 2012 2170 esse
2024 2144 2088 2170 dile-

1241 2189 1371 2220 ctionem,
1391 2188 1485 2214 merito
1511 2187 1657 2221 quaeritur.
1677 2187 1754 2213 Pater
1773 2187 1843 2213 enim
1869 2186 1941 2213 solus
1961 2186 1997 2213 ita
2016 2187 2086 2213 Deus

401 2338 407 2352 ¹
427 2339 450 2360 ln
468 2338 518 2360 Vat.
536 2337 680 2359 desideratur
697 2336 756 2365 ipse,
777 2335 840 2364 quod
858 2336 880 2356 in
898 2341 952 2357 mss.
971 2338 993 2357 et
1009 2334 1062 2356 edd.
1080 2334 1101 2361 l,
1120 2335 1145 2362 2,
1159 2335 1186 2359 3,

340 2376 353 2398 6
371 2376 475 2399 liabetur.

401 2415 410 2430 2
428 2416 477 2438 Vat.
495 2421 548 2437 cum
566 2414 617 2436 cod.
635 2420 661 2436 cc
678 2414 759 2441 repetit
776 2414 812 2435 hic
834 2413 962 2440 naturam,
988 2411 1052 2440 qnod
1077 2412 1140 2434 deest
1165 2412 1186 2433 in

339 2453 507 2483 antiquioribus
523 2459 578 2475 mss.
596 2456 619 2475 et
635 2452 671 2474 ed.
693 2452 710 2474 t.
729 2452 797 2474 Paulo
819 2451 876 2473 infra
902 2453 954 2478 post
976 2456 1081 2479 persona
1107 2449 1188 2471 adiun-

340 2495 397 2520 gunt
414 2493 483 2520 aliqui
500 2491 568 2514 codd.
586 2494 611 2513 ut
628 2491 663 2512 lT
681 2491 721 2513 est.

402 2531 411 2545 3
428 2531 481 2553 Fide
499 2531 651 2558 plurimorum
669 2535 724 2551 mss.
742 2531 764 2551 et
780 2529 817 2551 ed.
838 2529 844 2550 t
866 2529 916 2550 loeo
933 2527 976 2550 illa
988 2528 1109 2555 posuimus
1120 2526 1184 2555 alia,

340 2569 384 2591 sub
401 2576 445 2598 qua
464 2570 562 2596 intellige
580 2568 682 2590 divinam
701 2571 814 2590 naturam.

512 2606 607 2630 NOTAE
624 2606 661 2629 AD
678 2605 754 2628 LIBR.
773 2604 1013 2628 SENTENTIARUM.

403 2646 409 2660 ¹
428 2646 483 2674 Cap.
505 2647 538 2668 17.
556 2653 576 2668 n.
595 2646 632 2667 27.
650 2650 672 2668 et
689 2646 725 2667 28.
742 2657 773 2661 —
795 2645 816 2666 ln
839 2645 937 2672 princip.
964 2644 1015 2666 dist.
1040 2646 1093 2671 post
1117 2643 1188 2666 Nunc

341 2685 409 2707 codd.
426 2685 467 2707 DE
485 2685 573 2707 addunt
589 2690 651 2707 vero.

404 2724 413 2738 ⁴2
431 2725 445 2746 l.
464 2725 522 2746 loan.
541 2723 566 2749 4,
589 2724 621 2745 16.
639 2735 671 2739 —
688 2722 784 2750 Omnia,
803 2729 862 2750 quae
879 2724 1008 2750 sequuntur
1024 2722 1046 2743 in
1059 2722 1103 2743 hoc
1120 2727 1170 2749 cap.
1181 2738 1186 2748 ,

341 2766 433 2790 excepta
452 2765 504 2784 sunt
521 2769 547 2784 ex
564 2762 700 2789 Augustino,
718 2761 760 2783 loc.
779 2761 815 2782 cit.
833 2767 855 2782 n.
875 2760 950 2782 27-31.

402 2800 412 2815 ³
430 2801 485 2822 Edtl.
503 2807 557 2823 cnm
574 2801 625 2823 cod.
643 2801 661 2821 A
679 2800 767 2822 addunt
783 2800 823 2821 est.
848 2799 935 2821 Deinde
961 2801 1011 2821 ante
1037 2797 1187 2827 Auqustz'nus

341 2840 391 2862 Vat.
409 2844 431 2862 et
447 2839 482 2861 ed.
502 2839 514 2861 4
533 2842 622 2867 ponunt
638 2839 681 2862 1100
697 2845 740 2866 pro
759 2838 828 2868 qnod.

403 2877 413 2892 ⁴
430 2878 479 2900 Vat.
492 2880 513 2900 et
530 2878 565 2900 ed.
585 2877 597 2899 4.
616 2879 722 2900 omittunt
738 2878 765 2899 et.
783 2889 814 2893 —
826 2877 881 2899 {ntra
900 2879 951 2898 ante
969 2875 1044 2898 Filius
1062 2876 1112 2898 cod.
1131 2874 1147 2897 C
1166 2878 1187 2897 et
1215 2892 1216 2897 ,

1244 2333 1279 2355 ed.
1298 2333 1311 2354 8
1328 2333 1434 2354 omittunt
1451 2332 1532 2359 Deus,·
1549 2333 1571 2353 in
1588 2331 1632 2353 line
1651 2332 1718 2353 liuius
1735 2334 1808 2353 textus
1825 2334 1876 2353 ante
1892 2330 2007 2360 sapientia
2019 2330 2089 2353 codd.

1244 2371 1308 2394 BCD
1326 2374 1347 2393 et
1364 2371 1416 2393 edd.
1439 2371 1461 2398 t,
1480 2371 1492 2392 8
1510 2370 1559 2393 sint
1574 2376 1616 2398 pro
1633 2369 1663 2392 si!

1307 2409 1317 2424 ⁵
1335 2410 1384 2431 Vat.
1403 2415 1526 2437 perperam
1554 2409 1635 2431 omittit
1652 2408 1682 2431 in.
1700 2409 1722 2430 ln
1741 2409 1784 2430 tine
1807 2409 1875 2430 liuius
1897 2411 1970 2430 textus
1992 2408 2042 2430 Vat.
2066 2411 2088 2430 et

1243 2449 1366 2477 pleraeque
1392 2448 1444 2470 edd.
1469 2448 1626 2476 nuncupatur
1652 2454 1693 2475 pro
1718 2448 1870 2477 nuncupetur
1885 2465 1891 2475 ,
1916 2446 2086 2475 refragantibus

1243 2487 1382 2515 Augustino,
1400 2486 1467 2508 codd.
1486 2486 1555 2509 ΑΘΕ
1572 2489 1594 2508 et
1619 2486 1654 2508 ed.
1673 2486 1694 2507 8.

1305 2526 1314 2540 6
1332 2526 1381 2547 Vat.
1399 2525 1467 2552 (licit,
1486 2525 1694 2547 contradicentibus
1711 2531 1765 2546 mss,
1784 2527 1806 2546 et
1822 2524 1875 2546 edd.
1892 2524 1914 2552 l,
1928 2524 1949 2545 8.
1963 2524 2011 2545 Mox
2024 2524 2089 2546 solae

1243 2565 1296 2587 edd.
1318 2565 1340 2592 l,
1359 2565 1371 2585 8
1389 2564 1498 2586 adiiciunt
1514 2565 1549 2586 est
1565 2567 1616 2592 post
1633 2564 1688 2586 tota.

1305 2603 1314 2617 7
1333 2603 1383 2625 Vat.
1401 2608 1454 2624 cum
1472 2602 1524 2624 edd.
1546 2603 1550 2623 1
1564 2620 1568 2629 ,
1587 2602 1612 2630 4,
1626 2603 1638 2624 6
1650 2620 1654 2629 ,
1668 2603 1680 2623 8
1694 2601 1848 2629 Testamenti,
1869 2601 1910 2623 sed
1925 2607 2006 2623 omnes
2018 2600 2088 2623 codd.

1243 2646 1378 2670 ceteraeque
1395 2641 1447 2663 edd.
1465 2647 1518 2663 cum
1536 2641 1640 2669 originali
1658 2641 1823 2663 contradicunt.

1305 2680 1315 2694 S
1332 2680 1381 2702 Vat.
1399 2686 1453 2702 cum
1470 2679 1579 2701 omnibus
1595 2679 1656 2707 edd.‚
1674 2682 1767 2707 excepta
1790 2680 1807 2706 l,
1825 2682 1902 2701 contra
1920 2678 1988 2700 codd.
2005 2681 2028 2700 et
2045 2678 2088 2699 ori-

1244 2719 1317 2747 ginale
1332 2718 1432 2748 proprio
1450 2717 1563 2741 vocabulo
1581 2717 1676 2741 caritas.
1694 2718 1780 2740 Deinde
1797 2718 1847 2740 Vat.
1875 2720 2010 2745 ceteraeque
2032 2716 2089 2738 edd.

1243 2758 1344 2785 exceptis
1365 2758 1389 2784 l,
1408 2758 1431 2785 8,
1450 2760 1527 2779 contra
1546 2757 1613 2779 codd.
1631 2757 1698 2778 BDE
1715 2757 1819 2778 omittunt
1838 2757 1859 2779 el
1877 2759 1927 2778 ante
1945 2755 2023 2777 Pater.

1306 2796 1316 2810 ⁹
1334 2797 1347 2818 l.
1366 2796 1416 2818 Cor.
1439 2796 1461 2824 l,
1481 2796 1516 2818 22.

1306 2834 1325 2848 ¹⁰
1341 2835 1356 2856 l.
1374 2835 1432 2856 loan.
1452 2833 1476 2862 4,
1494 2834 1516 2856 7.
1534 2834 1643 2861 Vulgata:
1661 2834 1716 2863 quia
1734 2833 1822 2857 (amitas
1839 2839 1869 2856 ez
1886 2833 1933 2855 Deo
1950 2834 2006 2855 est...
2024 2832 2090 2855 Deus

1244 2873 1333 2897 caritas
1350 2874 1390 2895 est.
1975 2871 1978 2874 ’
