2253 3317
288 143 309 173 Χ
964 141 1144 169 PRAEFATIO
1165 141 1352 169 GENERALls.

289 234 382 265 esse,
411 233 485 267 0110
513 221 636 254 omnia
664 219 889 253 documenta
918 218 990 252 hue
1022 218 1233 263 spectantia
1259 217 1437 263 effligere
1475 223 1611 264 posset.
1648 219 1757 255 Unde
1788 225 1935 267 praeter
1961 220 2034 255 Ita-

288 280 378 314 liam
404 279 618 325 peragravit
645 290 775 312 onmes
802 277 972 323 Europae
1000 280 1130 322 terras,
1157 277 1187 311 si
1212 276 1379 322 excipias
1398 276 1573 311 Russiam
1592 282 1629 312 et
1648 277 1836 325 Sueciam,
1864 292 1933 313 nec
1964 279 2030 313 ulli

288 337 447 373 cedebat
485 337 700 371 difficultati
732 349 801 370 nee
828 335 1007 382 parcebat
1038 334 1173 380 labori,
1208 339 1250 369 ut
1282 335 1479 381 colligeret
1511 348 1556 369 ex
1586 335 1831 371 bibliothecis
1858 342 1940 371 tum
1966 350 2034 383 pu—

288 397 400 431 blicis
427 401 508 431 tum
534 396 692 441 privatis
719 395 832 429 etiam
858 394 1086 429 documenta
1111 394 1266 428 minoris
1293 394 1489 440 momenti,
1518 406 1613 440 quae
1639 394 1767 441 aliquo
1793 395 1904 430 modo
1923 408 2035 441 opera

288 455 348 489 vel
374 455 493 488 vitam
520 453 553 489 S.
582 453 867 488 Bonaventurac
894 457 1048 499 possent
1074 452 1272 487 illustrare.
1300 451 1356 486 De
1382 452 1560 486 methodo
1587 465 1674 487 sane
1693 453 1843 499 idonea,
1863 466 1977 500 quam
1995 454 2035 487 in

287 512 567 559 perscrutandis
592 512 837 546 bibliothecis
864 511 1106 557 sequebatur,
1136 511 1216 557 ipsc
1242 511 1281 544 111
1308 510 1405 545 libro
1433 523 1499 545 suo
1527 523 1615 545 mox
1640 511 1830 546 laudando
1852 512 2034 546 rationem

287 571 460 606 reddidit.
480 570 561 605 Hac
587 570 787 616 diligentia
809 574 845 604 et
862 570 933 603 hac
952 582 1019 604 sua
1036 569 1214 604 methodo
1241 569 1427 616 adhibita,
1448 574 1485 604 et
1503 569 1614 616 plura
1630 570 1827 616 hucusque
1853 570 2036 605 anecdota

287 629 480 676 Seraphici
508 628 682 663 Doctoris
709 640 821 674 opera
847 629 885 662 in
914 627 1068 662 latebris
1094 627 1414 662 bibliothecarum
1440 628 1702 663 delitescentia
1727 629 1886 675 detexit,
1906 633 1944 663 01
1961 641 2036 662 1110-

287 689 398 723 liores
424 689 499 722 iam
527 687 713 721 editorum
739 686 922 721 librorum
949 686 1098 721 codices
1122 687 1170 721 ad
1197 691 1344 721 textum
1370 699 1498 721 corum
1517 699 1592 721 non
1610 699 1691 721 raro
1709 687 1957 733 depravatum
1976 687 2035 721 vel

288 747 466 782 mutilum
505 746 784 780 emendandum
817 745 1066 792 conquisivit,
1100 749 1137 779 ct
1170 745 1336 791 plurima
1367 745 1544 779 historiae
1575 745 1777 780 litterariae
1810 746 2037 780 documenta

288 806 449 851 notavit,
478 818 573 851 quae
600 809 656 839 tot
683 803 970 851 quaestionibus
997 803 1096 838 eirea
1113 804 1281 849 genuina.
1299 803 1332 839 S.
1352 803 1525 855 Doctoris
1544 816 1656 850 opera
1673 804 1827 850 obortis,
1854 816 1924 838 nec
1947 804 2037 838 huc-

288 877 407 911 usque
435 863 637 898 sufficienti
662 863 775 897 modo
801 862 950 908 solutis,
978 862 1117 897 certius
1142 862 1376 896 resolvendis
1406 862 1640 896 inservirent.
1660 862 1897 897 Incredibili.
1913 862 2038 897 studio

289 924 445 970 parique
478 922 678 967 diligentia
710 926 747 955 et
779 921 918 955 eximia
948 921 1037 955 artis
1069 920 1385 967 paleographicae
1417 920 1552 967 peritia
1586 925 1670 955 octo
1701 933 1886 955 annorum
1918 921 2039 967 spatio

290 982 365 1017 fere
392 981 688 1028 quadringentas
714 980 966 1014 bibliothecas
994 979 1155 1025 Galliae,
1184 979 1365 1025 Angliae,
1394 978 1533 1025 Bolgii,
1563 978 1777 1026 Helvetiae,
1799 979 2038 1024 Germaniae,

289 1041 455 1086 Daniae,
495 1040 691 1084 Austriae,
731 1039 930 1083 Bavariae,
971 1038 1170 1084 Bataviae,
1211 1037 1434 1084 Hispaniae,
1476 1037 1750 1084 Portugalliae,
1791 1037 1923 1073 Italiae
1956 1050 2038 1084 per-

289 1099 473 1145 lustravit,
493 1104 530 1133 et
547 1098 715 1144 plurium
742 1098 928 1132 sociorum
954 1097 1096 1131 auxilio
1115 1096 1306 1143 suffultus,
1326 1096 1373 1131 ad
1391 1097 1518 1131 minus
1536 1097 1816 1143 quinquaginta
1833 1097 1954 1131 millia
1979 1109 2038 1131 co-

288 1158 416 1193 dicum
443 1157 654 1192 accuratius
681 1157 980 1191 examinatorum
1007 1156 1046 1190 in
1073 1156 1204 1190 multis
1231 1154 1492 1190 voluminibus
1518 1168 1633 1190 manu
1651 1156 1809 1190 exaratis
1828 1155 2037 1202 descripsit.

288 1216 331 1251 In
358 1217 418 1251 his
445 1216 523 1251 suis
550 1215 845 1261 commentariis,
873 1219 1021 1261 praeter
1047 1227 1090 1249 011
1115 1227 1210 1261 quae
1237 1214 1282 1248 ad
1311 1214 1345 1249 S.
1373 1214 1678 1249 Bonaventuram
1705 1218 1894 1260 spectant,
1922 1213 2039 1260 pluri—

289 1288 369 1310 mos
396 1276 511 1309 etiam
536 1275 697 1309 aliorum
722 1279 919 1309 auctorum
946 1273 1094 1308 codices
1121 1273 1400 1319 manuscriptos
1432 1277 1641 1307 memoratu
1674 1273 1811 1319 dignos
1837 1272 2040 1318 diligenter

289 1334 495 1379 adnotavit,
515 1333 735 1379 praesertim
755 1345 817 1367 eos
836 1344 975 1378 omnes,
996 1332 1061 1379 qui
1075 1332 1122 1366 ad
1139 1331 1291 1367 Ordinis
1304 1332 1423 1366 nostri
1436 1336 1607 1366 auctores
1621 1336 1707 1365 ante
1726 1331 1921 1366 saeculum
1934 1330 2038 1366 XVI.

288 1393 474 1438 viventes,
502 1392 563 1426 vel
581 1392 629 1426 ad
648 1392 845 1426 historiam
871 1390 1024 1426 Ordinis
1051 1395 1235 1437 spectant.
1257 1390 1360 1435 Quae
1378 1391 1534 1425 notitiae
1554 1390 1599 1424 de
1617 1390 1785 1437 antiquis
1805 1389 1956 1425 Ordinis
1974 1402 2038 1424 no-

289 1452 355 1486 stri
381 1450 599 1486 auetoribus
625 1463 667 1484 eo
693 1450 813 1497 pluris
840 1450 1035 1484 faciendae
1062 1454 1165 1496 sunt,
1195 1449 1296 1496 quod
1330 1461 1470 1495 magna
1496 1449 1631 1483 horum
1649 1461 1809 1495 operum
1835 1461 1921 1495 pars
1947 1461 2040 1483 non-

290 1511 381 1544 dum
407 1510 535 1556 praelo
561 1509 772 1556 publicata,
801 1513 838 1543 et
865 1521 941 1543 non
967 1521 1089 1555 pauca
1114 1508 1187 1555 ipsi
1205 1507 1425 1554 VVaddingo
1449 1512 1486 1542 et
1504 1507 1700 1543 Sbaraleae
1719 1512 1808 1542 sunt
1833 1507 2039 1553 incognita.

383 1568 495 1603 Festo
522 1568 701 1603 saeculari
730 1567 778 1602 ab
806 1567 914 1602 obitu
940 1566 974 1602 S.
1002 1567 1290 1601 Bonaventurae
1318 1571 1423 1601 sexto
1453 1579 1553 1601 anno
1595 1566 1685 1601 1874
1717 1571 1945 1612 recurrente,
1975 1578 2042 1612 per

291 1627 403 1662 breve
437 1632 587 1673 tempus
612 1640 634 1661 a
661 1626 860 1661 visitandis
893 1625 1138 1661 bibliothecis
1171 1626 1371 1672 desistens,
1405 1625 1619 1672 composuit
1651 1625 1793 1660 librum
1823 1625 1934 1659 illum
1966 1625 2041 1659 iam

292 1686 510 1720 laudatum:
543 1685 653 1720 Ratio
685 1697 789 1720 norae
820 1685 1028 1720 collectionis
1053 1697 1194 1731 operum
1219 1684 1372 1719 omnium
1397 1683 1580 1731 Seraphim·
1604 1684 1771 1718 Doctoris
1796 1683 1832 1719 S.
1860 1683 2042 1719 Bonaveu-

298 1748 413 1790 turae,
441 1745 481 1778 111
506 1757 581 1791 quo
600 1749 636 1778 et
654 1744 699 1778 de
718 1744 840 1778 causis
860 1748 973 1790 1110110
991 1743 1170 1778 methodo
1188 1756 1307 1778 novae
1325 1743 1503 1777 editionis
1520 1742 1708 1788 parandae
1727 1742 1864 1777 diffuse
1883 1742 2040 1789 disserit,

292 1808 328 1838 et
347 1803 391 1837 de
411 1803 640 1850 quibusdam
659 1802 692 1838 S.
713 1802 1000 1837 Bonaventurae
1018 1801 1125 1836 libris
1143 1801 1412 1847 manuscriptis
1430 1805 1581 1847 tractat,
1602 1801 1705 1835 varia
1722 1801 1809 1835 inde
1828 1800 2042 1836 exhibendo

292 1862 516 1909 specimina,
536 1861 699 1908 denique
714 1860 932 1907 catalogum
950 1860 1120 1895 contexit
1134 1859 1363 1894 ineditorum
1378 1872 1544 1906 operum,
1561 1872 1657 1906 quae
1671 1860 1741 1894 sub
1755 1860 1908 1895 nomine
1922 1859 1956 1896 S.
1972 1859 2043 1895 Bo-

293 1926 523 1955 naventurae
549 1921 588 1954 in
614 1920 746 1954 multis
771 1919 1017 1954 bibliothecis
1044 1924 1194 1953 exstant
1219 1923 1257 1953 et
1282 1931 1378 1965 quae
1404 1931 1525 1965 usque
1553 1931 1596 1953 eo
1624 1918 1825 1953 detexerat.
1844 1918 1918 1953 Hic
1935 1918 2041 1964 liber,

291 1980 382 2014 licet
399 1979 622 2014 brevissimo
649 1983 817 2025 tempore.
845 1977 1058 2024 confectus,
1086 1990 1107 2012 a
1134 1977 1224 2012 viris
1251 1977 1373 2012 doctis
1399 1982 1515 2024 atque
1542 1977 1581 2011 in
1607 1982 1684 2012 arte
1711 1978 1841 2012 critica
1866 1978 2044 2012 exercita-

291 2039 339 2073 tis
364 2038 507 2085 ubique
533 2050 622 2072 cum
647 2037 784 2083 plausu
810 2041 984 2083 receptus
1002 2036 1087 2070 est&
1114 2035 1173 2070 Ex
1194 2035 1382 2082 Hispania
1400 2040 1437 2070 et
1455 2035 1692 2082 Portugallia
1720 2048 1900 2083 reversus,
1923 2035 1964 2071 P.
1983 2035 2044 2071 Fi-

291 2097 388 2132 delis
414 2109 452 2131 se
479 2096 643 2131 contulit
668 2096 709 2130 in
735 2096 908 2141 domum,
936 2107 1050 2142 quam
1076 2094 1206 2129 R.mus
1230 2093 1270 2128 P.
1291 2094 1486 2129 Generalis
1504 2107 1622 2141 prope
1639 2094 1871 2130 Florentiam
1889 2096 1928 2129 in
1947 2096 2041 2141 vico,

293 2156 359 2202 qui
386 2155 503 2201 Vulgo
530 2159 686 2189 vocatur
714 2152 912 2199 Qum‘acchxz?
938 2152 1082 2200 (Clarae
1108 2153 1273 2199 Aquae),
1301 2152 1371 2193 sub
1399 2152 1511 2187 titulo
1542 2153 1687 2201 Colleqz'i
1712 2153 1748 2189 S.
1776 2153 2044 2189 Bonaventm‘cce

292 2227 423 2261 parare
449 2214 656 2260 inceperat,
684 2218 727 2247 ut
754 2212 808 2247 ibi
835 2225 922 2247 cum
948 2212 1081 2258 sociis,
1110 2223 1204 2258 quos
1231 2212 1345 2246 etiam
1368 2211 1408 2245 in
1425 2211 1700 2258 perlustrandis
1718 2212 1962 2247 bibliothecis
1980 2213 2043 2247 ad-

290 2272 468 2307 hibuerat
493 2278 529 2307 et
554 2272 602 2306 ad
629 2271 847 2306 huiusmodi
873 2270 999 2305 studia
1024 2270 1266 2315 formaverat,
1293 2270 1410 2316 longo
1433 2274 1470 2304 et
1495 2270 1611 2306 arduo
1636 2271 1755 2305 labori
1773 2271 1821 2305 ad
1839 2271 2044 2306 editionem

294 2331 570 2378 disponendam
595 2331 731 2365 melius
758 2342 890 2365 vacare
916 2334 1053 2376 posset.
1081 2328 1174 2363 Inde
1200 2334 1328 2363 autem
1353 2329 1503 2375 saepius
1530 2329 1762 2377 digrediens,
1789 2331 1898 2365 annis
1937 2330 2045 2366 1878-

388 2504 396 2518 1
414 2504 559 2526 Clarissimus
576 2504 628 2525 Dns.
647 2503 777 2531 Leopoldus
796 2503 890 2530 0011510,
908 2504 1070 2531 manuscriptis
1088 2503 1209 2525 Nationalis
1227 2503 1378 2526 Bibliothecae
1396 2504 1527 2526 Parisiemis
1545 2504 1685 2531 praeiet-1215,
1704 2504 1725 2525 in
1749 2503 1840 2531 publica
1865 2504 1966 2526 sessione
1991 2504 2044 2526 Aca-

295 2547 383 2570 demiae
400 2547 575 2575 lnscriptionum
593 2548 654 2569 hunc
670 2546 755 2568 librum
773 2546 880 2569 laudibus
897 2549 1033 2574 prosecutus
1051 2550 1084 2569 cst
1102 2546 1234 2573 (Academie
1252 2546 1292 2569 des
1318 2547 1464 2574 inscriptions
1489 2549 1511 2568 et
1531 2546 1687 2569 belles-lettres
1705 2546 1816 2574 ,bulletin
1836 2546 1865 2569 de
1889 2544 2043 2569 Juillel-Aoiit-

295 2590 431 2618 Septembre
453 2589 509 2611 1871
526 2596 580 2618 pag.
599 2590 650 2612 301.
669 2590 731 2618 302).
750 2590 772 2611 ln
789 2589 872 2611 eodeni
890 2596 959 2611 sensu
976 2590 1118 2617 scripserunt
1136 2589 1164 2611 (lc
1181 2590 1248 2617 ipso:
1265 2589 1297 2612 Cl.
1310 2590 1335 2611 D.
1348 2589 1531 2617 Sommervogel,
1544 2583 1628 2612 Etudes
1639 2590 1781 2617 religieuses,
1800 2590 1996 2618 philosophiques,
2014 2590 2044 2611 hi-

295 2634 408 2661 storiques
425 2636 446 2655 ct
464 2633 595 2661 litteraires,
614 2636 669 2655 toni.
687 2632 722 2654 Vi.
740 2631 799 2654 Δ10111
821 2632 889 2659 Ι874ς
908 2632 939 2655 Cl.
957 2632 982 2654 D.
1001 2632 1093 2660 Ευςςὺημ1
1111 2632 1242 2655 Gardercau
1261 2632 1286 2654 Ο.
1305 2633 1326 2654 S.
1345 2633 1381 2660 13.‚
1400 2632 1481 2655 Mende
1502 2632 1566 2660 1874,
1584 2632 1608 2654 N.
1627 2632 1671 2654 300
1690 2636 1711 2655 et
1729 2633 1786 2661 309;
1806 2632 1960 2661 Polybiblion,
1973 2638 2043 2654 revue

295 2675 497 2704 bibliographique
514 2676 665 2703 universelle,
683 2676 731 2697 Ser.
750 2675 772 2697 ll.
792 2676 853 2697 Paris
873 2675 945 2703 1875;
963 2675 1108 2703 L'Univers,
1126 2676 1162 2697 ⁴20.
1180 2675 1273 2698 Fevrier
1294 2675 1366 2703 1875;
1384 2675 1498 2703 L'Union,
1517 2676 1545 2697 ‘28
1563 2675 1625 2703 Sept.
1648 2675 1711 2698 1874.
1730 2676 1784 2698 ltein
1802 2676 1824 2697 in
1842 2676 1901 2698 ltalia
1914 2675 1947 2698 Cl.
1968 2675 1993 2697 D.
2005 2674 2044 2697 Ce-

294 2724 346 2740 sare
362 2718 455 2746 cuasa,
474 2718 565 2740 Revista
581 2718 724 2746 universale,
742 2718 816 2740 Marzo
838 2718 906 2746 '⁸755
924 2719 954 2740 La
971 2719 1064 2741 Scienza
1082 2725 1094 2740 0
1112 2719 1132 2740 111
1150 2718 1224 2746 Fede,
1243 2718 1321 2746 Napoli
1332 2737 1337 2746 ,
1354 2719 1400 2741 vol.
1419 2718 1455 2740 94.
1474 2719 1527 2740 fasc.
1559 2718 1603 2740 562
1614 2736 1619 2746 ,
1637 2718 1723 2746 Agosto
1753 2718 1825 2745 ¹87st
1849 2717 1934 2745 Caria]y
1960 2718 2043 2740 revista

295 2761 412 2789 religiosa,
431 2761 564 2789 scientifica,
582 2761 709 2789 letteraria,
727 2761 806 2789 Napoli
827 2761 895 2787 1875,
913 2761 1033 2784 Febbraio.
1051 2761 1074 2783 ln
1091 2762 1228 2784 Germania:
1247 2762 1269 2783 Ρ.
1287 2762 1445 2783 Schneemann
1463 2762 1485 2783 S.
1504 2761 1533 2783 l.:
1551 2761 1662 2783 Stimmen
1680 2768 1721 2784 nus
1739 2762 1889 2784 Mfria-Laaeh
1913 2761 1976 2788 1876,
1994 2760 2044 2782 Hest

296 2805 324 2831 9;
343 2804 386 2825 Der
403 2804 524 2831 Katholik,
547 2804 618 2832 1876,
643 2804 696 2831 11111;
715 2804 885 2826 Litterarischer
902 2804 1066 2832 Handweiser,
1089 2804 1152 2826 1874.
1178 2804 1201 2826 ln
1227 2805 1323 2832 Anglia:
1349 2805 1398 2827 The
1424 2804 1511 2827 Tablet.
1530 2804 1552 2826 ln
1571 2805 1693 2832 Hispania:
1711 2804 1742 2827 Cl.
1761 2805 1786 2826 D.
1804 2805 1818 2826 1.
1836 2804 1883 2826 Orti
1901 2810 1915 2831 y
1933 2804 2004 2831 Lara,
2023 2804 2042 2825 ln

293 2847 397 2869 Sciant-ia
414 2846 538 2875 (ΖΙ-1511111111,
557 2848 606 2870 Vol.
625 2848 646 2869 2.
664 2847 687 2869 N.
705 2847 735 2875 7,
757 2847 826 2875 1877,
845 2847 917 2869 Marzo
934 2854 946 2869 0
964 2847 1041 2875 Abril3
1060 2848 1082 2869 El
1101 2848 1162 2875 Siglo
1180 2848 1272 2875 futuro,
1296 2848 1366 2875 1877,
1389 2848 1409 2869 ll
1431 2847 1501 2870 Abril.
1519 2847 1643 2870 Occasione
1660 2848 1764 2870 eiusdem
1781 2847 1831 2869 libri
1849 2847 1939 2874 Regalis
1960 2846 2043 2868 Acade-

294 2890 341 2912 mia
358 2890 464 2912 historiae
481 2890 614 2912 Matritensis
631 2890 660 2916 (la
678 2890 731 2912 Real
747 2890 870 2912 Academia
887 2890 916 2912 de
934 2890 953 2912 la
971 2890 1073 2918 historia)
1092 2891 1113 2912 in
1131 2891 1309 2919 congregatione
1327 2891 1363 2913 die
1390 2891 1403 2913 3
1421 2890 1554 2913 Decembris
1583 2891 1640 2913 1877
1665 2890 1741 2913 habita
1766 2896 1807 2912 sua
1832 2892 1912 2917 sponte
1939 2889 2043 2911 honorifi-

296 2938 349 2955 cum
367 2932 467 2961 diploma
484 2933 582 2955 membri
600 2933 799 2961 correspondentis
816 2934 916 2955 extranei
934 2933 956 2955 Ρ.
975 2933 1044 2955 Fideli
1062 2934 1173 2961 impertiri
1191 2933 1299 2956 decrevit.
