2253 3317
226 1250 281 1273 Argg.

203 1275 256 1299 parte
279 1278 290 1291 a

203 1298 277 1315 mativa.

292 1254 328 1291 tif}

340 121 391 149 150

413 197 479 225 Item
497 195 599 232 prima
618 201 684 230 pars
704 193 787 221 habet
808 193 878 221 duas
898 195 1010 230 partes,
1031 192 1095 229 quia
1110 191 1172 229 pri-

335 251 382 271 mo
402 242 528 271 attribuit
556 242 613 269 Deo
643 239 841 277 proprietatem
872 239 1015 273 veritatis;
1046 238 1171 267 secundo

335 291 460 318 removet
480 286 680 316 dubitationem
700 286 849 314 habentem
874 288 967 314 ortum
997 293 1033 314 ex
1066 284 1173 321 praedi-

336 335 395 370 ctis,
406 334 527 363 secundo
548 332 667 370 capitulo
682 332 706 359 ¹:
729 332 784 360 Hie
802 332 952 369 diliyeuter
966 330 1174 359 advertenduiiz

336 385 384 410 est.
406 380 535 409 Similiter
555 379 683 407 secunda
704 386 770 416 pars
785 378 867 407 habet
883 378 970 407 duas:
987 378 1015 406 in
1029 377 1120 414 prima.
1134 384 1175 405 as-

1023 114 1272 143 SENTENTIARUM
1292 113 1351 142 LIB.
1372 113 1390 141 l.

1227 192 1316 228 signat
1330 190 1387 219 Deo
1400 190 1408 203 ²
1424 190 1622 227 proprietatem
1644 191 1926 220 incommutabilitatis
1950 194 1978 220 et
2005 199 2066 228 pro-

1227 238 1275 266 bat
1294 236 1458 266 auctoritate
1478 236 1642 273 Augustini3
1662 236 1690 265 in
1712 237 1834 266 secunda
1855 237 2001 266 confirmat
2014 245 2067 274 per

1228 284 1407 320 Apostolum,
1439 283 1496 311 ibi:
1532 283 1652 321 Ideoque
1682 284 1837 321 Apostolus
1868 284 1984 322 loquens
2015 287 2066 313 etc.

1236 330 1353 363 Tertia,
1375 329 1410 358 de
1431 329 1605 367 simplicitate
1627 329 1698 358 infra
1718 330 1920 360 subdividetur.

977 453 1162 483 TRACTATIO
1186 452 1426 490 QUAESTIONUM.

415 536 443 563 In
464 537 542 572 parte
556 534 607 562 ista
618 534 627 548 ³
644 534 679 562 ad
694 533 861 562 evidentiam
879 532 1000 561 duarum
1015 531 1172 568 primarum
1199 533 1203 601 ι

338 582 548 619 proprietatum,
569 588 639 617 quas
658 580 786 616 Magister
806 579 898 616 primo
918 579 1054 615 assignat,
1070 578 1174 606 scilicet

337 628 468 657 veritatis
498 630 525 656 et
552 625 872 659 incommutabilitatis,
901 625 957 654 duo
984 624 1174 662 principaliter

339 675 529 711 quaeruntur:

417 718 520 748 Primo
540 718 703 755 quaerum-⁴
724 718 759 747 de
780 718 840 755 ipsa
860 717 983 746 veritate.

1307 530 1438 559 Secundo
1459 531 1494 559 de
1515 530 1747 560 immutabilitate.

1308 577 1347 606 De
1367 577 1484 606 veritate
1504 577 1607 606 iterum
1627 580 1802 615 quaeruntur
1823 578 1893 606 duo:

1310 623 1427 657 Primo,
1442 626 1538 652 utrum
1554 624 1657 653 veritas
1677 625 1712 653 sit
1726 624 1882 661 proprietas
1897 624 1983 653 divini
2001 631 2071 652 esse.

1310 669 1451 704 Secundo,
1473 673 1570 699 utrum
1591 671 1626 699 sit
1646 671 1706 700 eius
1726 671 1882 708 proprietas
1903 670 1931 699 in
1952 678 2071 705 summo,

1234 716 1261 745 id
1276 718 1329 750 est,
1350 716 1419 745 adeo
1440 716 1515 753 quod
1530 724 1584 744 non
1606 717 1692 753 possit
1713 717 1827 754 cogitari
1848 725 1902 745 non
1923 724 1992 746 esse.

1026 800 1323 835 ARTICULUS
1360 801 1382 833 l.

1072 871 1113 899 De
1142 870 1262 899 veritate
1284 870 1342 898 Dei.

1107 956 1269 993 QUAESTIO
1290 956 1308 984 1.

870 1019 974 1060 Utrum
994 1018 1104 1047 veritas
1124 1018 1162 1047 sit
1178 1018 1347 1055 proprietas
1368 1017 1462 1046 divim
1482 1026 1548 1046 esse.

419 1107 497 1144 Quod
519 1107 621 1135 veritas
642 1106 677 1134 sit
694 1105 850 1143 proprietas
865 1104 951 1133 divini
965 1111 1041 1138 esse,
1062 1103 1180 1132 ostendi—

342 1156 387 1182 tur
407 1152 632 1182 auctoritatibus
659 1155 686 1181 et
705 1151 879 1180 rationibus.

422 1201 446 1228 1.
467 1200 558 1228 Primo
579 1199 661 1228 modo
683 1199 735 1227 sic:
752 1198 934 1235 Hieronymus
956 1197 992 1226 ad
1012 1197 1179 1228 Marcellam,

341 1250 369 1276 et
389 1246 508 1275 habetur
529 1246 556 1274 in
577 1245 708 1274 littera⁵z
738 1245 843 1273 «Solus
857 1244 931 1273 Deus
945 1251 1011 1273 vere
1025 1246 1078 1278 est,
1100 1243 1180 1272 cuius

342 1292 476 1322 essentiae
496 1294 688 1329 comparatum
708 1294 835 1320 nostrum
863 1298 924 1319 esse
945 1299 999 1319 non
1027 1292 1110 1324 est»;
1131 1289 1180 1318 sed

343 1338 418 1375 quod
432 1338 515 1367 alicui
536 1338 586 1366 soli
601 1337 743 1372 convenit,
764 1340 806 1366 est
819 1337 965 1374 proprium
980 1336 1035 1365 illi:
1057 1344 1124 1372 ergo
1137 1343 1181 1364 ve—

343 1384 410 1412 ritas
432 1387 473 1412 est
492 1384 638 1421 proprium
659 1383 746 1412 divini
761 1391 829 1412 esse.

421 1432 447 1459 2.
462 1431 542 1465 Item,
562 1431 732 1467 Augustinus
747 1430 781 1459 de
800 1430 871 1459 Vera
885 1429 1057 1466 Religione⁶:
1077 1442 1087 1453 «
1102 1429 1182 1457 Falsi-

345 1480 386 1505 tas
407 1479 448 1505 est
469 1484 505 1505 ex
526 1477 585 1505 istis
605 1477 707 1510 rebus,
729 1484 801 1513 quae
821 1476 965 1504 imitantur
985 1475 1055 1504 illud
1076 1482 1180 1509 unum,

345 1531 400 1560 quo
414 1526 456 1552 est
476 1531 564 1552 unum
579 1523 715 1560 quidquid
730 1525 786 1557 est,
801 1523 966 1559 inquantum
981 1521 1050 1549 illud
1065 1521 1181 1558 implere

345 1579 400 1599 non
421 1573 572 1607 possunt».
601 1570 625 1598 Si
649 1578 714 1606 ergo
741 1570 819 1598 nulla
846 1571 974 1598 creatura
1001 1570 1091 1605 potest
1112 1568 1182 1596 illud

346 1624 488 1645 summum
509 1624 597 1645 unum
618 1616 743 1653 implere,
770 1616 873 1644 veritas
899 1623 954 1643 non
975 1617 1016 1643 est
1041 1615 1069 1642 in
1090 1614 1183 1651 aliqua

346 1665 489 1696 creatura,
510 1662 559 1691 sed
580 1662 609 1690 in
629 1662 758 1691 omnibus
778 1662 891 1690 falsitas.

425 1709 450 1737 3.
470 1709 551 1743 Item,
578 1709 747 1746 Augustinus
775 1709 803 1736 in
824 1708 982 1745 Soliloquiis
1009 1710 1036 1736 et
1057 1707 1183 1736 de'Vera

346 1755 504 1792 Religione⁷
524 1755 604 1789 dicit,
626 1755 701 1792 quod
722 1755 773 1784 lux
794 1755 916 1783 increata
936 1757 978 1783 est
996 1754 1066 1782 ratio
1087 1762 1184 1790 cogno-

347 1802 440 1831 scendi
461 1809 491 1830 se
511 1804 539 1830 et
557 1801 649 1830 omnia
670 1801 874 1838 cognoscibilia:
896 1808 963 1838 ergo
983 1801 1006 1829 si
1026 1800 1129 1829 veritas
1143 1803 1184 1829 est

346 1849 417 1877 ratio
437 1848 634 1885 ebgnoscendi,
656 1851 683 1876 et
703 1848 761 1877 sola
786 1848 837 1876 lux
858 1847 980 1876 increata
1004 1850 1045 1876 est
1065 1847 1182 1875 veritas:

347 1902 413 1931 ergo
433 1895 535 1923 veritas
556 1897 597 1923 est
617 1894 772 1931 proprietas
792 1894 841 1922 Dei
862 1894 956 1922 solius.

424 1941 452 1970 4,
472 1941 555 1976 Item,
575 1941 719 1970 Anselmus
740 1941 767 1969 iu
788 1940 859 1968 libro
884 1940 918 1969 de
945 1940 1085 1969 Veritate⁸
1106 1940 1184 1975 dicit,

348 1987 422 2024 quod
442 1987 535 2015 omnia
556 1990 620 2016 sunt
640 1995 707 2015 vera
727 1987 818 2024 prima
838 1987 968 2015 veritate:
991 1990 1039 2015 aut
1060 1994 1126 2023 ergo
1147 1986 1185 2014 in-

348 2033 446 2070 telligit
466 2032 600 2071 effective,
621 2036 669 2062 aut
681 2032 866 2070 f07·maliter;
890 2041 945 2061 non
966 2033 1099 2067 effective,
1120 2034 1185 2070 quia

349 2079 474 2109 similiter
494 2080 585 2108 omnia
608 2082 720 2116 possent
744 2080 798 2108 dici
818 2080 905 2108 vera⁹
931 2080 1023 2116 prima
1049 2079 1184 2108 bonitate:

349 2134 415 2163 ergo
429 2125 591 2162 intelligitur
604 2126 756 2155 formaliter
765 2136 778 2154 ει
793 2134 859 2163 ergo
873 2134 928 2154 non
948 2128 990 2155 est
1008 2126 1062 2154 alia
1082 2125 1185 2154 veritas

1236 1111 1320 1140 quam
1344 1103 1447 1131 veritas
1474 1103 1607 1132 increata:
1628 1111 1695 1140 ergo
1723 1104 1746 1132 si
1767 1104 1814 1132 illa
1844 1106 1887 1133 est
1914 1104 1941 1132 in
1966 1104 2022 1133 Deo
2049 1106 2077 1132 et

1236 1149 1323 1183 Deus,
1344 1149 1447 1178 veritas
1468 1152 1509 1178 est
1530 1149 1616 1178 solius
1636 1149 1685 1178 Dei
1706 1150 1870 1187 proprietas.

1316 1197 1341 1224 5.
1350 1196 1425 1230 Item,
1433 1195 1599 1224 rationibus
1610 1196 1746 1233 probatur
1758 1197 1805 1225 sic:
1817 1197 1921 1225 veritas
1931 1199 1959 1226 et
1969 1196 2077 1226 vanitas

1237 1245 1428 1279 opponuntur3
1444 1242 1492 1271 sed
1506 1242 1596 1270 omnis
1611 1245 1740 1271 creatura
1754 1243 1839 1272 habet
1862 1243 2039 1272 vanitatem¹⁰
2050 1246 2078 1272 et

1237 1288 1453 1325 permixtionem
1465 1297 1528 1317 cum
1541 1297 1595 1317 non
1607 1297 1676 1324 esse,
1685 1297 1748 1318 cum
1762 1289 1796 1318 sit
1808 1298 1844 1318 ex
1856 1290 1951 1325 nihilo,
1963 1292 1990 1319 et
2002 1290 2078 1319 solus

1237 1335 1312 1364 Deus
1323 1335 1375 1364 hac
1387 1337 1462 1364 caret
1476 1335 1599 1363 omnino:
1615 1343 1681 1372 ergo
1695 1335 1723 1364 in
1735 1336 1793 1364 solo
1804 1336 1860 1365 Deo
1875 1339 1917 1365 est
1928 1337 2038 1365 veritas.

1317 1382 1343 1409 6.
1364 1381 1444 1415 Item,
1465 1382 1569 1410 veritas
1589 1382 1739 1419 opponitur
1753 1383 1879 1412 umbrae.
1901 1383 1980 1420 Quod
2005 1384 2079 1414 enim

1238 1429 1279 1455 est
1299 1427 1400 1455 umbra
1414 1427 1470 1461 rei,
1486 1436 1540 1456 non
1554 1428 1639 1456 habet
1658 1429 1804 1457 veritatem
1817 1429 1849 1463 ¹¹;
1870 1430 1918 1458 sed
1933 1433 2079 1460 creaturae

1239 1476 1304 1501 sunt
1317 1473 1435 1502 umbrae
1455 1474 1531 1503 illius
1545 1475 1648 1503 summi
1668 1483 1740 1504 esse:
1757 1483 1823 1512 ergo
1838 1484 1893 1505 non
1914 1476 2017 1506 habent
2035 1485 2079 1506 ve-

1238 1520 1348 1548 ritatem
1370 1520 1397 1548 in
1418 1528 1486 1548 esse.
1760 1516 1763 1517 ⁷

1318 1567 1343 1594 7.
1365 1566 1444 1600 ltem,
1460 1566 1563 1595 veritas
1577 1570 1630 1600 est,
1650 1576 1706 1604 qua
1726 1568 1832 1605 aliquid
1847 1572 1888 1598 est
1901 1577 2014 1605 verum3
2029 1571 2078 1600 sed

1239 1613 1342 1641 veritas
1359 1616 1402 1641 est
1422 1621 1501 1647 vera,
1522 1621 1586 1642 cum
1609 1614 1644 1642 sit
1665 1615 1871 1651 cognoscibilis3
1903 1616 1952 1645 sed
1973 1619 2080 1646 constat

1239 1659 1314 1696 quod
1334 1668 1388 1687 non
1409 1659 1463 1688 alio
1483 1668 1567 1696 quam
1590 1668 1631 1694 se,
1653 1661 1718 1697 quia
1741 1661 1810 1690 alias
1821 1662 1840 1677 ¹²
1860 1665 1932 1691 esset
1952 1663 2030 1692 abire
2050 1663 2079 1691 in

1239 1705 1390 1740 infinitum
1405 1706 1454 1734 sed
1468 1706 1543 1742 quod
1558 1709 1599 1735 est
1612 1714 1712 1735 verum
1727 1715 1757 1736 se
1771 1708 1843 1745 ipso,
1857 1711 1899 1737 est
1913 1716 2012 1738 verum
2029 1716 2079 1746 per

1240 1752 1399 1781 essentiam:
1415 1760 1482 1789 ergo
1496 1753 1586 1781 omnis
1601 1753 1704 1782 veritas
1718 1756 1759 1782 est
1774 1762 1840 1783 vera
1853 1762 1904 1791 per
1918 1756 2079 1791 essentiam,

1241 1799 1290 1828 sed
1304 1799 1362 1828 sola
1377 1799 1479 1828 veritas
1493 1799 1616 1828 increata
1636 1803 1678 1828 est
1692 1808 1758 1829 vera
1773 1808 1823 1837 per
1838 1802 1997 1830 essentiam:
2013 1810 2079 1840 ergo

1241 1846 1343 1874 veritas
1364 1848 1406 1874 est
1426 1846 1583 1882 proprietas
1603 1846 1651 1875 Dei
1672 1846 1767 1875 solius.

1319 1892 1448 1920 CONTRA:
1481 1893 1504 1920 1.
1526 1892 1553 1920 Si
1581 1892 1683 1921 veritas
1710 1896 1752 1921 est
1771 1893 1820 1922 Dei
1840 1894 2009 1931 proprietas,
2031 1897 2081 1923 aut
2115 1902 2171 1926 Argg.
2185 1907 2220 1925 pro

1240 1946 1307 1976 ergo
1328 1938 1431 1967 veritas
1452 1938 1613 1975 comptem,
1637 1941 1686 1967 aut
1707 1939 1896 1977 incompleoea.
1924 1940 1982 1969 Non
2009 1927 2146 1969 com-532⁹
2165 1930 2219 1949 ΜΨ

1237 1985 1325 2022 plexa
1333 1995 1343 2018 ;
1356 1985 1422 2022 quia
1435 1985 1498 2014 talis
1512 1987 1553 2014 est
1572 1993 1637 2013 cum
1651 1986 1860 2023 compositione,
1875 1987 1903 2015 in
1917 1987 1974 2016 Deo
1987 1991 2081 2017 autem

1241 2040 1296 2061 non
1307 2035 1349 2060 est
1362 2032 1524 2068 compositio
1535 2031 1635 2069 aliqua.
1651 2032 1709 2060 Non
1724 2032 1923 2070 ineompleoea;
1937 2034 2003 2071 quia
2013 2035 2082 2064 haec

1242 2078 1412 2107 convertitur
1427 2086 1491 2107 cum
1506 2078 1607 2107 ente¹⁸z
1622 2086 1689 2115 ergo
1703 2087 1767 2108 cum
1788 2080 1888 2109 entitas
1908 2088 1963 2109 non
1980 2072 2019 2109 'sit
2033 2081 2082 2110 Dei

1241 2125 1409 2162 proprietas,
1430 2125 1491 2162 pari
1512 2125 1619 2154 ratione
1639 2133 1690 2154 nec.
1710 2126 1813 2155 veritas
1833 2127 1894 2156 erit.

412 2242 419 2257 ¹
437 2242 460 2264 ln
478 2245 553 2264 nostra
570 2242 606 2264 ed.
623 2249 642 2264 c.
661 2243 681 2264 fl.
699 2243 758 2265 circa
775 2243 886 2265 medium.

410 2280 420 2295 2
436 2280 507 2303 Codd.
525 2287 578 2303 cum
595 2280 631 2303 ed.
650 2281 657 2302 1
679 2282 785 2303 omittunt
800 2281 848 2304 Deo
865 2284 887 2304 et
903 2281 1152 2305 incommutabilitatis.

411 2319 421 2334 ³
439 2320 487 2342 Vat.
505 2322 582 2342 contra
598 2326 652 2342 mss.
670 2322 692 2342 et
708 2320 744 2342 ed.
769 2321 775 2342 1
798 2319 842 2343 lum
868 2327 910 2348 pro
936 2320 1001 2349 ista,-
1026 2327 1078 2343 mox
1103 2321 1186 2344 dicitur

350 2358 497 2388 primarum,
517 2360 570 2387 quia
587 2361 611 2381 ut
627 2358 695 2381 tertia
715 2360 844 2387 proprietas
868 2366 881 2382 a
907 2360 1013 2388 Magistro
1038 2363 1186 2382 enumeratur

351 2397 485 2427 simplicitas
494 2406 504 2426 ;
519 2398 629 2419 omittitur
644 2400 719 2420 tamen
730 2397 866 2427 primarum
883 2405 895 2420 a
911 2399 991 2426 paucis
1003 2398 1069 2421 codd.
1082 2401 1104 2421 et
1115 2398 1151 2421 ed.
1165 2399 1185 2420 4.

413 2435 422 2450 ⁴
439 2436 469 2458 Ex
485 2435 650 2464 antiquioribus
666 2442 721 2458 mss.
738 2439 760 2458 et
776 2436 811 2459 ed.
833 2437 838 2458 1
860 2437 986 2459 adiecimus
1002 2436 1133 2466 quaeritur.

413 2474 423 2489 ⁵
439 2474 493 2502 Cap.
512 2475 532 2496 1.
549 2475 608 2497 circa
625 2475 720 2497 initium.
737 2487 769 2491 —
785 2475 835 2497 Vat.
853 2478 943 2503 praeter
959 2476 1029 2498 fldem
1046 2482 1101 2498 mss.
1113 2478 1135 2497 et
1150 2475 1186 2498 ed.

354 2513 362 2534 1
383 2512 521 2535 azwtoiitale
537 2512 675 2543 Hieronymi
690 2520 732 2541 pro
748 2513 913 2543 Hieronymus.

414 2550 423 2565 ⁶
440 2550 494 2578 Cap.
512 2551 548 2573 36.
566 2557 587 2573 n.
604 2552 649 2573 ὅθι
667 2552 689 2573 Si
706 2553 766 2574 enim
784 2552 867 2575 salsitas
890 2559 916 2575 ex
941 2553 968 2575 iis
984 2555 1032 2580 est,
1058 2559 1117 2582 quae
1140 2554 1187 2575 imi-

352 2592 428 2611 tantur
443 2595 529 2617 unum,
547 2595 591 2611 non
609 2590 631 2611 in
648 2593 758 2618 quantum
776 2591 799 2613 id
816 2592 946 2620 imitantur,
971 2591 1013 2614 sed
1037 2592 1059 2613 in
1076 2594 1187 2620 quantum

354 2627 448 2655 implere
464 2634 508 2650 non
526 2631 628 2656 possunt.
644 2640 676 2645 ——
691 2629 717 2651 Et
732 2629 787 2651 ibid.
805 2630 874 2657 paulo
891 2632 942 2652 ante
959 2630 1000 2652 ait:
1017 2630 1045 2651 At
1061 2630 1079 2652 si
1091 2636 1187 2658 corpora

354 2667 377 2688 in
393 2668 479 2688 tantum
495 2667 583 2695 fallunt,
601 2668 623 2688 in
640 2670 750 2696 quantum
768 2674 812 2689 non
830 2669 925 2696 implent
947 2668 1003 2690 illud
1025 2674 1098 2691 unum
1125 2668 1186 2697 quod

355 2705 520 2726 convincuntur
537 2705 630 2733 imitari,
648 2712 660 2727 a
676 2712 722 2734 quo
740 2706 852 2734 principio
869 2713 941 2728 unum
958 2709 998 2735 est,
1016 2706 1130 2735 quidquid
1147 2708 1187 2728 est.

355 2753 386 2758 —
403 2742 452 2763 Vat.
469 2745 546 2764 contra
563 2743 674 2770 plurimos
690 2743 757 2766 codd.
774 2749 865 2766 summe
883 2745 933 2766 loco
950 2750 1080 2767 summum.

417 2780 427 2794 ⁷
443 2780 502 2802 Libr.
520 2781 533 2802 l.
551 2782 642 2810 Soliloq,
660 2788 678 2804 c.
697 2783 717 2804 8.
735 2788 756 2804 n.
775 2782 810 2804 45.
822 2794 853 2799 -
865 2783 897 2804 De
909 2783 968 2805 Vera
986 2784 1102 2812 Religione
1118 2790 1137 2806 c.
1151 2782 1188 2805 34.

358 2825 379 2841 n.
396 2818 433 2840 64.
450 2822 471 2841 et
488 2825 507 2841 c.
525 2820 560 2841 36.
578 2827 599 2842 n.
617 2821 654 2843 66.
670 2833 702 2838 -
718 2821 768 2843 Vnt.
786 2821 873 2850 absque
891 2822 934 2844 ulla
952 2823 1083 2845 auctoritate
1100 2828 1154 2845 mss.
1167 2825 1189 2844 et

357 2857 394 2880 ed.
412 2858 421 2879 1
443 2859 523 2880 omittit
539 2859 609 2881 verba
625 2865 649 2882 se
665 2861 686 2882 el
702 2859 781 2882 omnia
798 2866 871 2889 usque
889 2861 1047 2889 coquoscendi'.

1302 2242 1312 2257 ⁸
1323 2242 1378 2270 Cap.
1389 2243 1425 2270 13,
1434 2242 1474 2264 ubi
1486 2241 1569 2270 probat
1580 2242 1684 2264 omnium
1696 2248 1773 2264 rerum
1785 2249 1856 2265 unam
1868 2244 1943 2266 solum
1955 2250 2005 2267 esse
2017 2246 2081 2268 recti-

1241 2280 1351 2308 tudinem,
1361 2287 1388 2302 ex
1401 2287 1446 2309 qua
1458 2280 1584 2303 concludit:
1596 2286 1640 2302 una
1653 2281 1722 2308 igitur
1733 2281 1755 2302 in
1768 2281 1877 2304 omnibus
1889 2282 1931 2305 illis
1943 2285 1977 2305 est
1987 2284 2079 2306 veritas.

1303 2319 1313 2333 ⁹
1330 2320 1358 2342 lta
1376 2325 1429 2341 cum
1446 2319 1482 2341 od.
1497 2319 1504 2341 1
1526 2319 1666 2347 antiquiores
1683 2319 1762 2347 codd,
1775 2326 1876 2348 quorum
1893 2321 1988 2349 quidem
2010 2322 2080 2350 aliqui

1241 2359 1342 2388 possunt
1356 2359 1436 2386 legunt
1451 2364 1494 2386 pro
1510 2359 1603 2387 possent
1611 2366 1620 2385 ‚·
1638 2358 1688 2380 Vat.
1706 2361 1783 2380 autem
1800 2365 1853 2381 cum
1870 2359 1921 2382 cod.
1939 2366 1965 2382 cc
1980 2361 2082 2390 possunt

1241 2396 1287 2420 dici
1302 2395 1378 2425 bona,
1397 2403 1444 2425 quo
1461 2397 1535 2424 posito
1552 2399 1715 2424 argumentum
1732 2397 1868 2426 destruitur;
1885 2401 1946 2421 recte
1963 2399 2081 2428 siquidem

1242 2436 1318 2457 omnia
1335 2436 1438 2458 effective
1455 2435 1563 2457 dicuntur
1579 2439 1601 2458 et
1617 2438 1670 2457 sunt
1685 2434 1747 2458 bona
1764 2436 1864 2459 bonitate
1882 2438 1962 2465 prima.
1974 2437 2039 2461 Circa
2057 2438 2080 2460 si-

1242 2480 1295 2496 nem
1312 2475 1441 2502 argumenti
1458 2474 1508 2496 Vat.
1526 2480 1579 2496 cum
1596 2474 1648 2496 cod.
1666 2480 1691 2496 cc
1708 2478 1759 2502 post
1776 2475 1797 2497 si
1812 2474 1855 2498 illa
1871 2477 1906 2499 est
1928 2477 2010 2504 repetit
2031 2483 2081 2499 ver-

1242 2512 1299 2535 bum
1316 2514 1357 2541 est,
1376 2515 1398 2535 et
1413 2513 1544 2535 immediate
1561 2515 1613 2541 post
1629 2513 1679 2534 Vat.
1697 2514 1744 2535 sola
1767 2520 1809 2541 pro
1826 2515 1847 2537 ei
1863 2514 1927 2537 Dens
1951 2516 2016 2543 ponit
2039 2516 2080 2539 etc.

1243 2557 1315 2581 ery0,·
1331 2551 1371 2573 sed
1388 2551 1462 2574 obstat
1478 2552 1601 2574 auctoritas
1619 2557 1673 2573 mss.
1691 2554 1713 2573 ct
1729 2552 1766 2574 ed.
1785 2553 1804 2574 l.

1305 2589 1325 2604 1⁰
1342 2590 1406 2612 Rom.
1425 2590 1450 2618 8,
1469 2590 1510 2612 20:
1528 2590 1625 2612 Vanitati
1648 2591 1709 2612 enim
1731 2593 1834 2613 creatura
1859 2591 1960 2614 subiecta
1977 2594 2017 2615 est.
2035 2591 2081 2615 Csr.

1243 2630 1311 2651 etiam
1328 2629 1473 2651 Ecclesiastes
1490 2629 1518 2657 3,
1537 2629 1573 2650 19.

1305 2667 1323 2681 ¹1
1341 2667 1400 2689 Vide
1416 2667 1521 2695 Aristot.,
1538 2667 1566 2689 V.
1584 2667 1680 2695 Metaph.
1697 2671 1749 2691 text.
1767 2669 1803 2691 34.
1822 2669 1867 2697 (lV.
1885 2675 1904 2691 c.
1923 2668 1977 2697 29.).
1988 2681 2020 2686 -
2031 2669 2080 2692 Mox

1244 2708 1296 2733 post
1310 2705 1399 2728 summi
1414 2706 1574 2734 supplevimus
1591 2713 1617 2728 ex
1634 2712 1688 2729 mss.
1706 2710 1729 2730 et
1745 2708 1781 2730 ed.
1800 2708 1808 2729 1
1830 2708 1889 2729 male
1901 2708 2012 2730 omissum
2024 2713 2079 2730 esse.

1306 2743 1325 2758 ¹²
1342 2743 1413 2766 Codd.
1430 2749 1483 2765 cum
1500 2743 1536 2766 ed.
1555 2744 1563 2766 1
1586 2745 1642 2768 tanc
1658 2752 1701 2773 pro
1718 2745 1794 2773 alias,
1812 2746 1853 2768 sed
1870 2752 1914 2768 non
1932 2746 1961 2767 ita
1978 2745 2043 2768 bene.

1306 2782 1325 2797 ¹3
1342 2783 1446 2811 Aristot.‚
1465 2783 1487 2804 Il.
1505 2783 1601 2811 Metapa.
1619 2786 1670 2806 text.
1689 2783 1709 2806 4.
1727 2784 1758 2812 (l.
1776 2784 1876 2807 brevior.
1895 2791 1914 2806 c.
1933 2784 1984 2813 1.)ῖ
1999 2784 2083 2807 Unum—

1245 2821 1355 2850 quodque
1371 2822 1429 2844 sicut
1446 2827 1470 2843 se
1487 2821 1555 2844 habet
1571 2825 1596 2844 ut
1612 2823 1654 2851 sit,
1673 2823 1701 2845 ita
1718 2825 1740 2845 et
1756 2823 1785 2845 ad
1802 2824 1929 2845 veritatem.

2245 3262 2248 3269 .
2229 3140 2243 3232 ,fg—<5⁴
