<?xml version="1.0" encoding="UTF-8"?>
<!DOCTYPE html PUBLIC "-//W3C//DTD XHTML 1.0 Transitional//EN"
    "http://www.w3.org/TR/xhtml1/DTD/xhtml1-transitional.dtd">
<html xmlns="http://www.w3.org/1999/xhtml" xml:lang="en" lang="en">
 <head>
  <title>
</title>
<meta http-equiv="Content-Type" content="text/html;charset=utf-8" />
  <meta name='ocr-system' content='tesseract 3.04.00' />
  <meta name='ocr-capabilities' content='ocr_page ocr_carea ocr_par ocr_line ocrx_word'/>
</head>
<body>
  <div class='ocr_page' id='page_1' title='image "./doctorisseraphic11bona_0046.png"; bbox 0 0 2253 3317; ppageno 0'>
   <div class='ocr_carea' id='block_1_1' title="bbox 346 172 1408 204">
    <p class='ocr_par' dir='ltr' id='par_1_1' title="bbox 346 172 1408 204">
     <span class='ocr_line' id='line_1_1' title="bbox 346 172 1408 204; baseline -0.004 0"><span class='ocrx_word' id='word_1_1' title='bbox 346 176 436 204; x_wconf 78' lang='lat' dir='ltr'>xxxll</span> <span class='ocrx_word' id='word_1_2' title='bbox 1023 173 1201 201; x_wconf 65' lang='lat' dir='ltr'>PRAER-x&#39;rlo</span> <span class='ocrx_word' id='word_1_3' title='bbox 1222 172 1408 201; x_wconf 66' lang='lat' dir='ltr'>GENERAMS.</span> 
     </span>
    </p>
   </div>
   <div class='ocr_carea' id='block_1_2' title="bbox 341 249 2117 2769">
    <p class='ocr_par' dir='ltr' id='par_1_2' title="bbox 343 249 2091 1057">
     <span class='ocr_line' id='line_1_2' title="bbox 345 249 2090 297; baseline -0.002 -11"><span class='ocrx_word' id='word_1_4' title='bbox 345 252 516 287; x_wconf 84' lang='lat' dir='ltr'>defectus</span> <span class='ocrx_word' id='word_1_5' title='bbox 542 251 731 297; x_wconf 79' lang='lat' dir='ltr'>recensiti,</span> <span class='ocrx_word' id='word_1_6' title='bbox 760 256 945 297; x_wconf 87' lang='lat' dir='ltr'>quantum</span> <span class='ocrx_word' id='word_1_7' title='bbox 970 250 1051 284; x_wconf 88' lang='lat' dir='ltr'>ficri</span> <span class='ocrx_word' id='word_1_8' title='bbox 1069 251 1201 296; x_wconf 86' lang='lat' dir='ltr'>possit,</span> <span class='ocrx_word' id='word_1_9' title='bbox 1221 250 1419 296; x_wconf 85' lang='lat' dir='ltr'>tollantur;</span> <span class='ocrx_word' id='word_1_10' title='bbox 1446 254 1528 284; x_wconf 91' lang='lat' dir='ltr'>tum</span> <span class='ocrx_word' id='word_1_11' title='bbox 1556 250 1782 285; x_wconf 70' lang='lat' dir='ltr'>neeessariam</span> <span class='ocrx_word' id='word_1_12' title='bbox 1806 262 1885 285; x_wconf 91' lang='lat' dir='ltr'>csse</span> <span class='ocrx_word' id='word_1_13' title='bbox 1910 250 1958 284; x_wconf 87' lang='lat' dir='ltr'>ad</span> <span class='ocrx_word' id='word_1_14' title='bbox 1985 249 2090 284; x_wconf 83' lang='lat' dir='ltr'>hunc.</span> 
     </span>
     <span class='ocr_line' id='line_1_3' title="bbox 346 307 2088 357; baseline -0.002 -11"><span class='ocrx_word' id='word_1_15' title='bbox 346 323 502 357; x_wconf 80' lang='lat' dir='ltr'>scopum</span> <span class='ocrx_word' id='word_1_16' title='bbox 528 310 777 345; x_wconf 86' lang='lat' dir='ltr'>obtinendum</span> <span class='ocrx_word' id='word_1_17' title='bbox 803 309 939 343; x_wconf 87' lang='lat' dir='ltr'>arduos</span> <span class='ocrx_word' id='word_1_18' title='bbox 956 313 994 343; x_wconf 88' lang='lat' dir='ltr'>et</span> <span class='ocrx_word' id='word_1_19' title='bbox 1010 308 1208 343; x_wconf 86' lang='lat' dir='ltr'>diuturnos</span> <span class='ocrx_word' id='word_1_20' title='bbox 1234 308 1381 343; x_wconf 90' lang='lat' dir='ltr'>labores</span> <span class='ocrx_word' id='word_1_21' title='bbox 1407 308 1543 343; x_wconf 89' lang='lat' dir='ltr'>subire.</span> <span class='ocrx_word' id='word_1_22' title='bbox 1571 307 1620 342; x_wconf 81' lang='lat' dir='ltr'>Et</span> <span class='ocrx_word' id='word_1_23' title='bbox 1645 308 1768 355; x_wconf 90' lang='lat' dir='ltr'>primo</span> <span class='ocrx_word' id='word_1_24' title='bbox 1794 309 1947 355; x_wconf 89' lang='lat' dir='ltr'>quidem</span> <span class='ocrx_word' id='word_1_25' title='bbox 1965 312 2088 354; x_wconf 87' lang='lat' dir='ltr'>patet,</span> 
     </span>
     <span class='ocr_line' id='line_1_4' title="bbox 346 366 2088 415; baseline -0.001 -12"><span class='ocrx_word' id='word_1_26' title='bbox 346 383 414 404; x_wconf 87' lang='lat' dir='ltr'>nec</span> <span class='ocrx_word' id='word_1_27' title='bbox 453 373 599 403; x_wconf 80' lang='lat' dir='ltr'>textum</span> <span class='ocrx_word' id='word_1_28' title='bbox 637 373 725 415; x_wconf 90' lang='lat' dir='ltr'>apte</span> <span class='ocrx_word' id='word_1_29' title='bbox 755 380 865 414; x_wconf 85' lang='lat' dir='ltr'>posse</span> <span class='ocrx_word' id='word_1_30' title='bbox 890 380 913 401; x_wconf 86' lang='lat' dir='ltr'>a</span> <span class='ocrx_word' id='word_1_31' title='bbox 938 367 1041 402; x_wconf 87' lang='lat' dir='ltr'>vitiis</span> <span class='ocrx_word' id='word_1_32' title='bbox 1066 367 1219 413; x_wconf 74' lang='lat' dir='ltr'>purgari</span> <span class='ocrx_word' id='word_1_33' title='bbox 1253 372 1290 402; x_wconf 88' lang='lat' dir='ltr'>et</span> <span class='ocrx_word' id='word_1_34' title='bbox 1321 367 1532 413; x_wconf 74' lang='lat' dir='ltr'>integritati</span> <span class='ocrx_word' id='word_1_35' title='bbox 1564 379 1651 401; x_wconf 85' lang='lat' dir='ltr'>sua-e</span> <span class='ocrx_word' id='word_1_36' title='bbox 1681 367 1844 414; x_wconf 86' lang='lat' dir='ltr'>restitui,</span> <span class='ocrx_word' id='word_1_37' title='bbox 1884 380 1954 401; x_wconf 90' lang='lat' dir='ltr'>nec</span> <span class='ocrx_word' id='word_1_38' title='bbox 1992 366 2088 401; x_wconf 89' lang='lat' dir='ltr'>iudi-</span> 
     </span>
     <span class='ocr_line' id='line_1_5' title="bbox 345 424 2091 472; baseline -0.002 -10"><span class='ocrx_word' id='word_1_39' title='bbox 345 429 445 462; x_wconf 91' lang='lat' dir='ltr'>cium</span> <span class='ocrx_word' id='word_1_40' title='bbox 463 428 509 461; x_wconf 88' lang='lat' dir='ltr'>dc</span> <span class='ocrx_word' id='word_1_41' title='bbox 526 427 814 462; x_wconf 77' lang='lat' dir='ltr'>authenticitate</span> <span class='ocrx_word' id='word_1_42' title='bbox 844 426 1082 472; x_wconf 79' lang='lat' dir='ltr'>singulorum</span> <span class='ocrx_word' id='word_1_43' title='bbox 1100 438 1256 472; x_wconf 90' lang='lat' dir='ltr'>operum</span> <span class='ocrx_word' id='word_1_44' title='bbox 1275 426 1441 461; x_wconf 89' lang='lat' dir='ltr'>securius</span> <span class='ocrx_word' id='word_1_45' title='bbox 1467 425 1566 472; x_wconf 86' lang='lat' dir='ltr'>ferri,</span> <span class='ocrx_word' id='word_1_46' title='bbox 1586 438 1655 460; x_wconf 85' lang='lat' dir='ltr'>nec</span> <span class='ocrx_word' id='word_1_47' title='bbox 1673 425 1856 460; x_wconf 75' lang='lat' dir='ltr'>anecdota</span> <span class='ocrx_word' id='word_1_48' title='bbox 1881 438 1926 459; x_wconf 84' lang='lat' dir='ltr'>ex</span> <span class='ocrx_word' id='word_1_49' title='bbox 1951 424 2091 460; x_wconf 89' lang='lat' dir='ltr'>biblio-</span> 
     </span>
     <span class='ocr_line' id='line_1_6' title="bbox 344 484 2089 532; baseline -0.002 -11"><span class='ocrx_word' id='word_1_50' title='bbox 344 487 538 521; x_wconf 74' lang='lat' dir='ltr'>thecarum</span> <span class='ocrx_word' id='word_1_51' title='bbox 564 485 719 532; x_wconf 86' lang='lat' dir='ltr'>pulvere</span> <span class='ocrx_word' id='word_1_52' title='bbox 746 485 909 531; x_wconf 80' lang='lat' dir='ltr'>extrahi,</span> <span class='ocrx_word' id='word_1_53' title='bbox 937 485 1010 519; x_wconf 88' lang='lat' dir='ltr'>nisi</span> <span class='ocrx_word' id='word_1_54' title='bbox 1036 485 1203 519; x_wconf 89' lang='lat' dir='ltr'>studiose</span> <span class='ocrx_word' id='word_1_55' title='bbox 1228 489 1439 519; x_wconf 75' lang='lat' dir='ltr'>recurratur</span> <span class='ocrx_word' id='word_1_56' title='bbox 1467 485 1514 519; x_wconf 89' lang='lat' dir='ltr'>ad</span> <span class='ocrx_word' id='word_1_57' title='bbox 1540 484 1803 519; x_wconf 86' lang='lat' dir='ltr'>auctoritatem</span> <span class='ocrx_word' id='word_1_58' title='bbox 1832 484 2089 530; x_wconf 84' lang='lat' dir='ltr'>antiquiorum</span> 
     </span>
     <span class='ocr_line' id='line_1_7' title="bbox 345 541 2090 590; baseline -0.002 -10"><span class='ocrx_word' id='word_1_59' title='bbox 345 545 519 580; x_wconf 88' lang='lat' dir='ltr'>codicum</span> <span class='ocrx_word' id='word_1_60' title='bbox 544 544 898 590; x_wconf 76' lang='lat' dir='ltr'>manuscriptorum.</span> <span class='ocrx_word' id='word_1_61' title='bbox 924 542 1008 578; x_wconf 88' lang='lat' dir='ltr'>Hoc</span> <span class='ocrx_word' id='word_1_62' title='bbox 1025 548 1152 578; x_wconf 83' lang='lat' dir='ltr'>autem</span> <span class='ocrx_word' id='word_1_63' title='bbox 1174 543 1255 578; x_wconf 88' lang='lat' dir='ltr'>fieri</span> <span class='ocrx_word' id='word_1_64' title='bbox 1285 556 1361 578; x_wconf 89' lang='grc'><strong>11011</strong></span> <span class='ocrx_word' id='word_1_65' title='bbox 1389 548 1530 590; x_wconf 88' lang='lat' dir='ltr'>potest,</span> <span class='ocrx_word' id='word_1_66' title='bbox 1562 543 1635 578; x_wconf 88' lang='grc'><strong>11151</strong></span> <span class='ocrx_word' id='word_1_67' title='bbox 1666 543 1770 589; x_wconf 87' lang='lat' dir='ltr'>prius</span> <span class='ocrx_word' id='word_1_68' title='bbox 1794 542 1959 588; x_wconf 80' lang='lat' dir='ltr'>diligens</span> <span class='ocrx_word' id='word_1_69' title='bbox 1989 541 2090 576; x_wconf 88' lang='lat' dir='ltr'>facta</span> 
     </span>
     <span class='ocr_line' id='line_1_8' title="bbox 345 601 2087 650; baseline -0.002 -12"><span class='ocrx_word' id='word_1_70' title='bbox 345 605 394 638; x_wconf 84' lang='lat' dir='ltr'>sit</span> <span class='ocrx_word' id='word_1_71' title='bbox 419 603 633 650; x_wconf 76' lang='lat' dir='ltr'>disquisitio</span> <span class='ocrx_word' id='word_1_72' title='bbox 660 603 759 637; x_wconf 86' lang='lat' dir='ltr'>circa</span> <span class='ocrx_word' id='word_1_73' title='bbox 784 602 945 637; x_wconf 50' lang='lat' dir='ltr'>codices*</span> <span class='ocrx_word' id='word_1_74' title='bbox 960 602 1237 648; x_wconf 87' lang='lat' dir='ltr'>manuscriptos</span> <span class='ocrx_word' id='word_1_75' title='bbox 1260 602 1409 648; x_wconf 89' lang='lat' dir='ltr'>aliaque</span> <span class='ocrx_word' id='word_1_76' title='bbox 1435 602 1483 636; x_wconf 87' lang='lat' dir='ltr'>ad</span> <span class='ocrx_word' id='word_1_77' title='bbox 1505 615 1584 636; x_wconf 88' lang='lat' dir='ltr'>rem</span> <span class='ocrx_word' id='word_1_78' title='bbox 1611 602 1823 648; x_wconf 76' lang='lat' dir='ltr'>spectantia</span> <span class='ocrx_word' id='word_1_79' title='bbox 1851 601 2087 646; x_wconf 87' lang='lat' dir='ltr'>documenta,</span> 
     </span>
     <span class='ocr_line' id='line_1_9' title="bbox 345 658 2090 709; baseline -0.002 -12"><span class='ocrx_word' id='word_1_80' title='bbox 345 675 439 709; x_wconf 84' lang='lat' dir='ltr'>quae</span> <span class='ocrx_word' id='word_1_81' title='bbox 456 662 580 697; x_wconf 89' lang='lat' dir='ltr'>adhue</span> <span class='ocrx_word' id='word_1_82' title='bbox 598 662 637 696; x_wconf 91' lang='grc'>111</span> <span class='ocrx_word' id='word_1_83' title='bbox 656 666 712 696; x_wconf 92' lang='lat' dir='ltr'>tot</span> <span class='ocrx_word' id='word_1_84' title='bbox 728 660 973 696; x_wconf 77' lang='lat' dir='ltr'>bibliothecis</span> <span class='ocrx_word' id='word_1_85' title='bbox 1000 665 1280 696; x_wconf 89' lang='lat' dir='ltr'>conservantur.</span> <span class='ocrx_word' id='word_1_86' title='bbox 1308 660 1391 696; x_wconf 90' lang='lat' dir='ltr'>Hoc</span> <span class='ocrx_word' id='word_1_87' title='bbox 1410 661 1486 695; x_wconf 89' lang='lat' dir='ltr'>iam</span> <span class='ocrx_word' id='word_1_88' title='bbox 1503 660 1549 696; x_wconf 89' lang='lat' dir='ltr'>P.</span> <span class='ocrx_word' id='word_1_89' title='bbox 1568 660 1710 696; x_wconf 73' lang='lat' dir='ltr'>Bonelli</span> <span class='ocrx_word' id='word_1_90' title='bbox 1735 660 1952 696; x_wconf 82' lang='lat' dir='ltr'>observavit</span> <span class='ocrx_word' id='word_1_91' title='bbox 1966 658 1985 707; x_wconf 85' lang='lat'>¹,</span> <span class='ocrx_word' id='word_1_92' title='bbox 2012 672 2090 694; x_wconf 91' lang='lat' dir='ltr'>mo-</span> 
     </span>
     <span class='ocr_line' id='line_1_10' title="bbox 345 718 2090 767; baseline -0.001 -12"><span class='ocrx_word' id='word_1_93' title='bbox 345 721 483 767; x_wconf 86' lang='lat' dir='ltr'>nendo,</span> <span class='ocrx_word' id='word_1_94' title='bbox 519 725 588 755; x_wconf 88' lang='lat' dir='ltr'>«ut</span> <span class='ocrx_word' id='word_1_95' title='bbox 605 721 645 754; x_wconf 93' lang='lat' dir='ltr'>in</span> <span class='ocrx_word' id='word_1_96' title='bbox 664 733 763 754; x_wconf 88' lang='lat' dir='ltr'>nova</span> <span class='ocrx_word' id='word_1_97' title='bbox 789 720 954 755; x_wconf 82' lang='lat' dir='ltr'>editione</span> <span class='ocrx_word' id='word_1_98' title='bbox 973 720 1153 766; x_wconf 88' lang='lat' dir='ltr'>curanda,</span> <span class='ocrx_word' id='word_1_99' title='bbox 1173 719 1280 754; x_wconf 86' lang='lat' dir='ltr'>nulla</span> <span class='ocrx_word' id='word_1_100' title='bbox 1298 732 1427 755; x_wconf 88' lang='lat' dir='ltr'>eorum</span> <span class='ocrx_word' id='word_1_101' title='bbox 1457 732 1553 766; x_wconf 88' lang='lat' dir='ltr'>quae</span> <span class='ocrx_word' id='word_1_102' title='bbox 1572 720 1710 754; x_wconf 81' lang='lat' dir='ltr'>desunt</span> <span class='ocrx_word' id='word_1_103' title='bbox 1727 724 1765 754; x_wconf 92' lang='lat' dir='ltr'>ct</span> <span class='ocrx_word' id='word_1_104' title='bbox 1781 720 1821 753; x_wconf 93' lang='lat' dir='ltr'>in</span> <span class='ocrx_word' id='word_1_105' title='bbox 1844 718 2090 754; x_wconf 81' lang='lat' dir='ltr'>bibliothecis</span> 
     </span>
     <span class='ocr_line' id='line_1_11' title="bbox 343 776 2090 826; baseline -0.002 -12"><span class='ocrx_word' id='word_1_106' title='bbox 343 785 409 815; x_wconf 81' lang='lat' dir='ltr'>aut</span> <span class='ocrx_word' id='word_1_107' title='bbox 434 779 630 815; x_wconf 85' lang='lat' dir='ltr'>tabulariis</span> <span class='ocrx_word' id='word_1_108' title='bbox 647 779 771 813; x_wconf 88' lang='lat' dir='ltr'>adhuc</span> <span class='ocrx_word' id='word_1_109' title='bbox 791 779 911 813; x_wconf 84' lang='lat' dir='ltr'>latent</span> <span class='ocrx_word' id='word_1_110' title='bbox 946 779 1170 826; x_wconf 87' lang='lat' dir='ltr'>perquisitio</span> <span class='ocrx_word' id='word_1_111' title='bbox 1196 779 1407 824; x_wconf 87' lang='lat' dir='ltr'>omittatur,</span> <span class='ocrx_word' id='word_1_112' title='bbox 1435 778 1616 825; x_wconf 89' lang='lat' dir='ltr'>nullaque</span> <span class='ocrx_word' id='word_1_113' title='bbox 1635 778 1837 824; x_wconf 77' lang='lat' dir='ltr'>diligentia</span> <span class='ocrx_word' id='word_1_114' title='bbox 1861 777 1908 812; x_wconf 87' lang='lat' dir='ltr'>ad</span> <span class='ocrx_word' id='word_1_115' title='bbox 1934 776 2090 811; x_wconf 72' lang='grc'><strong>01111110-</strong></span> 
     </span>
     <span class='ocr_line' id='line_1_12' title="bbox 344 837 2090 885; baseline -0.002 -12"><span class='ocrx_word' id='word_1_116' title='bbox 344 838 611 885; x_wconf 79' lang='lat' dir='ltr'>cupletandam</span> <span class='ocrx_word' id='word_1_117' title='bbox 629 837 822 872; x_wconf 86' lang='lat' dir='ltr'>anecdot-is</span> <span class='ocrx_word' id='word_1_118' title='bbox 837 853 850 869; x_wconf 79' lang='lat'>»</span> <span class='ocrx_word' id='word_1_119' title='bbox 861 866 868 872; x_wconf 88' lang='lat'>.</span> <span class='ocrx_word' id='word_1_120' title='bbox 888 837 997 872; x_wconf 88' lang='lat' dir='ltr'>Hane</span> <span class='ocrx_word' id='word_1_121' title='bbox 1016 841 1143 871; x_wconf 86' lang='lat' dir='ltr'>autem</span> <span class='ocrx_word' id='word_1_122' title='bbox 1161 837 1476 883; x_wconf 87' lang='lat' dir='ltr'>perquisitionem</span> <span class='ocrx_word' id='word_1_123' title='bbox 1493 837 1736 883; x_wconf 88' lang='lat' dir='ltr'>antiquorum</span> <span class='ocrx_word' id='word_1_124' title='bbox 1759 840 2090 871; x_wconf 84' lang='lat' dir='ltr'>monumentorum</span> 
     </span>
     <span class='ocr_line' id='line_1_13' title="bbox 344 894 2090 944; baseline -0.002 -12"><span class='ocrx_word' id='word_1_125' title='bbox 344 896 509 944; x_wconf 80' lang='lat' dir='ltr'>perfecte</span> <span class='ocrx_word' id='word_1_126' title='bbox 534 897 615 931; x_wconf 90' lang='lat' dir='ltr'>fieri</span> <span class='ocrx_word' id='word_1_127' title='bbox 640 909 717 931; x_wconf 90' lang='lat' dir='ltr'>non</span> <span class='ocrx_word' id='word_1_128' title='bbox 742 908 862 943; x_wconf 85' lang='lat' dir='ltr'>posse,</span> <span class='ocrx_word' id='word_1_129' title='bbox 889 896 962 930; x_wconf 90' lang='lat' dir='ltr'>nisi</span> <span class='ocrx_word' id='word_1_130' title='bbox 987 895 1244 930; x_wconf 82' lang='lat' dir='ltr'>bibliothecae</span> <span class='ocrx_word' id='word_1_131' title='bbox 1277 895 1381 941; x_wconf 80' lang='lat' dir='ltr'>ipsae</span> <span class='ocrx_word' id='word_1_132' title='bbox 1406 895 1589 929; x_wconf 83' lang='lat' dir='ltr'>adeantur</span> <span class='ocrx_word' id='word_1_133' title='bbox 1614 900 1652 929; x_wconf 91' lang='lat' dir='ltr'>et</span> <span class='ocrx_word' id='word_1_134' title='bbox 1675 899 1972 941; x_wconf 74' lang='lat' dir='ltr'>perscrutentur,</span> <span class='ocrx_word' id='word_1_135' title='bbox 2000 894 2090 929; x_wconf 87' lang='lat' dir='ltr'>satis</span> 
     </span>
     <span class='ocr_line' id='line_1_14' title="bbox 343 952 2090 1001; baseline -0.002 -10"><span class='ocrx_word' id='word_1_136' title='bbox 343 961 490 991; x_wconf 78' lang='lat' dir='ltr'>constat</span> <span class='ocrx_word' id='word_1_137' title='bbox 515 956 613 990; x_wconf 82' lang='lat' dir='ltr'>inter</span> <span class='ocrx_word' id='word_1_138' title='bbox 638 955 789 990; x_wconf 83' lang='lat' dir='ltr'>criticae</span> <span class='ocrx_word' id='word_1_139' title='bbox 815 955 905 989; x_wconf 87' lang='lat' dir='ltr'>artis</span> <span class='ocrx_word' id='word_1_140' title='bbox 930 955 1085 1001; x_wconf 85' lang='lat' dir='ltr'>peritos,</span> <span class='ocrx_word' id='word_1_141' title='bbox 1114 958 1152 988; x_wconf 85' lang='lat' dir='ltr'>et</span> <span class='ocrx_word' id='word_1_142' title='bbox 1176 966 1198 988; x_wconf 87' lang='lat' dir='ltr'>a</span> <span class='ocrx_word' id='word_1_143' title='bbox 1224 953 1264 988; x_wconf 88' lang='lat' dir='ltr'>P.</span> <span class='ocrx_word' id='word_1_144' title='bbox 1291 952 1414 988; x_wconf 86' lang='lat' dir='ltr'>Fideli</span> <span class='ocrx_word' id='word_1_145' title='bbox 1453 954 1566 988; x_wconf 86' lang='lat' dir='ltr'>variis</span> <span class='ocrx_word' id='word_1_146' title='bbox 1596 953 1808 988; x_wconf 88' lang='lat' dir='ltr'>rationibus</span> <span class='ocrx_word' id='word_1_147' title='bbox 1838 958 1875 988; x_wconf 91' lang='lat' dir='ltr'>et</span> <span class='ocrx_word' id='word_1_148' title='bbox 1905 952 2090 999; x_wconf 83' lang='lat' dir='ltr'>exemplis</span> 
     </span>
     <span class='ocr_line' id='line_1_15' title="bbox 344 1014 619 1057; baseline 0 -8"><span class='ocrx_word' id='word_1_149' title='bbox 344 1015 586 1050; x_wconf 82' lang='lat' dir='ltr'>confirmatur</span> <span class='ocrx_word' id='word_1_150' title='bbox 598 1014 619 1057; x_wconf 92' lang='lat'><strong>²</strong></span> 
     </span>
    </p>

    <p class='ocr_par' dir='ltr' id='par_1_3' title="bbox 342 1070 2092 1532">
     <span class='ocr_line' id='line_1_16' title="bbox 437 1070 2091 1119; baseline -0.002 -11"><span class='ocrx_word' id='word_1_151' title='bbox 437 1073 520 1108; x_wconf 78' lang='lat' dir='ltr'>Hoc</span> <span class='ocrx_word' id='word_1_152' title='bbox 545 1086 613 1119; x_wconf 92' lang='lat' dir='ltr'>pro</span> <span class='ocrx_word' id='word_1_153' title='bbox 639 1078 740 1108; x_wconf 85' lang='lat' dir='ltr'>certo</span> <span class='ocrx_word' id='word_1_154' title='bbox 767 1072 926 1118; x_wconf 87' lang='lat' dir='ltr'>habens,</span> <span class='ocrx_word' id='word_1_155' title='bbox 955 1071 995 1106; x_wconf 91' lang='lat' dir='ltr'>P.</span> <span class='ocrx_word' id='word_1_156' title='bbox 1022 1070 1165 1106; x_wconf 84' lang='lat' dir='ltr'>Fidelis</span> <span class='ocrx_word' id='word_1_157' title='bbox 1192 1071 1409 1106; x_wconf 87' lang='lat' dir='ltr'>incredibili</span> <span class='ocrx_word' id='word_1_158' title='bbox 1435 1071 1563 1106; x_wconf 89' lang='lat' dir='ltr'>labore</span> <span class='ocrx_word' id='word_1_159' title='bbox 1591 1076 1629 1106; x_wconf 88' lang='lat' dir='ltr'>et</span> <span class='ocrx_word' id='word_1_160' title='bbox 1653 1071 1855 1117; x_wconf 74' lang='lat' dir='ltr'>diligentia</span> <span class='ocrx_word' id='word_1_161' title='bbox 1879 1071 1977 1105; x_wconf 86' lang='lat' dir='ltr'>hanc</span> <span class='ocrx_word' id='word_1_162' title='bbox 2007 1082 2091 1116; x_wconf 84' lang='lat' dir='ltr'>pro-</span> 
     </span>
     <span class='ocr_line' id='line_1_17' title="bbox 344 1129 2089 1177; baseline -0.002 -11"><span class='ocrx_word' id='word_1_163' title='bbox 344 1133 508 1166; x_wconf 75' lang='lat' dir='ltr'>vinciam</span> <span class='ocrx_word' id='word_1_164' title='bbox 535 1144 623 1166; x_wconf 87' lang='lat' dir='ltr'>sane</span> <span class='ocrx_word' id='word_1_165' title='bbox 649 1131 843 1166; x_wconf 89' lang='lat' dir='ltr'>difficilem</span> <span class='ocrx_word' id='word_1_166' title='bbox 870 1131 1037 1177; x_wconf 87' lang='lat' dir='ltr'>suscepit</span> <span class='ocrx_word' id='word_1_167' title='bbox 1063 1135 1100 1165; x_wconf 91' lang='lat' dir='ltr'>ct</span> <span class='ocrx_word' id='word_1_168' title='bbox 1125 1131 1179 1164; x_wconf 89' lang='lat' dir='ltr'>ita</span> <span class='ocrx_word' id='word_1_169' title='bbox 1203 1129 1371 1176; x_wconf 83' lang='lat' dir='ltr'>perfecte</span> <span class='ocrx_word' id='word_1_170' title='bbox 1398 1131 1561 1176; x_wconf 78' lang='lat' dir='ltr'>peregit,</span> <span class='ocrx_word' id='word_1_171' title='bbox 1589 1134 1632 1164; x_wconf 92' lang='lat' dir='ltr'>ut</span> <span class='ocrx_word' id='word_1_172' title='bbox 1664 1130 1876 1177; x_wconf 89' lang='lat' dir='ltr'>hucusque,</span> <span class='ocrx_word' id='word_1_173' title='bbox 1905 1133 2089 1176; x_wconf 87' lang='lat' dir='ltr'>quantum</span> 
     </span>
     <span class='ocr_line' id='line_1_18' title="bbox 343 1188 2092 1237; baseline -0.002 -13"><span class='ocrx_word' id='word_1_174' title='bbox 343 1192 498 1236; x_wconf 80' lang='lat' dir='ltr'>scimus,</span> <span class='ocrx_word' id='word_1_175' title='bbox 526 1203 594 1237; x_wconf 89' lang='lat' dir='ltr'>pro</span> <span class='ocrx_word' id='word_1_176' title='bbox 619 1189 726 1225; x_wconf 91' lang='lat' dir='ltr'>nullo</span> <span class='ocrx_word' id='word_1_177' title='bbox 751 1194 902 1224; x_wconf 88' lang='lat' dir='ltr'>auctore</span> <span class='ocrx_word' id='word_1_178' title='bbox 929 1189 1075 1223; x_wconf 89' lang='lat' dir='ltr'>edendo</span> <span class='ocrx_word' id='word_1_179' title='bbox 1101 1193 1158 1223; x_wconf 87' lang='lat' dir='ltr'>tot</span> <span class='ocrx_word' id='word_1_180' title='bbox 1184 1188 1438 1223; x_wconf 84' lang='lat' dir='ltr'>bibliothecae</span> <span class='ocrx_word' id='word_1_181' title='bbox 1465 1188 1513 1223; x_wconf 86' lang='lat' dir='ltr'>ab</span> <span class='ocrx_word' id='word_1_182' title='bbox 1541 1202 1616 1224; x_wconf 91' lang='lat' dir='ltr'>uno</span> <span class='ocrx_word' id='word_1_183' title='bbox 1643 1189 1724 1224; x_wconf 89' lang='lat' dir='ltr'>viro</span> <span class='ocrx_word' id='word_1_184' title='bbox 1750 1188 1997 1235; x_wconf 84' lang='lat' dir='ltr'>perlustratae</span> <span class='ocrx_word' id='word_1_185' title='bbox 2023 1200 2092 1221; x_wconf 91' lang='lat' dir='ltr'>un—</span> 
     </span>
     <span class='ocr_line' id='line_1_19' title="bbox 343 1246 2091 1296; baseline -0.002 -12"><span class='ocrx_word' id='word_1_186' title='bbox 343 1262 457 1296; x_wconf 86' lang='lat' dir='ltr'>quam</span> <span class='ocrx_word' id='word_1_187' title='bbox 483 1249 635 1284; x_wconf 84' lang='lat' dir='ltr'>fuerint.</span> <span class='ocrx_word' id='word_1_188' title='bbox 673 1248 804 1293; x_wconf 80' lang='lat' dir='ltr'>Quoad</span> <span class='ocrx_word' id='word_1_189' title='bbox 831 1249 928 1283; x_wconf 89' lang='lat' dir='ltr'>hanc</span> <span class='ocrx_word' id='word_1_190' title='bbox 955 1252 1103 1294; x_wconf 88' lang='lat' dir='ltr'>partem</span> <span class='ocrx_word' id='word_1_191' title='bbox 1127 1247 1230 1282; x_wconf 90' lang='lat' dir='ltr'>idem</span> <span class='ocrx_word' id='word_1_192' title='bbox 1260 1246 1371 1282; x_wconf 87' lang='lat' dir='ltr'>Pater</span> <span class='ocrx_word' id='word_1_193' title='bbox 1395 1248 1507 1282; x_wconf 89' lang='lat' dir='ltr'>sociis</span> <span class='ocrx_word' id='word_1_194' title='bbox 1533 1248 1611 1282; x_wconf 91' lang='lat' dir='ltr'>suis</span> <span class='ocrx_word' id='word_1_195' title='bbox 1638 1248 1715 1282; x_wconf 86' lang='lat' dir='ltr'>fere</span> <span class='ocrx_word' id='word_1_196' title='bbox 1748 1247 1845 1281; x_wconf 87' lang='lat' dir='ltr'>nihil</span> <span class='ocrx_word' id='word_1_197' title='bbox 1872 1246 2091 1281; x_wconf 88' lang='lat' dir='ltr'>faciendum</span> 
     </span>
     <span class='ocr_line' id='line_1_20' title="bbox 342 1298 2091 1355; baseline -0.002 -12"><span class='ocrx_word' id='word_1_198' title='bbox 342 1309 496 1355; x_wconf 82' lang='lat' dir='ltr'>reliquit</span> <span class='ocrx_word' id='word_1_199' title='bbox 522 1298 595 1343; x_wconf 83' lang='lat' dir='ltr'>nisi</span> <span class='ocrx_word' id='word_1_200' title='bbox 625 1307 781 1342; x_wconf 87' lang='lat' dir='ltr'>arduam</span> <span class='ocrx_word' id='word_1_201' title='bbox 813 1311 994 1353; x_wconf 86' lang='lat' dir='ltr'>spartam,</span> <span class='ocrx_word' id='word_1_202' title='bbox 1035 1307 1260 1341; x_wconf 87' lang='lat' dir='ltr'>immensam</span> <span class='ocrx_word' id='word_1_203' title='bbox 1290 1306 1604 1341; x_wconf 88' lang='lat' dir='ltr'>documentorum</span> <span class='ocrx_word' id='word_1_204' title='bbox 1635 1310 1672 1341; x_wconf 89' lang='lat' dir='ltr'>et</span> <span class='ocrx_word' id='word_1_205' title='bbox 1703 1306 1922 1341; x_wconf 87' lang='lat' dir='ltr'>notitiarum</span> <span class='ocrx_word' id='word_1_206' title='bbox 1955 1305 2091 1339; x_wconf 86' lang='lat' dir='ltr'>silvam</span> 
     </span>
     <span class='ocr_line' id='line_1_21' title="bbox 343 1364 2090 1411; baseline -0.002 -9"><span class='ocrx_word' id='word_1_207' title='bbox 343 1367 532 1402; x_wconf 77' lang='lat' dir='ltr'>cribrandi</span> <span class='ocrx_word' id='word_1_208' title='bbox 558 1372 596 1401; x_wconf 91' lang='lat' dir='ltr'>et</span> <span class='ocrx_word' id='word_1_209' title='bbox 621 1379 688 1402; x_wconf 89' lang='grc'><strong>5110</strong></span> <span class='ocrx_word' id='word_1_210' title='bbox 714 1366 798 1401; x_wconf 88' lang='grc'><strong>1000</strong></span> <span class='ocrx_word' id='word_1_211' title='bbox 824 1366 976 1400; x_wconf 86' lang='lat' dir='ltr'>criticae</span> <span class='ocrx_word' id='word_1_212' title='bbox 1002 1366 1092 1400; x_wconf 91' lang='lat' dir='ltr'>artis</span> <span class='ocrx_word' id='word_1_213' title='bbox 1118 1365 1226 1399; x_wconf 89' lang='lat' dir='ltr'>lance</span> <span class='ocrx_word' id='word_1_214' title='bbox 1253 1365 1499 1411; x_wconf 88' lang='lat' dir='ltr'>ponderandi.</span> <span class='ocrx_word' id='word_1_215' title='bbox 1518 1364 1734 1400; x_wconf 90' lang='lat' dir='ltr'>Dolendum</span> <span class='ocrx_word' id='word_1_216' title='bbox 1753 1377 1854 1411; x_wconf 86' lang='lat' dir='ltr'>sane,</span> <span class='ocrx_word' id='word_1_217' title='bbox 1874 1364 1976 1410; x_wconf 89' lang='lat' dir='ltr'>quod</span> <span class='ocrx_word' id='word_1_218' title='bbox 1994 1364 2090 1410; x_wconf 88' lang='lat' dir='ltr'>ipse,</span> 
     </span>
     <span class='ocr_line' id='line_1_22' title="bbox 343 1423 2092 1473; baseline -0.002 -12"><span class='ocrx_word' id='word_1_219' title='bbox 343 1427 408 1473; x_wconf 88' lang='lat' dir='ltr'>qui</span> <span class='ocrx_word' id='word_1_220' title='bbox 435 1439 510 1461; x_wconf 89' lang='lat' dir='ltr'>non</span> <span class='ocrx_word' id='word_1_221' title='bbox 538 1426 685 1472; x_wconf 76' lang='lat' dir='ltr'>vulgari</span> <span class='ocrx_word' id='word_1_222' title='bbox 713 1425 760 1460; x_wconf 87' lang='lat' dir='ltr'>ad</span> <span class='ocrx_word' id='word_1_223' title='bbox 786 1425 957 1459; x_wconf 81' lang='lat' dir='ltr'>criticam</span> <span class='ocrx_word' id='word_1_224' title='bbox 983 1428 1101 1458; x_wconf 87' lang='lat' dir='ltr'>artem</span> <span class='ocrx_word' id='word_1_225' title='bbox 1129 1423 1377 1459; x_wconf 81' lang='lat' dir='ltr'>exercendam</span> <span class='ocrx_word' id='word_1_226' title='bbox 1402 1424 1558 1470; x_wconf 77' lang='lat' dir='ltr'>ingenio</span> <span class='ocrx_word' id='word_1_227' title='bbox 1585 1428 1623 1458; x_wconf 85' lang='lat' dir='ltr'>et</span> <span class='ocrx_word' id='word_1_228' title='bbox 1647 1423 1832 1467; x_wconf 63' lang='lat' dir='ltr'>singulari</span> <span class='ocrx_word' id='word_1_229' title='bbox 1858 1423 2092 1469; x_wconf 83' lang='lat' dir='ltr'>experientia</span> 
     </span>
     <span class='ocr_line' id='line_1_23' title="bbox 343 1481 2090 1532; baseline -0.002 -12"><span class='ocrx_word' id='word_1_230' title='bbox 343 1486 534 1532; x_wconf 84' lang='lat' dir='ltr'>praeditus</span> <span class='ocrx_word' id='word_1_231' title='bbox 560 1490 653 1531; x_wconf 88' lang='lat' dir='ltr'>erat,</span> <span class='ocrx_word' id='word_1_232' title='bbox 681 1484 878 1519; x_wconf 89' lang='lat' dir='ltr'>difficilem</span> <span class='ocrx_word' id='word_1_233' title='bbox 902 1484 1005 1517; x_wconf 90' lang='lat' dir='ltr'>hunc</span> <span class='ocrx_word' id='word_1_234' title='bbox 1031 1482 1215 1529; x_wconf 88' lang='lat' dir='ltr'>laborem,</span> <span class='ocrx_word' id='word_1_235' title='bbox 1243 1487 1361 1517; x_wconf 87' lang='lat' dir='ltr'>morte</span> <span class='ocrx_word' id='word_1_236' title='bbox 1388 1487 1625 1529; x_wconf 88' lang='lat' dir='ltr'>praereptus,</span> <span class='ocrx_word' id='word_1_237' title='bbox 1646 1483 1801 1529; x_wconf 80' lang='lat' dir='ltr'>exsequi</span> <span class='ocrx_word' id='word_1_238' title='bbox 1819 1494 1895 1517; x_wconf 91' lang='lat' dir='ltr'>non</span> <span class='ocrx_word' id='word_1_239' title='bbox 1914 1481 2090 1528; x_wconf 82' lang='lat' dir='ltr'>potuerit.</span> 
     </span>
    </p>

    <p class='ocr_par' dir='ltr' id='par_1_4' title="bbox 341 1540 2117 2769">
     <span class='ocr_line' id='line_1_24' title="bbox 435 1540 2089 1588; baseline -0.002 -9"><span class='ocrx_word' id='word_1_240' title='bbox 435 1543 492 1580; x_wconf 87' lang='lat' dir='ltr'>Ne</span> <span class='ocrx_word' id='word_1_241' title='bbox 516 1547 643 1579; x_wconf 88' lang='lat' dir='ltr'>autem</span> <span class='ocrx_word' id='word_1_242' title='bbox 668 1542 814 1578; x_wconf 89' lang='lat' dir='ltr'>fructus</span> <span class='ocrx_word' id='word_1_243' title='bbox 840 1543 935 1577; x_wconf 89' lang='lat' dir='ltr'>tanti</span> <span class='ocrx_word' id='word_1_244' title='bbox 962 1542 1101 1577; x_wconf 88' lang='lat' dir='ltr'>laboris</span> <span class='ocrx_word' id='word_1_245' title='bbox 1126 1542 1307 1588; x_wconf 88' lang='lat' dir='ltr'>perirent,</span> <span class='ocrx_word' id='word_1_246' title='bbox 1335 1542 1367 1576; x_wconf 91' lang='lat' dir='ltr'>si</span> <span class='ocrx_word' id='word_1_247' title='bbox 1394 1542 1538 1588; x_wconf 85' lang='lat' dir='ltr'>primus</span> <span class='ocrx_word' id='word_1_248' title='bbox 1555 1546 1695 1587; x_wconf 85' lang='lat' dir='ltr'>auctor,</span> <span class='ocrx_word' id='word_1_249' title='bbox 1715 1540 1938 1587; x_wconf 86' lang='lat' dir='ltr'>imperfecto</span> <span class='ocrx_word' id='word_1_250' title='bbox 1964 1553 2089 1587; x_wconf 88' lang='lat' dir='ltr'>opere,</span> 
     </span>
     <span class='ocr_line' id='line_1_25' title="bbox 343 1599 2093 1649; baseline -0.002 -11"><span class='ocrx_word' id='word_1_251' title='bbox 343 1609 460 1639; x_wconf 88' lang='lat' dir='ltr'>morte</span> <span class='ocrx_word' id='word_1_252' title='bbox 487 1603 672 1649; x_wconf 83' lang='lat' dir='ltr'>deficeret,</span> <span class='ocrx_word' id='word_1_253' title='bbox 701 1602 903 1649; x_wconf 89' lang='lat' dir='ltr'>quodiam</span> <span class='ocrx_word' id='word_1_254' title='bbox 930 1601 1041 1636; x_wconf 88' lang='lat' dir='ltr'>toties</span> <span class='ocrx_word' id='word_1_255' title='bbox 1065 1600 1151 1635; x_wconf 89' lang='lat' dir='ltr'>aliis</span> <span class='ocrx_word' id='word_1_256' title='bbox 1189 1600 1353 1647; x_wconf 85' lang='lat' dir='ltr'>inceptis</span> <span class='ocrx_word' id='word_1_257' title='bbox 1391 1600 1573 1646; x_wconf 81' lang='lat' dir='ltr'>contigit,</span> <span class='ocrx_word' id='word_1_258' title='bbox 1618 1604 1656 1634; x_wconf 91' lang='lat' dir='ltr'>ct</span> <span class='ocrx_word' id='word_1_259' title='bbox 1695 1600 1869 1646; x_wconf 89' lang='lat' dir='ltr'>insuper,</span> <span class='ocrx_word' id='word_1_260' title='bbox 1909 1603 1952 1634; x_wconf 87' lang='lat' dir='ltr'>ut</span> <span class='ocrx_word' id='word_1_261' title='bbox 1987 1599 2093 1634; x_wconf 78' lang='lat' dir='ltr'>auxi-</span> 
     </span>
     <span class='ocr_line' id='line_1_26' title="bbox 342 1658 2092 1705; baseline -0.003 -8"><span class='ocrx_word' id='word_1_262' title='bbox 342 1663 435 1698; x_wconf 87' lang='lat' dir='ltr'>lium</span> <span class='ocrx_word' id='word_1_263' title='bbox 462 1675 484 1697; x_wconf 92' lang='lat' dir='ltr'>a</span> <span class='ocrx_word' id='word_1_264' title='bbox 508 1662 618 1697; x_wconf 89' lang='lat' dir='ltr'>sociis</span> <span class='ocrx_word' id='word_1_265' title='bbox 643 1662 690 1696; x_wconf 88' lang='lat' dir='ltr'>ad</span> <span class='ocrx_word' id='word_1_266' title='bbox 716 1662 944 1695; x_wconf 88' lang='lat' dir='ltr'>immensum</span> <span class='ocrx_word' id='word_1_267' title='bbox 970 1659 1137 1695; x_wconf 87' lang='lat' dir='ltr'>laborem</span> <span class='ocrx_word' id='word_1_268' title='bbox 1164 1659 1436 1694; x_wconf 82' lang='lat' dir='ltr'>exantlandum</span> <span class='ocrx_word' id='word_1_269' title='bbox 1462 1659 1635 1705; x_wconf 64' lang='lat' dir='ltr'>haberet,</span> <span class='ocrx_word' id='word_1_270' title='bbox 1664 1658 1871 1705; x_wconf 80' lang='lat' dir='ltr'>collegium</span> <span class='ocrx_word' id='word_1_271' title='bbox 1893 1659 2092 1693; x_wconf 87' lang='lat' dir='ltr'>instituen-</span> 
     </span>
     <span class='ocr_line' id='line_1_27' title="bbox 342 1717 2092 1766; baseline -0.002 -10"><span class='ocrx_word' id='word_1_272' title='bbox 342 1722 433 1756; x_wconf 90' lang='lat' dir='ltr'>dum</span> <span class='ocrx_word' id='word_1_273' title='bbox 458 1734 537 1756; x_wconf 88' lang='lat' dir='ltr'>esse</span> <span class='ocrx_word' id='word_1_274' title='bbox 562 1721 760 1766; x_wconf 87' lang='lat' dir='ltr'>iudicavit,</span> <span class='ocrx_word' id='word_1_275' title='bbox 789 1720 828 1754; x_wconf 90' lang='lat' dir='ltr'>in</span> <span class='ocrx_word' id='word_1_276' title='bbox 855 1732 930 1766; x_wconf 91' lang='lat' dir='ltr'>quo</span> <span class='ocrx_word' id='word_1_277' title='bbox 955 1719 1083 1765; x_wconf 89' lang='lat' dir='ltr'>plures</span> <span class='ocrx_word' id='word_1_278' title='bbox 1110 1718 1262 1754; x_wconf 90' lang='lat' dir='ltr'>Ordinis</span> <span class='ocrx_word' id='word_1_279' title='bbox 1280 1718 1338 1752; x_wconf 91' lang='lat' dir='ltr'>sui</span> <span class='ocrx_word' id='word_1_280' title='bbox 1356 1718 1466 1764; x_wconf 91' lang='lat' dir='ltr'>socii,</span> <span class='ocrx_word' id='word_1_281' title='bbox 1486 1730 1508 1752; x_wconf 91' lang='lat' dir='ltr'>a</span> <span class='ocrx_word' id='word_1_282' title='bbox 1525 1718 1658 1752; x_wconf 90' lang='lat' dir='ltr'>ceteris</span> <span class='ocrx_word' id='word_1_283' title='bbox 1676 1718 1775 1752; x_wconf 88' lang='lat' dir='ltr'>euris</span> <span class='ocrx_word' id='word_1_284' title='bbox 1792 1717 1979 1764; x_wconf 90' lang='lat' dir='ltr'>absoluti,</span> <span class='ocrx_word' id='word_1_285' title='bbox 2004 1730 2092 1752; x_wconf 91' lang='lat' dir='ltr'>con-</span> 
     </span>
     <span class='ocr_line' id='line_1_28' title="bbox 342 1776 2089 1825; baseline -0.003 -10"><span class='ocrx_word' id='word_1_286' title='bbox 342 1781 481 1816; x_wconf 83' lang='lat' dir='ltr'>iunctis</span> <span class='ocrx_word' id='word_1_287' title='bbox 507 1779 651 1814; x_wconf 90' lang='lat' dir='ltr'>viribus</span> <span class='ocrx_word' id='word_1_288' title='bbox 676 1779 765 1813; x_wconf 90' lang='lat' dir='ltr'>huie</span> <span class='ocrx_word' id='word_1_289' title='bbox 791 1778 895 1825; x_wconf 89' lang='lat' dir='ltr'>operi</span> <span class='ocrx_word' id='word_1_290' title='bbox 920 1777 1152 1824; x_wconf 86' lang='lat' dir='ltr'>perficiendo</span> <span class='ocrx_word' id='word_1_291' title='bbox 1179 1777 1398 1812; x_wconf 87' lang='lat' dir='ltr'>incumbere</span> <span class='ocrx_word' id='word_1_292' title='bbox 1424 1781 1589 1824; x_wconf 87' lang='lat' dir='ltr'>possent.</span> <span class='ocrx_word' id='word_1_293' title='bbox 1625 1776 1731 1811; x_wconf 87' lang='lat' dir='ltr'>«Vita</span> <span class='ocrx_word' id='word_1_294' title='bbox 1747 1789 1927 1823; x_wconf 86' lang='lat' dir='ltr'>namque,</span> <span class='ocrx_word' id='word_1_295' title='bbox 1946 1776 2089 1823; x_wconf 88' lang='lat' dir='ltr'>inquit,</span> 
     </span>
     <span class='ocr_line' id='line_1_29' title="bbox 341 1835 2093 1882; baseline -0.003 -8"><span class='ocrx_word' id='word_1_296' title='bbox 341 1846 379 1875; x_wconf 86' lang='lat' dir='ltr'>et</span> <span class='ocrx_word' id='word_1_297' title='bbox 404 1840 501 1874; x_wconf 86' lang='lat' dir='ltr'>vires</span> <span class='ocrx_word' id='word_1_298' title='bbox 526 1839 638 1873; x_wconf 90' lang='lat' dir='ltr'>unius</span> <span class='ocrx_word' id='word_1_299' title='bbox 664 1838 828 1873; x_wconf 89' lang='lat' dir='ltr'>hominis</span> <span class='ocrx_word' id='word_1_300' title='bbox 853 1837 955 1871; x_wconf 89' lang='lat' dir='ltr'>haud</span> <span class='ocrx_word' id='word_1_301' title='bbox 973 1836 1188 1872; x_wconf 86' lang='lat' dir='ltr'>sufficerent</span> <span class='ocrx_word' id='word_1_302' title='bbox 1204 1836 1363 1871; x_wconf 90' lang='lat' dir='ltr'>editioni</span> <span class='ocrx_word' id='word_1_303' title='bbox 1381 1836 1619 1871; x_wconf 88' lang='lat' dir='ltr'>adornandae</span> <span class='ocrx_word' id='word_1_304' title='bbox 1638 1835 1672 1871; x_wconf 84' lang='lat' dir='ltr'>S.</span> <span class='ocrx_word' id='word_1_305' title='bbox 1695 1835 1982 1870; x_wconf 84' lang='lat' dir='ltr'>Bonaventurae</span> <span class='ocrx_word' id='word_1_306' title='bbox 2005 1847 2093 1882; x_wconf 89' lang='lat' dir='ltr'>ope-</span> 
     </span>
     <span class='ocr_line' id='line_1_30' title="bbox 341 1894 2092 1944; baseline -0.003 -10"><span class='ocrx_word' id='word_1_307' title='bbox 341 1912 423 1934; x_wconf 88' lang='lat' dir='ltr'>rum</span> <span class='ocrx_word' id='word_1_308' title='bbox 450 1911 493 1933; x_wconf 92' lang='lat' dir='ltr'>eo</span> <span class='ocrx_word' id='word_1_309' title='bbox 519 1898 640 1943; x_wconf 89' lang='lat' dir='ltr'>modo,</span> <span class='ocrx_word' id='word_1_310' title='bbox 669 1909 743 1944; x_wconf 89' lang='lat' dir='ltr'>quo</span> <span class='ocrx_word' id='word_1_311' title='bbox 768 1909 836 1931; x_wconf 90' lang='lat' dir='ltr'>nos</span> <span class='ocrx_word' id='word_1_312' title='bbox 861 1908 1047 1943; x_wconf 87' lang='lat' dir='ltr'>paramus.</span> <span class='ocrx_word' id='word_1_313' title='bbox 1074 1894 1348 1930; x_wconf 89' lang='lat' dir='ltr'>Huiuscemodi</span> <span class='ocrx_word' id='word_1_314' title='bbox 1374 1894 1580 1930; x_wconf 87' lang='lat' dir='ltr'>editionem</span> <span class='ocrx_word' id='word_1_315' title='bbox 1606 1907 1734 1929; x_wconf 88' lang='lat' dir='ltr'>curare</span> <span class='ocrx_word' id='word_1_316' title='bbox 1752 1906 1847 1940; x_wconf 90' lang='lat' dir='ltr'>opus</span> <span class='ocrx_word' id='word_1_317' title='bbox 1869 1898 1926 1929; x_wconf 90' lang='lat' dir='ltr'>est</span> <span class='ocrx_word' id='word_1_318' title='bbox 1947 1906 2092 1940; x_wconf 90' lang='lat' dir='ltr'>perma-</span> 
     </span>
     <span class='ocr_line' id='line_1_31' title="bbox 342 1953 2091 2004; baseline -0.003 -12"><span class='ocrx_word' id='word_1_319' title='bbox 342 1971 477 2004; x_wconf 63' lang='lat' dir='ltr'>gnum,</span> <span class='ocrx_word' id='word_1_320' title='bbox 505 1957 607 2004; x_wconf 90' lang='lat' dir='ltr'>quod</span> <span class='ocrx_word' id='word_1_321' title='bbox 632 1955 842 2003; x_wconf 87' lang='lat' dir='ltr'>promoveri</span> <span class='ocrx_word' id='word_1_322' title='bbox 870 1959 908 1989; x_wconf 91' lang='lat' dir='ltr'>et</span> <span class='ocrx_word' id='word_1_323' title='bbox 932 1954 1063 2001; x_wconf 84' lang='lat' dir='ltr'>perfici</span> <span class='ocrx_word' id='word_1_324' title='bbox 1090 1954 1224 2001; x_wconf 89' lang='lat' dir='ltr'>nequit</span> <span class='ocrx_word' id='word_1_325' title='bbox 1253 1954 1327 1988; x_wconf 88' lang='lat' dir='ltr'>nisi</span> <span class='ocrx_word' id='word_1_326' title='bbox 1345 1966 1367 1988; x_wconf 91' lang='lat' dir='ltr'>a</span> <span class='ocrx_word' id='word_1_327' title='bbox 1384 1954 1552 2000; x_wconf 87' lang='lat' dir='ltr'>plurium</span> <span class='ocrx_word' id='word_1_328' title='bbox 1582 1954 1748 1988; x_wconf 86' lang='lat' dir='ltr'>virorum</span> <span class='ocrx_word' id='word_1_329' title='bbox 1766 1953 1958 1999; x_wconf 89' lang='lat' dir='ltr'>societate,</span> <span class='ocrx_word' id='word_1_330' title='bbox 1984 1953 2091 1988; x_wconf 88' lang='lat' dir='ltr'>cuius</span> 
     </span>
     <span class='ocr_line' id='line_1_32' title="bbox 342 2011 2092 2061; baseline -0.003 -10"><span class='ocrx_word' id='word_1_331' title='bbox 342 2016 535 2061; x_wconf 88' lang='lat' dir='ltr'>membris,</span> <span class='ocrx_word' id='word_1_332' title='bbox 563 2020 681 2050; x_wconf 88' lang='lat' dir='ltr'>morte</span> <span class='ocrx_word' id='word_1_333' title='bbox 706 2018 772 2049; x_wconf 87' lang='lat' dir='ltr'>aut</span> <span class='ocrx_word' id='word_1_334' title='bbox 796 2014 870 2048; x_wconf 87' lang='lat' dir='ltr'>alia</span> <span class='ocrx_word' id='word_1_335' title='bbox 896 2026 1008 2048; x_wconf 88' lang='lat' dir='ltr'>causa</span> <span class='ocrx_word' id='word_1_336' title='bbox 1034 2012 1315 2054; x_wconf 83' lang='lat' dir='ltr'>deficientibus,</span> <span class='ocrx_word' id='word_1_337' title='bbox 1343 2012 1418 2047; x_wconf 90' lang='lat' dir='ltr'>alia</span> <span class='ocrx_word' id='word_1_338' title='bbox 1435 2012 1615 2047; x_wconf 86' lang='lat' dir='ltr'>substitui</span> <span class='ocrx_word' id='word_1_339' title='bbox 1633 2012 1781 2059; x_wconf 88' lang='lat' dir='ltr'>possint</span> <span class='ocrx_word' id='word_1_340' title='bbox 1804 2011 1852 2046; x_wconf 93' lang='lat' dir='ltr'>ab</span> <span class='ocrx_word' id='word_1_341' title='bbox 1874 2024 1917 2046; x_wconf 89' lang='lat' dir='ltr'>eo</span> <span class='ocrx_word' id='word_1_342' title='bbox 1943 2012 2009 2059; x_wconf 91' lang='lat' dir='ltr'>qui</span> <span class='ocrx_word' id='word_1_343' title='bbox 2036 2024 2092 2046; x_wconf 93' lang='lat' dir='ltr'>so-</span> 
     </span>
     <span class='ocr_line' id='line_1_33' title="bbox 343 2071 2093 2121; baseline -0.003 -11"><span class='ocrx_word' id='word_1_344' title='bbox 343 2075 470 2110; x_wconf 77' lang='lat' dir='ltr'>cietati</span> <span class='ocrx_word' id='word_1_345' title='bbox 495 2075 635 2121; x_wconf 83' lang='lat' dir='ltr'>praesit</span> <span class='ocrx_word' id='word_1_346' title='bbox 667 2073 727 2108; x_wconf 88' lang='lat' dir='ltr'>vel</span> <span class='ocrx_word' id='word_1_347' title='bbox 754 2085 835 2107; x_wconf 88' lang='lat' dir='ltr'>eam</span> <span class='ocrx_word' id='word_1_348' title='bbox 862 2072 1080 2107; x_wconf 82' lang='lat' dir='ltr'>instituerit.</span> <span class='ocrx_word' id='word_1_349' title='bbox 1107 2071 1168 2106; x_wconf 81' lang='lat' dir='ltr'>Ad</span> <span class='ocrx_word' id='word_1_350' title='bbox 1194 2071 1307 2106; x_wconf 89' lang='lat' dir='ltr'>huius</span> <span class='ocrx_word' id='word_1_351' title='bbox 1345 2072 1494 2117; x_wconf 78' lang='lat' dir='ltr'>generis</span> <span class='ocrx_word' id='word_1_352' title='bbox 1532 2072 1729 2106; x_wconf 85' lang='lat' dir='ltr'>societates</span> <span class='ocrx_word' id='word_1_353' title='bbox 1766 2071 2017 2106; x_wconf 89' lang='lat' dir='ltr'>instituendas</span> <span class='ocrx_word' id='word_1_354' title='bbox 2055 2074 2093 2105; x_wconf 89' lang='lat' dir='ltr'>et</span> 
     </span>
     <span class='ocr_line' id='line_1_34' title="bbox 343 2129 2093 2176; baseline -0.003 -8"><span class='ocrx_word' id='word_1_355' title='bbox 343 2133 543 2169; x_wconf 79' lang='lat' dir='ltr'>servandas</span> <span class='ocrx_word' id='word_1_356' title='bbox 567 2133 731 2166; x_wconf 83' lang='lat' dir='ltr'>maxime</span> <span class='ocrx_word' id='word_1_357' title='bbox 756 2131 882 2166; x_wconf 89' lang='lat' dir='ltr'>idonei</span> <span class='ocrx_word' id='word_1_358' title='bbox 920 2135 1009 2165; x_wconf 87' lang='lat' dir='ltr'>sunt</span> <span class='ocrx_word' id='word_1_359' title='bbox 1048 2129 1208 2165; x_wconf 86' lang='lat' dir='ltr'>Ordines</span> <span class='ocrx_word' id='word_1_360' title='bbox 1237 2130 1429 2175; x_wconf 79' lang='lat' dir='ltr'>regulares</span> <span class='ocrx_word' id='word_1_361' title='bbox 1468 2134 1505 2164; x_wconf 88' lang='lat' dir='ltr'>ct</span> <span class='ocrx_word' id='word_1_362' title='bbox 1543 2130 1858 2176; x_wconf 73' lang='lat' dir='ltr'>congregationes</span> <span class='ocrx_word' id='word_1_363' title='bbox 1895 2130 2093 2165; x_wconf 89' lang='lat' dir='ltr'>hominum</span> 
     </span>
     <span class='ocr_line' id='line_1_35' title="bbox 342 2189 2117 2237; baseline -0.003 -10"><span class='ocrx_word' id='word_1_364' title='bbox 342 2193 620 2237; x_wconf 63' lang='lat' dir='ltr'>religiosorum,</span> <span class='ocrx_word' id='word_1_365' title='bbox 646 2191 703 2225; x_wconf 88' lang='lat' dir='ltr'>uti</span> <span class='ocrx_word' id='word_1_366' title='bbox 728 2190 903 2236; x_wconf 84' lang='lat' dir='ltr'>exempla</span> <span class='ocrx_word' id='word_1_367' title='bbox 927 2189 1038 2235; x_wconf 89' lang='lat' dir='ltr'>plura</span> <span class='ocrx_word' id='word_1_368' title='bbox 1062 2189 1351 2234; x_wconf 89' lang='lat' dir='ltr'>praeteritorum</span> <span class='ocrx_word' id='word_1_369' title='bbox 1377 2193 1593 2234; x_wconf 88' lang='lat' dir='ltr'>temporum</span> <span class='ocrx_word' id='word_1_370' title='bbox 1617 2193 1731 2235; x_wconf 87' lang='lat' dir='ltr'>atque</span> <span class='ocrx_word' id='word_1_371' title='bbox 1749 2189 1863 2223; x_wconf 88' lang='lat' dir='ltr'>etiam</span> <span class='ocrx_word' id='word_1_372' title='bbox 1881 2193 2093 2223; x_wconf 86' lang='lat' dir='ltr'>nostrorum</span> <span class='ocrx_word' id='word_1_373' title='bbox 2114 2208 2117 2209; x_wconf 31' lang='grc' dir='ltr'><em>ν</em></span> 
     </span>
     <span class='ocr_line' id='line_1_36' title="bbox 341 2247 2093 2296; baseline -0.003 -10"><span class='ocrx_word' id='word_1_374' title='bbox 341 2251 492 2286; x_wconf 88' lang='lat' dir='ltr'>abunde</span> <span class='ocrx_word' id='word_1_375' title='bbox 518 2255 711 2285; x_wconf 83' lang='lat' dir='ltr'>testantur.</span> <span class='ocrx_word' id='word_1_376' title='bbox 738 2248 871 2296; x_wconf 86' lang='lat' dir='ltr'>Neque</span> <span class='ocrx_word' id='word_1_377' title='bbox 898 2248 999 2295; x_wconf 89' lang='lat' dir='ltr'>quod</span> <span class='ocrx_word' id='word_1_378' title='bbox 1024 2247 1153 2294; x_wconf 89' lang='lat' dir='ltr'>plures</span> <span class='ocrx_word' id='word_1_379' title='bbox 1180 2247 1251 2281; x_wconf 83' lang='lat' dir='ltr'>viri</span> <span class='ocrx_word' id='word_1_380' title='bbox 1284 2252 1322 2281; x_wconf 88' lang='lat' dir='ltr'>et</span> <span class='ocrx_word' id='word_1_381' title='bbox 1359 2259 1426 2293; x_wconf 90' lang='lat' dir='ltr'>per</span> <span class='ocrx_word' id='word_1_382' title='bbox 1457 2247 1585 2293; x_wconf 85' lang='lat' dir='ltr'>plures</span> <span class='ocrx_word' id='word_1_383' title='bbox 1621 2259 1755 2293; x_wconf 84' lang='lat' dir='ltr'>annos,</span> <span class='ocrx_word' id='word_1_384' title='bbox 1788 2260 1810 2281; x_wconf 83' lang='lat' dir='ltr'>a</span> <span class='ocrx_word' id='word_1_385' title='bbox 1841 2247 1974 2281; x_wconf 89' lang='lat' dir='ltr'>ceteris</span> <span class='ocrx_word' id='word_1_386' title='bbox 2011 2247 2093 2293; x_wconf 90' lang='lat' dir='ltr'>qui-</span> 
     </span>
     <span class='ocr_line' id='line_1_37' title="bbox 343 2305 2092 2357; baseline -0.003 -12"><span class='ocrx_word' id='word_1_387' title='bbox 343 2311 578 2357; x_wconf 82' lang='lat' dir='ltr'>buscumque</span> <span class='ocrx_word' id='word_1_388' title='bbox 605 2309 704 2344; x_wconf 91' lang='lat' dir='ltr'>curis</span> <span class='ocrx_word' id='word_1_389' title='bbox 729 2307 910 2353; x_wconf 90' lang='lat' dir='ltr'>absoluti,</span> <span class='ocrx_word' id='word_1_390' title='bbox 938 2307 977 2341; x_wconf 89' lang='grc'>111</span> <span class='ocrx_word' id='word_1_391' title='bbox 1003 2319 1123 2340; x_wconf 89' lang='grc'><strong>111111111</strong></span> <span class='ocrx_word' id='word_1_392' title='bbox 1147 2318 1245 2352; x_wconf 86' lang='grc'><strong>110110</strong></span> <span class='ocrx_word' id='word_1_393' title='bbox 1272 2305 1440 2340; x_wconf 84' lang='lat' dir='ltr'>laborem</span> <span class='ocrx_word' id='word_1_394' title='bbox 1465 2305 1700 2351; x_wconf 84' lang='lat' dir='ltr'>incumbant,</span> <span class='ocrx_word' id='word_1_395' title='bbox 1727 2306 1967 2352; x_wconf 84' lang='lat' dir='ltr'>antiquitatis</span> <span class='ocrx_word' id='word_1_396' title='bbox 1984 2318 2092 2340; x_wconf 90' lang='lat' dir='ltr'>anec-</span> 
     </span>
     <span class='ocr_line' id='line_1_38' title="bbox 341 2364 2092 2411; baseline -0.002 -8"><span class='ocrx_word' id='word_1_397' title='bbox 341 2370 429 2405; x_wconf 87' lang='lat' dir='ltr'>dota</span> <span class='ocrx_word' id='word_1_398' title='bbox 454 2372 700 2404; x_wconf 89' lang='lat' dir='ltr'>monumenta</span> <span class='ocrx_word' id='word_1_399' title='bbox 724 2372 762 2402; x_wconf 91' lang='lat' dir='ltr'>et</span> <span class='ocrx_word' id='word_1_400' title='bbox 786 2366 1035 2401; x_wconf 89' lang='lat' dir='ltr'>celebriorum</span> <span class='ocrx_word' id='word_1_401' title='bbox 1061 2370 1258 2399; x_wconf 84' lang='lat' dir='ltr'>auctorum</span> <span class='ocrx_word' id='word_1_402' title='bbox 1284 2377 1396 2411; x_wconf 89' lang='lat' dir='ltr'>opera</span> <span class='ocrx_word' id='word_1_403' title='bbox 1421 2365 1461 2398; x_wconf 90' lang='lat' dir='ltr'>in</span> <span class='ocrx_word' id='word_1_404' title='bbox 1488 2364 1614 2398; x_wconf 89' lang='lat' dir='ltr'>lucem</span> <span class='ocrx_word' id='word_1_405' title='bbox 1645 2364 1796 2411; x_wconf 88' lang='lat' dir='ltr'>edendi,</span> <span class='ocrx_word' id='word_1_406' title='bbox 1836 2369 1902 2399; x_wconf 90' lang='lat' dir='ltr'>aut</span> <span class='ocrx_word' id='word_1_407' title='bbox 1940 2377 2092 2411; x_wconf 87' lang='lat' dir='ltr'>operam</span> 
     </span>
     <span class='ocr_line' id='line_1_39' title="bbox 341 2423 2091 2475; baseline -0.003 -12"><span class='ocrx_word' id='word_1_408' title='bbox 341 2428 448 2475; x_wconf 83' lang='lat' dir='ltr'>perdi</span> <span class='ocrx_word' id='word_1_409' title='bbox 473 2433 539 2462; x_wconf 91' lang='lat' dir='ltr'>aut</span> <span class='ocrx_word' id='word_1_410' title='bbox 565 2428 690 2462; x_wconf 89' lang='lat' dir='ltr'>minus</span> <span class='ocrx_word' id='word_1_411' title='bbox 717 2426 893 2461; x_wconf 87' lang='lat' dir='ltr'>utilitatis</span> <span class='ocrx_word' id='word_1_412' title='bbox 918 2424 1007 2459; x_wconf 91' lang='lat' dir='ltr'>inde</span> <span class='ocrx_word' id='word_1_413' title='bbox 1032 2423 1225 2459; x_wconf 84' lang='lat' dir='ltr'>Ecclesiae</span> <span class='ocrx_word' id='word_1_414' title='bbox 1252 2428 1290 2457; x_wconf 88' lang='lat' dir='ltr'>ct</span> <span class='ocrx_word' id='word_1_415' title='bbox 1314 2423 1513 2458; x_wconf 87' lang='lat' dir='ltr'>hominum</span> <span class='ocrx_word' id='word_1_416' title='bbox 1539 2423 1709 2458; x_wconf 87' lang='lat' dir='ltr'>societati</span> <span class='ocrx_word' id='word_1_417' title='bbox 1733 2424 1952 2469; x_wconf 86' lang='lat' dir='ltr'>provenire,</span> <span class='ocrx_word' id='word_1_418' title='bbox 1977 2435 2091 2470; x_wconf 88' lang='lat' dir='ltr'>quam</span> 
     </span>
     <span class='ocr_line' id='line_1_40' title="bbox 341 2481 2091 2530; baseline -0.003 -8"><span class='ocrx_word' id='word_1_419' title='bbox 341 2489 371 2522; x_wconf 80' lang='lat' dir='ltr'>si</span> <span class='ocrx_word' id='word_1_420' title='bbox 397 2487 482 2522; x_wconf 88' lang='lat' dir='ltr'>aliis</span> <span class='ocrx_word' id='word_1_421' title='bbox 507 2490 685 2521; x_wconf 86' lang='lat' dir='ltr'>vacarent</span> <span class='ocrx_word' id='word_1_422' title='bbox 709 2485 767 2519; x_wconf 90' lang='lat' dir='ltr'>illi</span> <span class='ocrx_word' id='word_1_423' title='bbox 793 2484 945 2530; x_wconf 87' lang='lat' dir='ltr'>studiis,</span> <span class='ocrx_word' id='word_1_424' title='bbox 973 2482 1205 2518; x_wconf 88' lang='lat' dir='ltr'>censendum</span> <span class='ocrx_word' id='word_1_425' title='bbox 1231 2486 1297 2516; x_wconf 87' lang='lat' dir='ltr'>est.</span> <span class='ocrx_word' id='word_1_426' title='bbox 1333 2481 1431 2517; x_wconf 88' lang='lat' dir='ltr'>Nam</span> <span class='ocrx_word' id='word_1_427' title='bbox 1469 2482 1611 2528; x_wconf 89' lang='lat' dir='ltr'>optime</span> <span class='ocrx_word' id='word_1_428' title='bbox 1650 2481 1825 2517; x_wconf 87' lang='lat' dir='ltr'>observat</span> <span class='ocrx_word' id='word_1_429' title='bbox 1861 2481 2091 2517; x_wconf 86' lang='lat' dir='ltr'>clarissimus</span> 
     </span>
     <span class='ocr_line' id='line_1_41' title="bbox 342 2540 2090 2587; baseline -0.004 -6"><span class='ocrx_word' id='word_1_430' title='bbox 342 2546 380 2581; x_wconf 88' lang='lat' dir='ltr'>P.</span> <span class='ocrx_word' id='word_1_431' title='bbox 408 2545 631 2581; x_wconf 84' lang='lat' dir='ltr'>Franciseus</span> <span class='ocrx_word' id='word_1_432' title='bbox 646 2543 835 2580; x_wconf 86' lang='lat' dir='ltr'>Combefis</span> <span class='ocrx_word' id='word_1_433' title='bbox 849 2543 1001 2578; x_wconf 89' lang='lat' dir='ltr'>Ordinis</span> <span class='ocrx_word' id='word_1_434' title='bbox 1015 2541 1322 2576; x_wconf 84' lang='lat' dir='ltr'>Praedicatorum</span> <span class='ocrx_word' id='word_1_435' title='bbox 1339 2541 1350 2558; x_wconf 78' lang='lat'><em>³</em></span> <span class='ocrx_word' id='word_1_436' title='bbox 1384 2556 1397 2572; x_wconf 89' lang='lat'>«</span> <span class='ocrx_word' id='word_1_437' title='bbox 1411 2540 1588 2587; x_wconf 75' lang='lat' dir='ltr'>plusfere</span> <span class='ocrx_word' id='word_1_438' title='bbox 1614 2541 1746 2575; x_wconf 89' lang='lat' dir='ltr'>mereri</span> <span class='ocrx_word' id='word_1_439' title='bbox 1764 2541 1810 2574; x_wconf 90' lang='lat' dir='ltr'>de</span> <span class='ocrx_word' id='word_1_440' title='bbox 1844 2554 1881 2575; x_wconf 88' lang='lat' dir='ltr'>re</span> <span class='ocrx_word' id='word_1_441' title='bbox 1920 2540 2090 2575; x_wconf 87' lang='lat' dir='ltr'>christia-</span> 
     </span>
     <span class='ocr_line' id='line_1_42' title="bbox 341 2598 2089 2650; baseline -0.004 -10"><span class='ocrx_word' id='word_1_442' title='bbox 341 2618 389 2640; x_wconf 86' lang='lat' dir='ltr'>na</span> <span class='ocrx_word' id='word_1_443' title='bbox 413 2618 456 2640; x_wconf 87' lang='lat' dir='ltr'>ac</span> <span class='ocrx_word' id='word_1_444' title='bbox 482 2604 677 2650; x_wconf 86' lang='lat' dir='ltr'>litteraria,</span> <span class='ocrx_word' id='word_1_445' title='bbox 706 2603 772 2650; x_wconf 88' lang='lat' dir='ltr'>qui</span> <span class='ocrx_word' id='word_1_446' title='bbox 799 2602 1001 2649; x_wconf 90' lang='lat' dir='ltr'>superioris</span> <span class='ocrx_word' id='word_1_447' title='bbox 1026 2600 1160 2635; x_wconf 82' lang='lat' dir='ltr'>aetatis</span> <span class='ocrx_word' id='word_1_448' title='bbox 1186 2599 1442 2634; x_wconf 88' lang='lat' dir='ltr'>ecclesiastica</span> <span class='ocrx_word' id='word_1_449' title='bbox 1467 2604 1727 2646; x_wconf 89' lang='lat' dir='ltr'>monumenta,</span> <span class='ocrx_word' id='word_1_450' title='bbox 1760 2599 1899 2646; x_wconf 88' lang='lat' dir='ltr'>quibus</span> <span class='ocrx_word' id='word_1_451' title='bbox 1930 2599 1996 2633; x_wconf 81' lang='lat' dir='ltr'>lux</span> <span class='ocrx_word' id='word_1_452' title='bbox 2022 2598 2089 2633; x_wconf 89' lang='lat' dir='ltr'>ali-</span> 
     </span>
     <span class='ocr_line' id='line_1_43' title="bbox 342 2656 2088 2711; baseline -0.004 -13"><span class='ocrx_word' id='word_1_453' title='bbox 342 2677 414 2711; x_wconf 84' lang='lat' dir='ltr'>qua</span> <span class='ocrx_word' id='word_1_454' title='bbox 441 2664 609 2698; x_wconf 84' lang='lat' dir='ltr'>veritatis</span> <span class='ocrx_word' id='word_1_455' title='bbox 636 2662 879 2707; x_wconf 87' lang='lat' dir='ltr'>accendatur,</span> <span class='ocrx_word' id='word_1_456' title='bbox 907 2660 1077 2706; x_wconf 88' lang='lat' dir='ltr'>fidesque</span> <span class='ocrx_word' id='word_1_457' title='bbox 1102 2671 1145 2693; x_wconf 90' lang='lat' dir='ltr'>ac</span> <span class='ocrx_word' id='word_1_458' title='bbox 1164 2656 1316 2693; x_wconf 81' lang='lat' dir='ltr'>traditio</span> <span class='ocrx_word' id='word_1_459' title='bbox 1335 2657 1575 2704; x_wconf 86' lang='lat' dir='ltr'>defendatur,</span> <span class='ocrx_word' id='word_1_460' title='bbox 1597 2658 1728 2693; x_wconf 88' lang='lat' dir='ltr'>sedulo</span> <span class='ocrx_word' id='word_1_461' title='bbox 1745 2658 1931 2692; x_wconf 86' lang='lat' dir='ltr'>recensita</span> <span class='ocrx_word' id='word_1_462' title='bbox 1947 2658 1986 2691; x_wconf 91' lang='lat' dir='ltr'>in</span> <span class='ocrx_word' id='word_1_463' title='bbox 2005 2657 2088 2691; x_wconf 89' lang='lat' dir='ltr'>vul-</span> 
     </span>
     <span class='ocr_line' id='line_1_44' title="bbox 342 2716 2084 2769; baseline -0.004 -12"><span class='ocrx_word' id='word_1_464' title='bbox 342 2736 412 2766; x_wconf 56' lang='lat' dir='ltr'>gus</span> <span class='ocrx_word' id='word_1_465' title='bbox 438 2722 566 2767; x_wconf 89' lang='lat' dir='ltr'>edant,</span> <span class='ocrx_word' id='word_1_466' title='bbox 596 2734 710 2769; x_wconf 85' lang='lat' dir='ltr'>quam</span> <span class='ocrx_word' id='word_1_467' title='bbox 737 2721 803 2767; x_wconf 88' lang='lat' dir='ltr'>qui</span> <span class='ocrx_word' id='word_1_468' title='bbox 829 2732 895 2755; x_wconf 89' lang='lat' dir='ltr'>suo</span> <span class='ocrx_word' id='word_1_469' title='bbox 922 2723 1039 2753; x_wconf 89' lang='lat' dir='ltr'>marte</span> <span class='ocrx_word' id='word_1_470' title='bbox 1057 2730 1100 2752; x_wconf 89' lang='lat' dir='ltr'>ac</span> <span class='ocrx_word' id='word_1_471' title='bbox 1118 2717 1274 2763; x_wconf 77' lang='lat' dir='ltr'>ingenio</span> <span class='ocrx_word' id='word_1_472' title='bbox 1298 2717 1375 2751; x_wconf 86' lang='lat' dir='ltr'>suis</span> <span class='ocrx_word' id='word_1_473' title='bbox 1405 2717 1514 2752; x_wconf 87' lang='lat' dir='ltr'>novis</span> <span class='ocrx_word' id='word_1_474' title='bbox 1540 2716 1733 2752; x_wconf 85' lang='lat' dir='ltr'>Ecclesiae</span> <span class='ocrx_word' id='word_1_475' title='bbox 1755 2729 1915 2751; x_wconf 88' lang='lat' dir='ltr'>messem</span> <span class='ocrx_word' id='word_1_476' title='bbox 1932 2720 2084 2762; x_wconf 77' lang='lat' dir='ltr'>augent.</span> 
     </span>
    </p>
   </div>
   <div class='ocr_carea' id='block_1_3' title="bbox 931 2811 1487 2818">
    <p class='ocr_par' dir='ltr' id='par_1_5' title="bbox 931 2811 1487 2818">
     <span class='ocr_line' id='line_1_45' title="bbox 931 2811 1487 2818; baseline 0 0"><span class='ocrx_word' id='word_1_477' title='bbox 931 2811 1487 2818; x_wconf 95' lang='lat' dir='ltr'> </span> 
     </span>
    </p>
   </div>
   <div class='ocr_carea' id='block_1_4' title="bbox 434 2874 1695 2989">
    <p class='ocr_par' dir='ltr' id='par_1_6' title="bbox 434 2874 1695 2989">
     <span class='ocr_line' id='line_1_46' title="bbox 436 2874 939 2903; baseline -0.004 -5"><span class='ocrx_word' id='word_1_478' title='bbox 436 2877 442 2890; x_wconf 81' lang='lat'>¹</span> <span class='ocrx_word' id='word_1_479' title='bbox 461 2877 578 2903; x_wconf 56' lang='lat' dir='ltr'>simplem.</span> <span class='ocrx_word' id='word_1_480' title='bbox 597 2879 651 2897; x_wconf 83' lang='lat' dir='ltr'>lom.</span> <span class='ocrx_word' id='word_1_481' title='bbox 670 2876 700 2897; x_wconf 88' lang='grc' dir='ltr'>ΙΙΙ.</span> <span class='ocrx_word' id='word_1_482' title='bbox 719 2875 828 2902; x_wconf 73' lang='lat' dir='ltr'>praefatio</span> <span class='ocrx_word' id='word_1_483' title='bbox 847 2880 900 2902; x_wconf 72' lang='lat' dir='ltr'>pag.</span> <span class='ocrx_word' id='word_1_484' title='bbox 919 2874 939 2896; x_wconf 76' lang='lat'>8.</span> 
     </span>
     <span class='ocr_line' id='line_1_47' title="bbox 434 2918 740 2946; baseline -0.007 -5"><span class='ocrx_word' id='word_1_485' title='bbox 434 2919 444 2933; x_wconf 76' lang='lat'><strong>²</strong></span> <span class='ocrx_word' id='word_1_486' title='bbox 462 2920 541 2946; x_wconf 67' lang='lat' dir='ltr'>Balio,</span> <span class='ocrx_word' id='word_1_487' title='bbox 558 2925 611 2946; x_wconf 69' lang='lat' dir='ltr'>pag.</span> <span class='ocrx_word' id='word_1_488' title='bbox 629 2918 658 2939; x_wconf 72' lang='grc'>55</span> <span class='ocrx_word' id='word_1_489' title='bbox 677 2924 740 2946; x_wconf 75' lang='lat' dir='ltr'>seqq.</span> 
     </span>
     <span class='ocr_line' id='line_1_48' title="bbox 435 2956 1695 2989; baseline -0.005 -5"><span class='ocrx_word' id='word_1_490' title='bbox 435 2962 444 2977; x_wconf 78' lang='grc'>3</span> <span class='ocrx_word' id='word_1_491' title='bbox 462 2962 564 2984; x_wconf 71' lang='grc'><strong>8111110111.</strong></span> <span class='ocrx_word' id='word_1_492' title='bbox 582 2962 721 2983; x_wconf 82' lang='lat' dir='ltr'>Graecorum</span> <span class='ocrx_word' id='word_1_493' title='bbox 741 2961 792 2989; x_wconf 64' lang='lat' dir='ltr'>PR,</span> <span class='ocrx_word' id='word_1_494' title='bbox 811 2962 900 2982; x_wconf 68' lang='lat' dir='ltr'>Auctar.</span> <span class='ocrx_word' id='word_1_495' title='bbox 919 2960 1020 2988; x_wconf 47' lang='lat' dir='ltr'>noviss„</span> <span class='ocrx_word' id='word_1_496' title='bbox 1040 2960 1107 2981; x_wconf 71' lang='lat' dir='ltr'>Paris.</span> <span class='ocrx_word' id='word_1_497' title='bbox 1130 2958 1201 2986; x_wconf 67' lang='lat'>1672,</span> <span class='ocrx_word' id='word_1_498' title='bbox 1220 2958 1242 2979; x_wconf 81' lang='grc' dir='ltr'>Ρ.</span> <span class='ocrx_word' id='word_1_499' title='bbox 1263 2958 1276 2979; x_wconf 91' lang='grc' dir='ltr'>Ι.</span> <span class='ocrx_word' id='word_1_500' title='bbox 1295 2958 1315 2979; x_wconf 78' lang='grc'>111</span> <span class='ocrx_word' id='word_1_501' title='bbox 1334 2958 1515 2985; x_wconf 73' lang='lat' dir='ltr'>praemonitione</span> <span class='ocrx_word' id='word_1_502' title='bbox 1533 2956 1562 2979; x_wconf 75' lang='lat' dir='ltr'>ad</span> <span class='ocrx_word' id='word_1_503' title='bbox 1579 2957 1695 2979; x_wconf 75' lang='lat' dir='ltr'>lectorem.</span> 
     </span>
    </p>
   </div>
  </div>
 </body>
</html>
