2253 3317
21 357 94 384 solutio
103 361 135 380 op-

0 388 1 397 l
11 382 121 405 posntorum.

13 829 127 849 Notandum.

0 2181 1 2219 i
15 2192 45 2211 Ad
57 2191 131 2215 opposi-

0 2224 1 2233 l

670 137 752 166 DIST.
775 138 829 168 XV.
851 138 877 166 P.
900 138 929 166 11.
951 138 1024 167 ART.
1047 138 1161 168 UNICUS
1183 139 1317 176 QUAEST.
1341 140 1369 168 Π.

141 215 287 244 nisestatur
302 214 386 243 Filius
400 214 445 243 vel
459 214 579 251 Spiritus
594 217 706 244 sanctus
714 226 721 249 3
735 218 763 244 et
777 215 816 244 sic
830 215 986 253 procedunt

141 261 262 289 rationes
281 260 317 289 ad
338 259 459 297 primam
479 263 596 298 partem.

223 308 246 335 1.
268 306 355 335 Nam¹
377 306 416 335 sic
436 306 647 343 intelligendum
669 311 711 336 est
729 308 848 336 verbum
869 308 986 343 Rabani;

144 353 202 390 ipse
223 353 297 381 enim
318 352 510 381 communiter
536 353 660 390 loquitur
681 353 715 382 de
737 354 883 389 missione;
910 355 986 383 unde

143 399 221 433 dicit,
236 399 370 436 Spiritum
388 401 516 428 sanctum
534 402 576 428 ter
591 400 696 428 datum.
708 400 878 437 Augustinus
891 403 986 429 autem

142 446 233 475 solum
247 445 372 482 loquitur
393 445 428 474 de
449 445 559 474 datione
574 446 618 474 vel
639 446 781 481 missione,
803 454 874 483 quae
895 450 937 476 est
951 447 986 476 ad

142 492 325 521 habitandum
346 492 390 521 vel
410 492 573 529 simpliciter
594 492 763 521 habendum.

220 539 246 566 Ξ.
268 538 308 567 Ad
328 538 398 567 iilud
420 539 496 575 quod
515 538 645 567 obiicitur
666 539 701 568 de
715 539 876 576 prophetia=
898 540 988 569 dicen-

142 585 226 619 dum,
248 585 323 622 quod
347 594 405 613 uno
426 585 510 614 modo
531 585 615 614 datur
635 586 663 613 in
685 593 717 614 ea
738 586 857 623 Spiritus
875 589 987 615 sanctus

142 631 318 668 simpliciter,
339 635 423 668 prout
444 632 504 669 ipsa
531 631 598 660 dicit
625 632 810 668 cognitionem
831 633 987 661 secundum

142 676 319 705 idoneitatem
341 677 517 714 suscipientis
531 680 558 706 et
572 678 727 707 secundum
742 678 873 715 pietatem
885 678 895 694 2
911 686 988 708 exse-

141 723 259 760 quentis.
282 723 348 752 Alio
369 724 464 759 modo,
485 727 570 762 prout
584 728 625 754 est
640 725 772 754 revelatio
784 725 810 759 ³,
830 733 885 753 non
904 726 987 754 datur

142 770 169 799 in
189 778 221 799 ea
243 771 362 808 Spiritus
382 771 553 809 simpliciter
575 772 633 800 sive
655 780 710 800 non
735 772 854 801 mittitur
876 772 929 801 nisi
948 773 989 801 ad

143 816 202 846 hoc.
219 818 295 846 Unde
316 826 370 846 non
386 818 488 847 dicitur
510 819 537 847 in
558 818 631 847 libro
646 819 763 855 Regum.
778 819 854 855 quod
868 819 987 856 Spiritus

143 867 255 893 sanctus
276 864 312 893 sit
332 864 436 894 missus
457 865 498 894 ad
517 865 595 894 Saul.
617 865 661 894 vel
681 865 771 894 factus
791 865 822 893 in
836 866 916 900 Saul,
938 866 987 895 sed

140 919 229 948 super
246 911 320 939 Saul.

1831 144 1884 172 ο271

1120 216 1145 245 3.
1168 216 1207 245 Ad
1222 216 1292 245 illud
1313 218 1389 254 quod
1403 218 1546 253 obiicitur,
1568 219 1643 256 quod
1657 220 1777 248 mittitur
1796 220 1887 254 Filius,

1042 269 1106 290 cum
1121 262 1181 291 est*
1197 262 1329 292 revelatio
1343 264 1517 293 occultorum
1523 276 1530 299 3
1552 264 1717 300 dicendum,
1739 266 1814 303 quod
1835 266 1888 294 hoc

1042 316 1097 336 non
1118 311 1160 337 est
1180 308 1208 336 in
1235 316 1413 346 quacumque
1442 310 1623 345 revelatione;
1651 319 1716 340 nam
1743 311 1836 349 aliqua
1858 312 1890 340 fit

1043 354 1188 389 revelatio,
1203 363 1258 383 303
1272 363 1323 392 per
1336 356 1497 385 missionem
1512 356 1582 391 Filii,
1597 357 1646 386 sed
1660 366 1711 395 per
1728 358 1889 387 missionem

1043 401 1150 438 Angeli;
1166 418 1204 422 -—
1215 402 1305 431 multa
1319 402 1393 431 enim
1408 403 1570 432 revelantur
1585 404 1620 432 ab
1634 404 1744 441 Angelis
1756 405 1775 440 ⁵3
1786 422 1824 426 -
1839 405 1888 434 sed

1043 448 1207 485 intelligitur
1232 449 1267 478 de
1281 449 1329 478 1113
1349 450 1526 485 revelatione,
1541 451 1568 479 in
1580 459 1636 488 qua
1649 454 1692 480 est
1705 452 1814 481 animae
1828 452 1889 481 illu-

1043 495 1141 523 stratio
1155 503 1205 532 per
1227 495 1360 532 gratiam;
1379 492 1406 525 et
1420 497 1441 525 si
1456 505 1507 534 per
1521 498 1608 534 gratis
1629 498 1738 533 datam,
1756 506 1811 527 303
1826 498 1889 528 sim-

1043 541 1153 578 pliciter
1177 541 1312 576 mittitur,
1327 542 1376 571 sed
1395 543 1417 572 si
1436 551 1487 580 per
1511 546 1622 581 gratum
1645 544 1806 580 facientem,
1822 547 1888 574 tunc

1044 587 1208 625 simpliciter
1228 588 1348 617 mittitur
1370 592 1397 618 et
1418 590 1547 618 habetur.

1122 635 1148 663 [1.
1171 635 1210 663 Ad
1234 635 1305 664 illud
1326 636 1401 673 quod
1429 636 1528 666 ultimo
1552 637 1694 672 obiicitur,
1720 638 1795 675 quod
1822 642 1889 668 tunc

1044 681 1176 716 mittitur,
1205 682 1317 718 quando
1344 683 1513 720 percipitur;
1534 684 1703 719 dicendum.
1731 686 1806 722 quod
1833 694 1889 715 non

1045 727 1146 756 sufficit
1166 736 1332 764 cognoscere
1359 729 1471 764 Filium,
1492 730 1568 767 quod
1596 730 1631 759 sit
1651 731 1687 759 ab
1715 731 1782 766 alio,
1803 732 1889 761 immo

1043 777 1166 811 oportet,
1188 775 1263 811 quod
1285 779 1446 812 cognoscat,
1467 777 1542 814 quod
1558 777 1593 806 sit
1613 778 1641 806 in
1662 778 1722 815 ipso
1736 781 1767 807 ut
1788 779 1816 807 in
1837 787 1889 808 suo

1044 820 1212 849 habitaculo.
1240 821 1294 850 Hoc
1314 824 1409 851 autem
1431 822 1492 852 dico
1513 831 1567 851 non
1588 824 1743 860 cognitione
1773 826 1890 854 necessi-

1044 867 1120 901 tatis,
1136 867 1184 896 sed
1200 868 1375 897 coniecturae
1388 869 1410 896 ⁶.
1425 877 1474 898 nec
1491 869 1525 898 de
1540 870 1695 907 cognitione
1710 871 1824 905 actuali,
1839 872 1888 901 sed

1045 914 1079 942 de
1100 914 1244 942 habituali.

879 1002 1166 1039 SCHOLION.

206 1090 220 1112 1.
237 1090 382 1118 Antiquiores
393 1090 524 1112 scholastici
542 1091 639 1118 gratiam
656 1091 732 1120 gratis
749 1090 830 1114 [latam
845 1091 988 1119 acciplebant

143 1130 164 1150 in
182 1134 250 1151 sensu
268 1128 381 1156 largiore,
400 1134 469 1157 quum
488 1129 592 1151 moderni
609 1130 724 1157 theologi,
742 1130 771 1151 ita
789 1132 813 1152 ut
829 1136 922 1152 omnem
935 1136 987 1158 gra-

142 1169 196 1190 113111
213 1166 348 1195 actualem,
368 1170 480 1196 quatenus
504 1168 651 1196 distinguitur
676 1174 688 1190 a
714 1169 785 1196 gratia
811 1168 984 1198 sanctificante,

142 1206 185 1229 sub
202 1207 245 1229 hoc
262 1207 354 1228 nomine
372 1206 578 1234 complecterentur
590 1206 639 1235 (cfr.
657 1207 681 1229 11.
701 1207 762 1229 Sent.
775 1207 797 1229 d.
811 1208 847 1229 28.
860 1214 881 1229 3.
897 1208 918 1229 2.
930 1214 952 1236 q.
967 1209 986 1230 11.

142 1246 164 1267 111
182 1250 245 1274 corp.
263 1247 285 1267 et
301 1244 355 1267 alibi
372 1245 476 1273 passim).
488 1257 520 1261 —
530 1245 647 1267 Distinctio
664 1246 686 1267 111
704 1251 768 1273 corp.
780 1246 854 1273 posita
865 1246 922 1268 inter
934 1245 989 1268 dari

141 1283 279 1313 simpliciter
296 1287 318 1306 ct.
334 1283 365 1307 acl
382 1283 425 1307 hoc
442 1284 523 1306 eadem
541 1286 575 1306 ost
600 1290 627 1306 ac
651 1284 789 1314 simpliciter
812 1288 834 1307 ct
857 1284 987 1308 seeundum

142 1321 204 1351 quid.

205 1360 228 1382 11.
246 1360 345 1382 Primam
362 1361 509 1388 opinionem,
528 1367 588 1389 quae
605 1362 673 1384 etiam
698 1360 829 1384 attribuitur
845 1362 868 1383 B.
895 1361 987 1384 Alberto

143 1401 175 1426 (1.
192 1400 252 1422 Sent.
276 1400 298 1422 d.
318 1399 353 1423 117.
371 1406 390 1422 3.
409 1400 429 1422 9.
443 1402 463 1428 1,
490 1400 511 1422 S.
536 1400 621 1422 Doctor
645 1406 690 1422 non
713 1400 833 1428 approbat.
856 1401 880 1424 B.
902 1401 986 1423 Albert.

142 1439 175 1462 sic
192 1439 261 1461 dicit:
283 1439 443 1467 «Dicendum,
462 1439 540 1468 quod,
558 1441 583 1461 ut
599 1441 667 1467 puto,
691 1445 736 1462 nou
754 1439 842 1462 dicetur
859 1441 927 1467 mitti,
946 1441 988 1462 nisi

143 1479 165 1500 iu
182 1479 274 1500 caritate
293 1478 440 1506 simpliciter,
458 1478 499 1501 sed
516 1478 646 1501 secundum
664 1478 720 1507 quid
738 1479 760 1500 in
778 1479 838 1507 aliis,
852 1482 876 1501 ut
887 1479 989 1501 mittatur

144 1516 249 1539 videlicet
267 1517 289 1538 13
307 1516 356 1539 aliis
372 1519 397 1539 ut
414 1515 518 1545 Spiritus
535 1519 581 1544 est⁷
599 1519 619 1539 el
643 1522 688 1539 non
705 1520 730 1539 ut
746 1518 844 1540 sanctus
861 1520 924 1539 est».
942 1517 988 1540 Sed

143 1555 199 1576 haec
216 1555 326 1577 sententia
343 1554 428 1577 Alberti
445 1556 467 1577 in
485 1562 509 1578 re
527 1561 571 1577 non
589 1555 681 1578 videtur
697 1561 747 1577 esse
764 1555 807 1577 alia
829 1562 841 1577 3
863 1556 987 1578 communi.

143 1593 165 1615 S.
185 1593 271 1616 Bonav.
289 1600 356 1616 suam
379 1595 511 1622 opinionem
534 1595 593 1617 iuxta
611 1594 778 1617 distinctionem
796 1594 827 1617 ibi
845 1596 926 1617 factam
949 1595 989 1617 du-

143 1632 195 1660 plici
213 1633 359 1655 conclusione
376 1634 495 1661 proponit,
508 1634 555 1655 scil.
568 1633 631 1662 quod
648 1634 742 1661 proprie
759 1636 781 1655 et
796 1633 929 1661 simpliciter
940 1633 988 1661 Spi-

143 1671 200 1693 ritus
217 1673 310 1693 sanctus
328 1677 373 1693 non
390 1672 486 1694 mittitur
503 1678 544 1694 nec
561 1672 628 1694 datur
653 1672 694 1694 nisi
720 1678 762 1699 por
790 1671 877 1694 donum
902 1672 988 1700 gratiae

143 1709 309 1732 sanctificantis.
328 1710 392 1732 Ratio
409 1713 454 1738 est,
473 1711 525 1738 quia
543 1711 592 1732 sine
610 1711 653 1732 hoc
670 1710 730 1733 douo
748 1713 769 1732 et
786 1711 878 1733 caritate
894 1711 987 1733 303113-

144 1747 225 1770 bemus
255 1749 383 1771 facultatem
409 1749 499 1771 fruendi
528 1749 611 1776 Spiritu
638 1752 723 1771 sancto.
749 1749 817 1777 Quod
844 1750 941 1777 explicat
965 1749 986 1771 S.

1044 1092 1126 1114 Thom.
1144 1093 1175 1121 (S.
1194 1093 1208 1114 1.
1226 1099 1248 1122 q.
1267 1093 1303 1115 43.
1321 1100 1340 1116 3.
1360 1094 1390 1122 3.)
1409 1095 1443 1116 his
1466 1094 1559 1117 xci-his:
1589 1096 1686 1125 «Super
1710 1096 1807 1119 modum
1830 1103 1890 1120 com-

1043 1136 1137 1153 munem
1156 1131 1211 1159 (quo
1230 1131 1290 1154 Deus
1307 1135 1340 1154 est
1357 1133 1379 1154 in
1397 1132 1476 1162 rebus)
1499 1136 1533 1155 cst
1549 1140 1609 1156 unus
1633 1135 1751 1163 specialis⁷
1780 1136 1820 1164 qui
1837 1142 1891 1158 con-

1044 1170 1106 1191 venit
1122 1173 1217 1192 naturae
1233 1171 1347 1199 rationali,
1373 1172 1395 1193 in
1419 1178 1465 1200 qua
1482 1172 1543 1194 Deus
1561 1172 1643 1195 dicitur
1659 1180 1710 1196 esse
1733 1175 1791 1197 sicut
1815 1176 1891 1203 cogni-

1044 1210 1092 1230 tum
1110 1209 1131 1230 in
1149 1211 1302 1237 cognoscente
1319 1212 1341 1232 et
1358 1212 1459 1232 3313111111
1477 1211 1498 1232 111
1516 1214 1613 1234 amante.
1626 1212 1653 1234 Et
1664 1213 1717 1241 quia
1729 1213 1890 1241 cognoscendo

1044 1249 1065 1269 et
1082 1247 1181 1270 amando
1198 1250 1303 1270 creatura
1319 1249 1435 1271 rationalis
1452 1255 1494 1271 sua
1511 1251 1644 1278 operatione
1661 1252 1751 1279 attingit
1767 1252 1796 1274 ad
1813 1253 1889 1280 ipsum

1044 1286 1117 1308 Deum
1127 1304 1132 1314 ,
1150 1286 1279 1309 secundum
1296 1288 1366 1309 istum
1383 1288 1507 1316 specialem
1524 1289 1621 1311 modum
1638 1290 1699 1312 Dcus
1711 1296 1755 1312 non
1769 1291 1844 1313 solum
1856 1292 1891 1314 di-

1044 1325 1102 1347 citur
1119 1330 1169 1347 csso
1186 1326 1208 1346 13
1226 1328 1329 1348 creatura
1347 1327 1465 1351 rationali,
1483 1327 1525 1349 sed
1541 1328 1609 1350 etiam
1627 1328 1729 1351 habitare
1750 1330 1772 1351 in
1790 1336 1816 1352 ea
1833 1331 1889 1352 sicut

1044 1364 1066 1385 iu
1084 1364 1169 1391 templo
1186 1370 1229 1386 suo
1241 1372 1262 1386 ».
1280 1364 1412 1394 Improprie
1427 1368 1503 1387 tamon
1514 1383 1519 1393 ,
1537 1367 1586 1388 sivo
1607 1375 1617 1386 «
1629 1370 1722 1389 extenso
1734 1369 1827 1390 nomine
1839 1369 1890 1391 mis-

1044 1402 1114 1424 sionis
1127 1410 1136 1422 »
1158 1402 1193 1430 (ut
1209 1403 1311 1431 loquitur
1322 1403 1383 1425 Alex.
1396 1404 1463 1432 Hal),
1483 1404 1607 1433 aliquando
1624 1405 1707 1428 dicitur
1723 1407 1779 1428 mitti
1792 1407 1891 1434 Spiritus

1044 1444 1136 1463 sanctus
1152 1441 1182 1463 ad
1199 1442 1299 1470 aliquem
1317 1445 1392 1464 actum
1411 1443 1497 1470 gratiae
1521 1444 1614 1466 actualis
1631 1444 1667 1466 vel
1685 1446 1755 1472 gratis
1777 1446 1850 1468 datae.
1867 1446 1889 1468 ln

1045 1480 1086 1501 hac
1104 1479 1205 1501 doctrina
1223 1481 1367 1503 consentiunt
1383 1481 1443 1503 Alex.
1462 1482 1517 1509 ilai„
1535 1482 1557 1504 S.
1583 1482 1673 1510 Titum„
1695 1483 1763 1509 scot,
1781 1484 1888 1506 Richard.

1044 1518 1128 1546 aliique
1144 1519 1266 1540 innumeri.

1106 1557 1138 1579 111.
1155 1556 1199 1579 Cl'r.
1218 1557 1279 1580 Alex.
1295 1558 1351 1585 Hal„
1370 1558 1391 1580 S.
1410 1564 1432 1586 p.
1450 1559 1464 1580 1.
1483 1565 1505 1587 q.
1522 1558 1560 1581 73.
1578 1565 1608 1581 m.
1622 1559 1643 1581 4.
1656 1566 1675 1582 3.
1689 1561 1710 1582 2.
1722 1572 1753 1576 —
1764 1561 1786 1582 S.
1799 1561 1889 1589 Thom.y

1044 1595 1080 1617 hic.
1097 1601 1119 1624 q.
1138 1595 1158 1618 4.
1176 1602 1195 1618 a.
1218 1597 1223 1617 1
1238 1603 1243 1624 ;
1260 1596 1282 1618 S.
1300 1596 1314 1618 1.
1333 1603 1355 1625 q.
1373 1596 1409 1619 43.
1428 1604 1448 1619 a.
1467 1597 1488 1619 3.
1505 1610 1536 1614 —
1553 1598 1576 1620 B.
1594 1598 1692 1627 Albert.‚
1705 1599 1734 1621 de
1746 1600 1788 1621 hac
1803 1602 1825 1622 et
1842 1606 1889 1629 seq.

1043 1634 1079 1655 liic.
1096 1640 1115 1656 3.
1136 1634 1170 1655 16.
1187 1646 1219 1650 -
1235 1634 1293 1657 Petr.
1310 1641 1323 1657 3
1341 1635 1393 1657 Tar.
1405 1653 1410 1663 ,
1428 1636 1464 1657 liic
1481 1642 1503 1664 q.
1527 1636 1548 1658 3.
1566 1643 1585 1659 a.
1604 1637 1625 1659 2.
1637 1649 1669 1653 —
1680 1638 1786 1661 Richard.
1799 1645 1811 1661 3
1824 1639 1889 1667 Med.r

1044 1672 1057 1694 1.
1071 1672 1132 1695 Sont.
1145 1673 1166 1695 d.
1181 1672 1217 1695 14.
1229 1679 1249 1695 ss.
1263 1673 1283 1695 2.
1296 1679 1318 1702 q.
1337 1674 1357 1695 2.
1375 1685 1406 1690 —
1423 1674 1497 1702 AEgid.
1515 1675 1549 1703 R„
1568 1675 1589 1698 d.
1611 1675 1647 1698 44.
1665 1677 1766 1699 secunda
1782 1678 1854 1705 princ.
1868 1684 1890 1707 q.

1044 1711 1064 1732 2.
1082 1723 1112 1727 -—
1127 1711 1221 1739 Dionys.
1239 1711 1322 1735 Carth..
1342 1713 1377 1733 hic
1395 1719 1416 1740 q.
1436 1713 1457 1734 3.
1474 1725 1506 1729 -
1522 1714 1575 1741 Biely
1593 1714 1622 1736 do
1641 1715 1683 1737 hac
1699 1717 1721 1737 et
1738 1721 1784 1744 seq.
1798 1716 1812 1737 l.
1828 1716 1889 1738 Sem.

1043 1749 1064 1772 cl.
1084 1749 1119 1771 114.
1138 1751 1199 1785 q..i.
1219 1751 1239 1773 ²2.

908 1827 1071 1863 01335110
1094 1827 1120 1855 11.

335 1911 439 1939 Utrum
462 1911 556 1939 Filius
578 1916 602 1939 ct
624 1911 754 1948 Spiritus
774 1916 895 1940 sanctus
916 1912 1075 1940 sectandum
1099 1912 1197 1940 eadem
1222 1913 1296 1941 doira
1318 1914 1436 1950 yrcttz'ae
1456 1914 1534 1942 mitta·
1553 1915 1701 1944 dicantur.

211 1996 338 2025 Secundo
352 1997 506 2033 quaeritur,
522 2000 617 2025 utrum
633 1998 787 2026 secundum
803 1998 901 2027 eadem
915 1998 987 2026 dona

143 2043 248 2079 gratiae
269 2043 399 2071 dicantur
420 2043 491 2071 mitti
513 2043 596 2072 Filius
618 2047 644 2072 et
669 2044 787 2081 Spiritus
814 2047 934 2073 sanctus.
957 2045 987 2073 Et

143 2089 218 2126 quod
240 2097 307 2123 non,
329 2089 440 2118 videtur
462 2090 515 2119 hoc
535 2090 626 2119 modo.

225 2137 248 2164 1.
270 2136 362 2165 Missio
390 2136 509 2173 Spiritus
538 2137 623 2166 sancti
652 2141 694 2166 est
721 2138 781 2167 eius
809 2139 932 2171 donatio.
960 2142 988 2168 et

144 2181 271 2211 similiter
293 2182 351 2211 Filii
364 2183 392 2217 ⁷3
420 2183 469 2212 sed
490 2183 544 2212 alia
564 2186 606 2212 est
626 2184 721 2213 missio
741 2184 799 2213 Filii
814 2188 841 2213 et
868 2185 987 2222 Spiritus

144 2228 247 2257 sancti:
279 2236 346 2269 ergo
376 2229 431 2257 alia
461 2230 589 2258 donatio:
623 2238 689 2267 ergo
720 2231 874 2260 secuudum
909 2232 987 2261 aliud

143 2275 257 2304 donum.

222 2315 247 2342 Ξ.
263 2314 341 2343 item.
357 2315 409 2343 hoc
421 2315 513 2352 ipsum
530 2316 640 2344 videtur
653 2316 823 2352 persimile,
839 2320 904 2354 quia
916 2320 988 2349 sieutv

208 2477 213 2491 ¹
232 2477 255 2499 ln
274 2478 322 2499 Vnt.
340 2478 483 2501 desideratur
500 2480 577 2504 Nam.
597 2482 659 2510 quod
678 2485 753 2505 tamen
770 2484 792 2505 in
810 2490 864 2507 mss.
882 2489 904 2508 et
915 2485 988 2508 tribus

144 2516 225 2544 primis
241 2516 293 2538 edd.
312 2516 416 2540 nabetur.
434 2518 502 2541 Paulo
520 2520 577 2541 infra
595 2521 705 2543 maiorem
722 2524 811 2549 partem
829 2523 896 2546 codd.
914 2524 986 2547 utCG

143 2554 250 2578 HIRST
261 2555 342 2577 UVW
360 2562 386 2578 33
402 2556 435 2579 bb
453 2563 478 2580 co
495 2564 521 2580 ee
538 2559 557 2580 ss
569 2565 623 2581 cum
640 2560 676 2582 ed.
695 2561 703 2582 1
725 2562 810 2590 secuti,
828 2562 989 2586 substituimus

144 2592 262 2622 Spiritum
278 2595 389 2617 sanctum
405 2596 441 2618 ter
456 2595 540 2619 datum
551 2603 593 2625 pro
613 2597 717 2628 Spiritus
739 2601 836 2623 sanctus
856 2602 891 2624 ter
909 2601 988 2625 datur.

149 2631 198 2654 Mox
216 2635 269 2660 post.
285 2633 365 2655 autem
390 2639 435 2661 ope
460 2635 613 2663 plurimorum
635 2643 690 2660 mss.
708 2642 730 2661 et
745 2639 781 2661 ed.
802 2640 809 2661 l
831 2641 990 2669 supplevimus

145 2668 237 2698 solum,
250 2676 293 2698 pro
312 2677 358 2699 quo
375 2672 444 2700 aliqui
462 2673 529 2696 codd.
548 2678 571 2697 ut.
588 2676 658 2697 AVX
676 2676 832 2700 solummodo.
846 2679 900 2701 Dein
912 2680 990 2707 plures

149 2708 216 2730 codd.
234 2711 258 2730 ut
276 2709 332 2731 AG}
343 2710 360 2731 1<
371 2710 388 2731 T
406 2713 448 2733 etc.
467 2711 647 2736 inhabitandum
664 2721 706 2742 pro
724 2715 885 2740 habitandum.

208 2747 218 2761 ‘2
235 2748 257 2769 ln
275 2748 326 2770 cod.
344 2748 363 2770 K
382 2748 487 2771 adiicitur
503 2752 640 2779 emorientis
661 2752 702 2775 vel.

214 2785 224 2800 ³
242 2786 297 2809 Fide
314 2793 369 2809 mss.
389 2791 410 2810 et
428 2788 480 2810 edd.
500 2790 508 2810 1
531 2789 661 2813 delevimus
677 2792 714 2814 hic
739 2794 760 2815 in
786 2794 837 2816 Vat.
863 2801 908 2817 non
933 2795 991 2818 benc

145 2823 252 2846 additum
262 2826 284 2847 et
299 2825 339 2848 sic.
351 2838 383 2842 —
394 2825 439 2849 Csr.
452 2828 555 2856 August..
569 2829 591 2850 11.
604 2830 632 2851 ed
644 2830 732 2853 Divers.
743 2832 788 2860 QQ.
801 2833 830 2855 ad
842 2833 920 2861 Simpl.
933 2841 955 2863 q.
969 2835 989 2856 1.

210 2862 219 2877 ⁴
237 2864 288 2886 lliss.
307 2870 360 2886 cum
378 2865 413 2887 ed.
437 2866 441 2887 1
463 2867 498 2888 est
513 2866 563 2889 loco
579 2867 611 2897 fit.
630 2869 699 2891 Paulo
716 2871 771 2893 infra
784 2871 835 2893 cod.
852 2872 872 2893 X
884 2871 990 2902 aliquan-

147 2900 178 2923 do
195 2908 238 2929 pro
254 2902 344 2932 aliqua.

1013 2187 1017 2347 l

1044 2004 1073 2025 se
1095 1997 1179 2026 habet
1200 1998 1295 2027 missio
1309 1998 1426 2028 visibilis
1448 1999 1505 2028 Filii
1520 2000 1555 2029 as]
1570 2000 1730 2030 missionem
1752 2001 1888 2030 visibilem

1044 2043 1163 2080 Spiritus
1185 2044 1286 2079 sancti,
1309 2045 1347 2073 ita
1374 2045 1457 2074 etiam
1486 2049 1513 2075 et
1534 2046 1692 2081 invisibilis,
1720 2047 1769 2076 sed
1794 2048 1889 2077 missio

1043 2090 1160 2119 visibilis
1175 2090 1232 2118 Filii
1247 2094 1274 2119 et
1296 2091 1415 2128 Spiritus
1430 2093 1517 2121 sancti
1532 2095 1574 2121 est
1588 2094 1743 2122 secundum
1761 2094 1846 2123 alium
1862 2098 1889 2123 et

1042 2136 1129 2165 alium
1144 2137 1274 2166 effectum
1290 2141 1317 2166 et
1332 2138 1442 2175 signum
1457 2139 1483 2167 in
1499 2143 1640 2169 creatura:
1663 2148 1729 2178 ergo
1743 2140 1889 2170 invisibilis

1043 2183 1199 2212 secundum
1220 2184 1297 2213 aliud
1319 2188 1346 2213 et
1366 2185 1444 2214 aliud
1461 2186 1575 2215 donum.

1122 2230 1148 2259 3.
1170 2230 1250 2266 Item,
1265 2232 1360 2260 missio
1382 2235 1423 2261 est
1444 2233 1479 2261 ad
1499 2234 1719 2270 cognoscendam
1741 2236 1890 2263 emanatio-

1043 2284 1107 2304 nem
1122 2277 1409 2312 etdiscernendan1⁸;
1432 2280 1454 2308 si
1475 2287 1543 2316 ergo
1558 2280 1641 2309 Filius
1666 2280 1833 2310 discernitur
1853 2282 1889 2310 ab

1043 2322 1152 2353 effectu.
1168 2323 1195 2351 in
1215 2332 1271 2360 quo
1287 2324 1422 2353 mittitur.
1438 2328 1465 2354 et
1480 2326 1599 2362 Spiritus
1613 2329 1739 2361 sanctus:
1754 2328 1890 2356 3111111113-

1106 2488 1115 2502 ῡ
1133 2488 1189 2516 Quia
1208 2488 1273 2510 lectio
1290 2490 1446 2518 antiquiorum
1463 2496 1517 2512 mss.
1535 2493 1557 2512 ct
1573 2490 1609 2512 ed.
1628 2491 1636 2512 Ἰ
1659 2490 1735 2513 multav
1748 2491 1811 2514 enim
1827 2497 1889 2515 rere-

1045 2525 1095 2548 lsmt
1111 2528 1145 2548 est
1162 2527 1313 2555 incompleta,
1332 2527 1482 2555 probabiliter
1499 2529 1613 2557 siquidem
1630 2529 1711 2552 excidit
1729 2529 1828 2552 verbum
1843 2530 1888 2553 Απ-

1044 2564 1106 2593 yelz',
1126 2565 1261 2594 reliquimus
1278 2566 1398 2589 lectionem
1417 2567 1484 2595 Vat.;
1502 2567 1552 2589 cod.
1570 2574 1596 2590 oc.
1613 2570 1634 2590 ct
1651 2568 1687 2590 ed.
1714 2569 1727 2590 2
1751 2568 1889 2592 revelantur

1046 2602 1153 2632 Angelis,
1168 2604 1210 2626 sed
1227 2610 1356 2632 perperam.
1374 2605 1443 2627 Paulo
1460 2606 1516 2628 insi-n
1535 2607 1601 2633 pauci
1618 2606 1685 2628 codd.
1699 2608 1721 2628 ut
1733 2607 1786 2628 AlS
1798 2613 1824 2629 cc
1834 2613 1887 2629 cum

1045 2641 1081 2664 od.
1101 2642 1109 2663 1
1131 2643 1190 2664 male
1207 2644 1229 2665 et
1244 2642 1278 2666 sic
1295 2644 1344 2666 loco
1360 2645 1383 2666 et
1398 2643 1424 2667 si.

1107 2681 1118 2695 ⁶
1134 2680 1189 2703 Cod.
1208 2682 1229 2703 X
1246 2682 1435 2711 convenientiae,
1455 2683 1505 2705 cod.
1523 2684 1538 2705 Z
1556 2683 1731 2713 congruentiae.

1108 2719 1118 2734 ⁷
1135 2719 1179 2742 Ctr.
1198 2726 1267 2748 supra
1285 2727 1306 2749 q.
1326 2721 1346 2743 sl.

1108 2758 1118 2773 ⁸
1136 2758 1194 2781 Vide
1211 2765 1280 2787 supra
1298 2766 1320 2788 p.
1338 2760 1353 2782 1.
1371 2766 1393 2789 q.
1412 2761 1431 2782 fl.
1451 2761 1470 2783 3.
1490 2760 1510 2783 4.
1534 2762 1602 2783 huius
1618 2761 1669 2784 dist.
1687 2773 1718 2778 —
1735 2762 1784 2784 Mox
1802 2762 1852 2785 cod.
1869 2763 1887 2785 Η

1045 2802 1087 2825 per
1103 2796 1225 2826 effeot‘mn,
1245 2797 1295 2820 cod.
1314 2798 1332 2820 T
1350 2797 1374 2821 in
1391 2798 1473 2828 effectu
1490 2805 1532 2827 pro
1549 2799 1638 2829 effectu.
1657 2799 1720 2823 Circa
1736 2800 1806 2823 finem
1822 2807 1888 2829 argu-

1047 2836 1115 2857 menti
1133 2838 1185 2863 post
1202 2835 1278 2859 Filius
1294 2837 1316 2858 in
1334 2837 1385 2859 cod.
1402 2837 1434 2860 bh
1451 2837 1543 2861 additur
1559 2839 1586 2861 el.
