2253 3317
224 1644 278 1674 Ratio
292 1645 308 1663 1.

221 2194 276 2212 Ratio
289 2194 306 2212 2.

326 154 361 181 62

325 231 363 259 rei
386 229 561 267 posterioris,
584 226 726 263 conceptio
753 225 880 254 similiter
913 227 991 253 sonat
1022 223 1050 252 in
1081 231 1167 252 sexus

324 277 500 313 fragilitatem
528 278 554 303 et
572 277 680 310 portus
703 272 845 305 similiter3
867 278 938 307 quae
952 270 959 283 ¹
990 278 1044 298 nou
1073 277 1169 298 conve-

324 323 404 351 niunt
425 321 533 350 divinis.

402 369 580 396 nesponmzo:
602 365 741 402 Sapientia
762 364 930 393 describitur
955 371 1005 400 per
1027 370 1168 399 compara-

324 415 425 443 tionem
447 414 482 442 ad
503 412 616 450 effeetus
637 414 663 440 et
686 419 735 448 per
750 410 984 447 comparationem
1006 410 1041 437 ad
1058 409 1169 445 princi-

322 461 413 498 pium.
436 460 466 488 Et
490 459 621 496 qnoniam
649 466 699 495 per
727 456 963 493 comparationem
991 455 1026 483 ad
1054 454 1168 492 effectas

1004 145 1255 174 SENTENTIARUM
1276 145 1335 172 LlB.
1357 145 1375 172 l.

1224 222 1308 250 habet
1329 222 1356 249 in
1378 230 1406 250 se
1427 222 1591 252 thesaurum
1607 225 1747 254 infinitum
1767 225 1795 253 in
1810 223 2026 257 numerositate,
2042 227 2069 252 et

1224 269 1307 297 habet
1328 268 1454 296 ordinem
1476 269 1503 297 in
1525 269 1706 305 discretione,
1736 271 1797 300 ideo
1829 271 1997 299 describitur
2018 279 2069 308 per

1223 316 1343 344 verbum
1362 315 1532 351 possidendi·
1552 319 1579 345 et
1599 317 1761 346 ordinandi
1768 318 1785 345 ².
1807 317 1857 346 Per
1889 318 2069 354 comparatio-

1224 370 1286 390 nem
1308 362 1343 390 ad
1366 370 1449 390 suum
1470 362 1639 400 principium
1662 366 1772 392 emanat
1787 364 1960 392 emanatione
1975 364 2070 392 intrin-

1223 416 1286 437 seca
1306 408 1333 436 in
1355 416 1402 442 eo,
1424 409 1499 445 quod
1521 412 1563 437 est
1584 409 1618 438 de
1641 409 1795 438 substantia
1816 410 1984 444 emanantis3
2007 410 2069 438 ideo

1224 454 1391 483 describitur
1413 462 1463 491 per
1484 455 1603 484 verbum
1625 455 1810 492 conceptionis
1828 459 1855 484 et
1869 456 2069 492 parturitionis.

1040 571 1276 605 DISTINCTlO
1302 571 1354 604 III.

1141 671 1212 700 PAns
1234 672 1251 699 l.

693 782 753 808 CAr.
773 781 790 808 I.

363 872 400 897 De
420 869 568 904 eoqm'tione
589 866 721 894 Creatoris
738 875 788 902 per
808 870 961 897 creaturas,
983 865 1010 893 in
1032 865 1129 901 quibus

523 909 664 938 'l'rt'nitatt's
684 909 823 944 oestiqizom.
843 913 962 944 apparet.

393 997 535 1032 Apostolus
549 1003 664 1030 namque
678 996 714 1022 ait
726 995 743 1027 ¹,
758 995 829 1029 quod
845 993 996 1021 invisibilia
1011 993 1061 1020 Dei
1070 1003 1086 1020 a
1097 1002 1169 1020 erea—

323 1045 383 1067 tura
397 1039 497 1066 mundi
506 1048 556 1074 per
569 1047 598 1065 ea
613 1046 680 1074 quae
693 1038 763 1072 [Ποία
776 1041 840 1064 sunt
853 1036 985 1063 intellecta
998 1036 1169 1071 conspiciem—

324 1088 378 1114 ίαν,
389 1082 551 1117 sempiterna
562 1089 665 1116 quoqne
674 1080 762 1107 virtus
776 1079 832 1106 eius
846 1083 869 1106 ec
882 1078 1020 1106 divinitas.
1034 1080 1083 1106 Per
1096 1087 1169 1106 crea-

326 1130 414 1152 turam
434 1124 534 1151 'munch‘
552 1124 706 1158 intelligitur
719 1124 799 1150 homo
818 1134 828 1145 «
842 1126 953 1157 propter
967 1122 1168 1154 excellentiam,

322 1176 375 1203 qua
395 1168 501 1195 excellit.
520 1168 588 1194 inter
608 1167 673 1194 alias
693 1169 845 1198 creaturas,
866 1165 906 1192 vel
933 1168 1043 1199 propter
1072 1172 1167 1191 conve-

322 1211 463 1242 nientiam,
484 1217 564 1244 quam
584 1209 664 1236 habet
683 1216 744 1235 cum
764 1209 835 1235 omni
856 1211 980 1234 creatura
995 1219 1017 1234 ».
1031 1208 1115 1234 Homo
1131 1215 1169 1234 er-

322 1261 354 1288 go
376 1253 518 1279 invisibilia
538 1253 585 1279 Dei
606 1252 741 1278 intellectu
774 1251 869 1277 mentis
897 1251 1053 1284 conspicere
1082 1250 1167 1284 potuit

322 1296 363 1323 vel
384 1297 463 1323 etiam
492 1295 631 1330 conspexit
653 1302 703 1329 per
726 1302 756 1320 ea
782 1301 849 1328 quae
876 1293 946 1327 facta
968 1297 1045 1325 sunt,
1074 1293 1100 1319 id
1121 1296 1168 1322 est.

324 1346 372 1373 per
392 1342 529 1365 creaturas
548 1337 668 1364 visibiles
688 1337 728 1363 vel
743 1336 752 1349 ²
772 1336 928 1363 invisibiles.
944 1335 965 1362 Α
978 1336 1084 1362 duobus
1097 1336 1167 1362 enim

322 1381 478 1413 iurabatur,
498 1380 602 1407 scilicet
621 1387 634 1406 a
655 1383 764 1412 natura,
779 1386 847 1413 quae
860 1379 998 1405 rationalis
1011 1382 1082 1411 erat,
1095 1381 1121 1405 et
1135 1379 1168 1405 ab

323 1424 451 1458 operibus
471 1430 485 1450 a
505 1423 559 1449 Deo
579 1422 669 1455 factis,
690 1425 718 1448 ut
737 1422 951 1448 manifestaretur
980 1421 1079 1447 homini
1101 1421 1168 1448 veri-

322 1469 371 1493 tas,
390 1466 452 1493 Ideo
472 1465 615 1500 Apostolus
634 1464 703 1491 dixit
718 1464 743 1491 ³:
763 1464 829 1499 quia
848 1465 918 1490 Delos
946 1463 1075 1490 revelavit
1094 1463 1168 1494 illis,

322 1509 425 1535 scilicet
444 1508 508 1535 dum
528 1508 590 1535 fecit
609 1514 704 1541 opera,
725 1507 751 1533 in
777 1507 875 1541 quibus
904 1506 1014 1533 artificis
1042 1506 1169 1540 aliquate-

323 1559 373 1578 nus
392 1551 493 1577 relucet
513 1550 650 1577 indicium.

391 1593 458 1620 Nam
484 1593 554 1620 sicut
576 1593 613 1619 ait
626 1592 783 1618 Ambrosius
794 1592 803 1605 ⁴
816 1601 821 1618 :
844 1603 854 1614 a
868 1591 902 1618 Ut
915 1591 999 1624 Deus,
1013 1591 1059 1625 qni
1073 1594 1167 1618 natura

323 1636 465 1663 invisibilis
479 1639 531 1668 cst,
546 1636 625 1662 ctiam
640 1642 655 1662 a
669 1634 819 1661 visibilibus
838 1637 929 1668 posset
948 1634 1025 1666 sciri,
1045 1641 1113 1668 opus
1136 1634 1169 1660 se-

326 1679 375 1712 cit,
395 1678 467 1712 quod
488 1678 611 1713 opificem
632 1677 785 1703 visibilitate
805 1677 846 1703 sui
866 1676 1058 1708 manifestavit,
1072 1679 1101 1702 ut
1119 1683 1168 1710 per

325 1725 428 1748 certum
448 1721 578 1747 incertum
598 1723 688 1754 posset
701 1719 779 1751 sciri,
797 1722 823 1745 et
835 1719 879 1745 ille
892 1719 963 1745 Deus
977 1719 1095 1744 omnium
1110 1725 1168 1744 esse

326 1763 494 1796 crederetur,
514 1763 560 1797 qui
579 1763 631 1789 hoc
650 1762 726 1794 fecit,
746 1761 817 1796 quod
833 1762 866 1788 ab
880 1761 988 1787 homine
1002 1761 1168 1795 impossibile

323 1809 363 1833 est
383 1806 439 1832 fieri
455 1817 478 1833 u.
492 1806 637 1832 Potuerunt
650 1812 712 1838 ergo
726 1811 887 1838 cognoscere
900 1804 957 1830 sive
971 1806 1167 1837 cognoverunt,

321 1848 391 1875 ultra
410 1856 515 1875 omnem
535 1851 686 1874 creaturam
707 1854 764 1873 esse
785 1847 858 1873 illum
885 1847 930 1880 qui
951 1853 982 1873 ea
999 1846 1075 1878 fecit,
1098 1853 1167 1880 quae

320 1891 393 1917 nulla
413 1894 597 1917 creaturarum
611 1890 698 1916 facere
719 1889 760 1916 vel
774 1889 912 1915 destruere
926 1889 996 1915 valet
1010 1888 1028 1915 ⁵.
1041 1888 1166 1919 Accedat,

321 1940 510 1967 quaecumque
524 1933 572 1964 vis,
588 1936 711 1959 creatura
731 1936 757 1958 et
776 1932 855 1958 saciat
868 1931 920 1958 tale
930 1931 1034 1958 caelum
1049 1934 1074 1957 ct
1087 1931 1165 1957 talem

322 1979 434 2009 terram,
455 1979 480 2002 et
499 1975 602 2008 dicam,
621 1976 684 2009 quia
703 1975 773 2001 Deus
793 1977 841 2001 est.
861 1974 912 2000 Sed
930 1974 994 2008 quia
1007 1974 1080 2000 nulla
1094 1981 1167 2000 crea-

320 2021 379 2045 tura
400 2018 462 2045 talia
482 2018 569 2045 facere
588 2018 672 2050 valet,
692 2020 809 2050 constat,
830 2024 911 2051 super
930 2024 1035 2043 omnem
1062 2019 1168 2043 creatu-

320 2068 378 2087 ram
398 2068 456 2087 esse
477 2060 551 2087 illum
577 2061 623 2094 qui
651 2067 682 2086 ea
702 2060 780 2091 secit;
801 2067 831 2086 ac
851 2066 899 2093 per
919 2059 986 2092 hoc,
1012 2059 1086 2085 illum
1107 2066 1165 2085 esse

320 2103 419 2136 Deum,
439 2103 556 2129 humana
575 2110 650 2129 mens
669 2109 829 2136 cognoscere
849 2102 945 2136 potuit.

390 2145 449 2172 Alio
469 2146 548 2172 etiam
568 2145 646 2171 modo
666 2145 713 2171 Dei
733 2145 871 2171 veritatem
891 2144 974 2171 ductu
993 2144 1104 2171 rationis
1124 2151 1166 2170 co-

320 2195 448 2222 gnoscere
466 2191 610 2222 potuerunt
634 2187 675 2213 vel
704 2188 785 2214 etiam
814 2190 1003 2221 cognoverunt.
1032 2187 1065 2213 Ut
1093 2187 1163 2213 enim

320 2230 483 2264 Augustinus
502 2230 539 2256 ait
557 2230 583 2256 in
603 2230 682 2256 Libro
702 2230 736 2256 de
763 2230 875 2256 Civitate
894 2230 941 2256 Dei
957 2229 983 2255 ⁸:
1008 2241 1019 2252 «
1034 2229 1165 2256 Viderunt

1224 780 1322 806 summi
1342 779 1497 814 philosophi
1516 780 1619 806 nullum
1639 786 1738 813 corpus
1758 786 1816 806 esse
1835 779 1934 813 Deum,
1959 783 1985 806 et
2010 779 2071 806 ideo

1224 825 1321 849 cuncta
1340 830 1455 856 corpora
1474 822 1686 855 trascenderunt,
1710 825 1869 856 quaerentes
1882 823 1981 855 Deum;
2002 822 2073 849 vide-

1224 867 1286 891 runt
1305 865 1400 897 etiam,
1420 864 1552 899 quidquid
1573 864 1701 891 mutabile
1721 868 1761 891 est
1780 872 1831 891 non
1856 872 1915 891 csse
1934 872 2070 892 summum

1224 907 1309 934 Deum
1329 907 1502 941 omniumque
1522 907 1686 941 principium
1698 929 1704 940 ,
1723 910 1748 934 et
1762 907 1821 933 ideo
1836 915 1942 934 onmem
1956 908 2072 935 animam

1223 950 1420 984 mutabilesque
1439 949 1550 983 spiritus
1563 949 1801 982 transcenderunt;
1821 949 1918 976 deinde
1938 950 2072 984 viderunt,

1227 999 1319 1024 omne,
1340 991 1412 1026 quod
1432 992 1560 1018 mutabile
1580 995 1633 1025 est,
1652 999 1704 1018 non
1724 999 1803 1026 posse
1823 999 1881 1019 esse
1895 992 1945 1019 nisi
1965 992 2072 1026 abillo,

1225 1035 1271 1069 qni
1292 1035 1546 1061 incomnmtabiliter
1566 1037 1591 1061 et
1619 1035 1777 1069 simpliciter
1805 1038 1853 1062 cst.
1882 1035 2073 1062 Intellexerunt

1225 1084 1302 1112 ergo,
1323 1084 1384 1104 eum
1404 1080 1429 1103 et
1446 1078 1535 1104 omnia
1555 1077 1605 1104 ista
1624 1078 1718 1104 fecisse
1747 1080 1773 1103 et
1801 1085 1816 1104 a
1843 1077 1916 1104 nullo
1945 1078 2001 1104 fieri
2027 1085 2073 1112 po-

1225 1120 1308 1147 tuisse
1323 1131 1346 1147 ».

1302 1174 1312 1185 «
1324 1162 1566 1189 Consideraverunt
1586 1163 1665 1189 etiam
1675 1184 1681 1195 ,
1701 1162 1833 1197 quidquid
1854 1165 1893 1189 cst
1912 1163 1938 1189 in
1952 1163 2073 1190 substan·
2084 1170 2139 1189 Ratio
2153 1170 2172 1188 3.

1224 1206 1269 1231 tiis
1289 1206 1330 1232 vel
1351 1213 1449 1240 corpus
1469 1213 1528 1232 esse
1551 1206 1593 1232 vel
1621 1206 1761 1240 spiritum,
1792 1206 1942 1240 meliusque
1970 1206 2070 1241 aliquid

1225 1249 1351 1283 spiritum
1371 1256 1429 1275 esse
1449 1256 1530 1282 quam
1550 1256 1662 1283 corpus,
1683 1248 1729 1275 sed
1758 1249 1834 1283 longe
1862 1248 2000 1275 meliorem
2025 1249 2070 1283 qui

1224 1291 1349 1326 spiritum
1369 1291 1432 1317 fecit
1451 1294 1476 1318 et
1495 1298 1595 1325 corpus
1609 1302 1632 1318 n.

1301 1334 1511 1361 «Intellexcrunt
1533 1334 1622 1367 etiam,
1636 1334 1757 1368 corporis
1777 1334 1896 1368 speciem
1915 1341 1974 1361 esse
1992 1334 2074 1361 sensi·
2086 1341 2140 1360 Ratio
2154 1342 2172 1360 t.

1224 1376 1306 1403 bilem
1326 1380 1352 1403 et
1370 1377 1481 1411 spiritus
1500 1377 1619 1411 speciem
1641 1377 1848 1410 intelligibilem,
1872 1380 1899 1403 et
1924 1377 2073 1411 intelligibi-

1225 1419 1278 1446 lem
1297 1420 1415 1454 speciem
1435 1419 1555 1446 sensibili
1574 1419 1767 1453 praetulerunt.
1787 1419 1928 1446 Sensibilia
1942 1419 2071 1453 dicimus,

1226 1469 1295 1496 quae
1315 1462 1374 1488 visu
1395 1465 1521 1496 tactuque
1541 1462 1662 1496 corporis
1682 1462 1773 1488 sentiri
1794 1464 1904 1496 queunt,
1924 1462 2074 1496 intelligibi-

1225 1504 1275 1537 lia,
1295 1512 1364 1539 quae
1384 1508 1530 1539 conspectu
1550 1505 1646 1531 mentis
1666 1504 1776 1538 intelligi
1791 1504 1808 1531 ⁷.
1829 1504 1894 1530 Cum
1914 1512 1977 1538 ergo
1991 1505 2017 1531 in
2031 1512 2072 1531 eo-

1225 1554 1286 1573 rum
1305 1550 1452 1581 conspectu
1471 1550 1497 1574 et
1517 1554 1616 1581 corpus
1637 1550 1662 1574 et
1682 1547 1786 1573 animus
1815 1547 1899 1581 magis
1928 1547 2071 1581 minusque

1226 1590 1350 1624 speciosa
1369 1593 1470 1623 essent,
1491 1590 1512 1616 si
1533 1593 1622 1616 autem
1642 1590 1713 1616 omni
1733 1589 1824 1624 specie
1843 1596 1936 1616 carere
1949 1593 2073 1624 possent,

1227 1633 1334 1659 omnino
1354 1632 1427 1659 nulla
1447 1636 1551 1659 essent:
1572 1632 1697 1659 viderunt
1716 1639 1773 1658 esse
1802 1632 1919 1666 aliquid,
1947 1640 2000 1667 quo
2029 1633 2075 1660 illa

1225 1675 1349 1709 speciosa
1368 1675 1437 1701 facta
1456 1678 1531 1708 sunt,
1551 1675 1597 1701 ubi
1617 1678 1657 1701 est
1676 1675 1763 1709 prima
1792 1678 1817 1701 et
1846 1675 2074 1702 incommutabilis

1224 1718 1344 1752 species,
1364 1717 1479 1751 ideoque
1499 1718 1734 1752 incomparabilis,
1755 1721 1781 1744 et
1800 1718 1866 1744 illud
1895 1725 1953 1744 esse
1982 1724 2072 1744 rerum

1225 1756 1389 1794 principium
1409 1760 1559 1786 rectissime
1578 1760 1764 1793 crediderunt,
1793 1760 1865 1795 quod
1892 1761 1991 1787 factum
2019 1768 2071 1787 non

1225 1806 1312 1835 esset,
1332 1805 1358 1828 et
1378 1809 1411 1828 ex
1430 1809 1483 1836 quo
1503 1805 1600 1829 cuncta
1619 1802 1687 1829 facta
1708 1806 1796 1829 essent
1809 1814 1832 1829 ».
1847 1803 1917 1829 Ecce
1935 1805 1972 1829 tot
1985 1802 2072 1829 modis

1223 1845 1311 1879 potuit
1330 1845 1455 1879 cognosci
1476 1845 1575 1871 veritas
1594 1845 1649 1872 Dei.
1669 1845 1735 1871 Cum
1755 1852 1818 1879 ergo
1835 1845 1906 1871 Deus
1926 1852 1980 1872 una
1998 1845 2033 1871 sit
2046 1848 2072 1871 et

1223 1887 1339 1922 simplex
1359 1887 1487 1920 essentia,
1508 1895 1577 1921 quae
1597 1895 1629 1914 ex
1643 1887 1716 1914 nulla
1729 1887 1884 1914 diversitate
1897 1887 2015 1922 partium
2028 1887 2070 1914 vel

1223 1930 1403 1957 accidentium
1424 1930 1559 1963 consistit,
1573 1930 1713 1964 pluraliter
1730 1933 1817 1957 tamen
1831 1930 1897 1957 dicit
1909 1930 2070 1964 Apostolus:

1223 1972 1376 1999 invisibilia
1388 1972 1454 2003 Dei,
1467 1973 1531 2007 quia
1543 1973 1669 2007 pluribus
1683 1973 1770 1999 modis
1783 1973 1953 2007 cognoscitur
1972 1973 2071 1999 veritas

1221 2016 1269 2042 Dei
1288 2023 1337 2049 per
1357 2023 1388 2042 ea
1412 2023 1481 2049 quae
1501 2015 1571 2042 facta
1589 2019 1658 2042 sunt.
1688 2016 1727 2042 Ex
1754 2016 1934 2050 perpetuitate
1952 2022 2070 2050 namque

1221 2062 1406 2085 creaturarum
1426 2058 1581 2092 intelligitur
1601 2058 1727 2084 Conditor
1747 2061 1890 2091 aeternus;
1914 2065 1948 2085 ex
1973 2058 2071 2092 magni-

1223 2101 1314 2127 tudine
1334 2104 1519 2127 creaturarum
1539 2100 1723 2134 omnipotens3
1744 2108 1778 2127 ex
1797 2100 1891 2127 ordine
1913 2103 1939 2126 et
1958 2100 2071 2134 disposi-

1223 2144 1294 2170 tione
1322 2144 1446 2177 sapiens3
1476 2150 1509 2169 ex
1537 2143 1728 2177 gubernatione
1758 2143 1851 2170 bonus.
1881 2143 1952 2169 Haec
1981 2145 2071 2169 autem

1223 2186 1312 2213 onmia
1332 2186 1365 2213 ad
1385 2186 1514 2212 unitatem
1533 2186 1644 2212 Deitatis
1663 2186 1798 2220 pertinent
1816 2185 2025 2212 monstrandam.

382 2358 389 2373 1
408 2359 457 2381 Vat.
475 2362 554 2381 contra
571 2359 711 2387 antiquiores
728 2358 795 2381 codd.
819 2365 873 2381 cum
898 2359 934 2381 ed.
963 2360 968 2381 1
990 2359 1054 2381 addit
1075 2358 1163 2382 omnia.

381 2397 391 2411 ἵ
408 2398 499 2419 Praeter
516 2397 586 2419 fldem
603 2403 658 2419 mss.
676 2399 698 2419 et
714 2397 750 2419 cd.
772 2398 794 2425 l,
816 2398 984 2420 constructione
1002 2400 1094 2426 mutata,
1113 2398 1162 2419 Vat.

320 2436 357 2458 hic
374 2437 402 2457 ita
420 2437 580 2465 prosequitur:
597 2435 745 2459 Describitur
761 2436 831 2459 etiam
848 2442 890 2466 per
907 2436 1110 2466 comparationem
1133 2436 1165 2459 ad

319 2480 390 2497 suum
407 2474 567 2504 principium,
585 2481 600 2497 a
617 2481 663 2504 quo
689 2476 792 2498 emanat.
815 2476 884 2497 Paulo
901 2476 958 2497 infra
976 2476 1027 2498 eod.
1046 2476 1063 2497 R
1082 2476 1165 2498 omittit

320 2514 514 2541 praepositionem
531 2513 556 2536 in
572 2516 593 2535 et
610 2514 688 2541 plures
705 2513 772 2536 codd.
791 2516 815 2535 ut
827 2514 846 2535 k
856 2514 875 2535 M
885 2514 906 2535 X
918 2514 934 2535 Y
947 2520 973 2536 ee
991 2518 1043 2542 post
1055 2520 1165 2537 emanan-

320 2551 349 2574 lis
366 2552 454 2574 addunt
470 2552 618 2575 emanatione
633 2552 744 2582 perfecta.

492 2590 586 2613 NOTAE
603 2591 640 2613 AD
657 2591 733 2614 LIBR.
753 2591 993 2615 SENTENTIARUM.

384 2628 391 2642 ¹
410 2629 475 2651 Rom.
492 2630 497 2651 1
510 2648 514 2657 ,
528 2630 568 2658 20,
582 2630 693 2658 Vulgata:
704 2629 833 2653 Invisibilia
845 2630 907 2653 enim
918 2630 991 2659 ipsius
1003 2637 1018 2653 α
1030 2632 1166 2654 creatura...

322 2667 400 2689 Glossa
427 2668 540 2690 ordinaria
552 2686 557 2696 ,
580 2675 625 2697 qua
643 2669 761 2697 Magister,
787 2670 868 2697 paucis
884 2671 990 2698 variatis,
1008 2676 1061 2692 mox
1087 2671 1164 2698 utitur,

322 2706 421 2728 verbum
438 2713 453 2728 a
470 2708 582 2729 creatura
599 2708 631 2729 sic
648 2708 824 2735 interpretatur:
843 2707 876 2730 Ab
893 2708 986 2731 homine
994 2715 1040 2738 per
1051 2708 1164 2732 excellen-

322 2744 393 2772 tiam,
407 2744 463 2774 quia
475 2745 568 2768 eoecellit·
578 2745 639 2768 inter
650 2745 712 2768 alios
729 2747 861 2775 creaturas,
876 2747 912 2770 rel
921 2749 1018 2777 propter
1030 2747 1165 2771 convenien-

321 2783 393 2811 tiam,
413 2789 485 2812 quom
502 2783 570 2806 habet
585 2790 639 2807 cum
656 2784 764 2807 omnibns
782 2785 905 2808 creatumsss.
924 2786 984 2808 Tum
1003 2786 1099 2814 Vulgata
1117 2785 1167 2809 eius

322 2821 398 2845 virtus
417 2828 458 2850 pro
476 2822 552 2845 cii-tus
569 2822 633 2851 eius,
654 2823 717 2852 quod
734 2824 805 2846 nostri
823 2830 877 2846 mss.
895 2828 917 2847 et
932 2825 987 2847 cdd.
1005 2831 1097 2847 summo
1114 2831 1169 2847 con-

321 2867 390 2883 sensu
409 2860 522 2883 exhibent.

383 2899 393 2913 ²
410 2899 481 2922 Codd.
499 2899 568 2922 CDE
585 2902 612 2923 et.

1284 2357 1293 2372 ³
1310 2358 1412 2385 Respicit
1428 2357 1457 2379 ad
1475 2357 1540 2379 Rom.
1561 2357 1588 2385 l,
1610 2357 1649 2379 19:
1675 2356 1743 2384 Quod
1767 2358 1851 2380 notum
1873 2358 1908 2380 est
1923 2356 1978 2385 Dei,
1997 2356 2071 2380 marti-

1221 2395 1307 2426 festum
1324 2398 1358 2419 est
1373 2396 1398 2419 in
1414 2395 1468 2418 illis.
1487 2395 1549 2418 Deus
1566 2395 1629 2418 enim
1645 2395 1693 2418 illis
1709 2395 1874 2425 vianifestaoit.
1896 2408 1928 2412 —
1945 2396 1995 2419 Vat.
2014 2402 2067 2419 cum

1222 2436 1272 2458 aliis
1289 2435 1341 2458 edd.
1360 2435 1459 2464 Ideoque
1476 2438 1555 2457 contra
1572 2441 1652 2457 omncs
1670 2435 1737 2457 codd.
1755 2438 1777 2457 et
1794 2435 1846 2457 edd.
1866 2436 1874 2457 ⁴
1886 2453 1891 2463 ,
1910 2435 1931 2457 8.

1286 2473 1295 2488 ‘¹
1313 2474 1334 2496 ln
1352 2474 1421 2502 Epist.
1439 2473 1468 2496 ad
1486 2474 1551 2495 Rom.
1570 2479 1589 2495 c.
1612 2474 1634 2501 l,
1657 2474 1695 2501 19,
1714 2474 1794 2501 paucis
1811 2480 1823 2495 a
1846 2474 1952 2502 Magistro
1974 2474 2066 2496 mutatis

1222 2516 1245 2535 ct
1261 2514 1361 2535 omissis.
1379 2513 1401 2534 ln
1420 2513 1464 2535 sine
1482 2513 1550 2534 huius
1575 2516 1648 2535 textus
1671 2515 1721 2534 ante
1744 2512 1885 2541 impossibile
1901 2513 1936 2535 est
1951 2512 2001 2535 Vat.
2019 2512 2068 2535 sola

1222 2552 1305 2580 repetit
1321 2556 1507 2580 supervacanee:
1525 2550 1559 2574 ait
1575 2550 1722 2574 Ambrosius.

1285 2591 1295 2605 ⁵
1313 2591 1366 2613 Mss.
1383 2591 1427 2612 BD
1439 2591 1455 2612 E
1471 2591 1551 2619 polest.
1576 2590 1636 2612 Tum
1659 2591 1681 2612 in
1703 2590 1753 2613 Vat.
1777 2591 1837 2612 sola:
1854 2595 2016 2619 quaecumque
2032 2589 2067 2612 vis

1222 2631 1362 2658 crealm·ae‚-
1373 2630 1395 2651 in
1414 2632 1473 2652 textu
1486 2630 1563 2657 accipe
1577 2628 1610 2651 vis
1622 2635 1634 2651 a
1646 2629 1705 2651 velle
1716 2631 1738 2651 ct
1749 2635 1910 2659 qaaecumque
1922 2632 1947 2651 ut
1958 2631 2066 2651 neutrum

1222 2669 1244 2690 in
1262 2669 1352 2696 plurali.
1371 2668 1473 2690 Subinde
1490 2668 1572 2690 cadem
1589 2668 1639 2690 Vat.
1658 2674 1711 2690 cum
1724 2668 1840 2697 plerisque
1857 2668 1947 2690 excusis
1958 2670 2010 2690 ante
2022 2668 2067 2690 ter-

1223 2713 1278 2730 ram
1295 2708 1454 2735 praetermittit
1471 2706 1542 2729 talem
1559 2710 1636 2729 contra
1655 2707 1723 2729 codd.
1742 2710 1764 2729 et
1779 2707 1831 2729 cdd.
1851 2708 1859 2729 l
1872 2725 1877 2735 ,
1895 2707 1921 2735 6,
1940 2707 1960 2728 8.

1286 2746 1295 2761 ⁶
1312 2746 1373 2768 Libr.
1391 2746 1444 2768 Vlll.
1463 2752 1482 2768 c.
1501 2746 1527 2774 6,
1546 2746 1660 2768 nonnullis
1677 2746 1820 2774 transpositis
1836 2750 1859 2768 et
1875 2746 1972 2767 omissis.
1995 2744 2066 2766 Etiam

1222 2786 1280 2807 infra
1298 2786 1362 2807 tertia
1379 2788 1402 2807 et
1418 2788 1498 2813 quarta
1516 2786 1572 2807 ratio
1589 2785 1642 2807 inde
1659 2788 1748 2807 sumtae
1775 2788 1834 2807 sunt.
1847 2784 1916 2806 Paulo
1933 2786 1984 2806 anto
2001 2783 2063 2805 solus

1222 2824 1272 2846 cod.
1290 2824 1309 2846 D
1322 2825 1453 2853 potnerunt
1469 2825 1490 2846 et
1507 2830 1550 2851 pro
1566 2825 1696 2853 potuerunt*
1711 2823 1748 2847 vel
1764 2823 1841 2846 eciam.

1285 2862 1294 2876 ⁷
1312 2862 1368 2884 Edd.
1382 2866 1459 2885 contra
1472 2862 1539 2885 codd.
1553 2866 1643 2885 nostros
1654 2866 1677 2885 et
1688 2862 1724 2885 ed.
1737 2862 1870 2890 Augustini,
1889 2861 1996 2890 ponendo
2008 2867 2068 2888 pun-

1223 2905 1285 2924 ctum
1303 2905 1354 2924 ante
1370 2901 1537 2930 intelliyibt'lt'a,
1556 2902 1704 2929 praemittunt
1721 2902 1756 2924 hic
1770 2902 1877 2930 possunt.
