2253 3317
349 125 403 154 104

1039 120 1289 150 SENTENTIARUM
1311 120 1370 148 LlB.
1392 120 1409 147 l.

925 221 1023 251 DUBIA
1044 221 1138 250 CIRCA
1159 220 1324 249 LITTERAM
1345 219 1507 248 MAGISTRI.

709 307 776 336 Dun.
798 307 816 335 l.

421 402 449 430 In
471 404 550 439 parte
576 401 628 430 ista
649 401 722 429 circa
744 400 865 428 litteram
894 400 1040 436 quaeritur
1068 399 1102 428 de
1133 399 1185 428 hoc

343 448 418 486 quod
441 448 521 477 dicit:
543 448 636 476 Deam
658 447 691 475 tle
712 447 786 480 Deo,
808 446 905 474 tumen
919 446 952 474 de
973 446 1098 479 lumin&
1120 446 1186 482 quia

342 502 406 523 cum
426 493 594 531 praepositio
615 493 648 520 cle
669 495 744 520 notet
765 492 957 521 transitionem
978 494 1006 521 et
1028 492 1065 520 ita
1096 492 1187 520 diver-

341 542 450 570 sitatem
471 543 498 569 et
511 540 518 553 ¹
541 540 757 573 distinctionem,
782 539 894 567 videtur
913 539 988 575 quod
1002 538 1063 575 pari
1079 538 1185 567 ratione

342 590 370 617 et
390 588 426 616 ab
446 586 644 624 aequipollenti
666 585 733 614 istae
755 588 820 613 sunt
835 592 931 613 verae:
954 585 1029 613 Deus
1050 587 1092 613 est
1112 584 1185 613 alius

341 642 358 663 a
378 634 449 667 Deo,
469 634 544 662 Deus
566 632 747 669 distinguitur
769 640 785 660 a
805 631 869 660 Deo.

420 681 596 708 Respounno:
619 679 791 712 Dicendum,
812 678 887 715 quod
909 677 1059 715 dupliciter
1073 680 1115 706 est
1136 677 1185 706 1111-

340 729 452 764 portare
474 726 679 755 distinctionem
700 725 758 754 sive
780 725 985 759 diversitatem,
1017 724 1121 752 scilicet
1152 727 1184 752 ut

340 773 481 801 modmffl
514 772 558 801 vel
580 775 611 801 ut
635 780 716 805 rem,
750 771 793 800 vel
824 774 855 800 ut
885 771 1047 799 exercitam
1076 770 1121 799 vel
1152 774 1184 799 ut

340 823 512 856 conceptam.
536 819 671 855 Quoniam
693 818 778 855 igitur
798 817 1017 855 praepositiones
1032 818 1183 854 important

341 866 544 895 distinctionem
564 868 595 893 ut
616 865 790 898 exercitam,
811 867 838 893 et
860 864 999 893 distinctio
1020 866 1062 892 est
1086 864 1114 892 in
1146 864 1185 892 01-

340 912 411 941 vinis
426 914 561 949 quantum
576 911 611 940 ad
623 911 781 948 supposita,
797 911 848 939 cte³
864 910 928 939 16611
942 910 1094 939 terminmn
1109 912 1183 939 stare

339 967 391 996 pro
412 958 530 987 diversis
551 958 710 995 suppositis.
732 958 868 994 Quoniam
883 965 949 994 ergo
970 956 1043 986 circa
1057 957 1085 985 id
1106 957 1184 994 ponit

340 1005 456 1033 modum
469 1028 476 1039 ,
497 1004 571 1033 circa.
591 1004 666 1041 quod
687 1007 801 1033 exercet
822 1004 1043 1038 distinctionem,
1065 1006 1092 1032 et
1112 1003 1184 1032 tales

339 1054 405 1080 sunt
425 1059 571 1088 personae:
594 1051 656 1079 1060
677 1053 718 1079 651
739 1059 806 1079 vera
825 1051 935 1079 locutio.
958 1050 1028 1087 Quia
1049 1057 1116 1078 vero
1130 1050 1183 1078 hoc

340 1105 440 1126 nomen
462 1098 540 1126 atius
562 1098 694 1135 importat
715 1097 919 1126 distinctionem
947 1099 978 1125 ut
999 1100 1182 1134 conceptam,

339 1144 467 1173 similiter
492 1145 544 1173 hoc
566 1144 685 1173 verbum
716 1144 914 1181 (Iistinfflteret
937 1144 998 1172 ideo
1019 1143 1183 1180 simpliciter

338 1191 415 1228 ponit
434 1191 638 1219 distinctionem
660 1191 733 1220 circa
748 1191 900 1219 terminum
916 1191 1022 1219 ratione
1043 1198 1110 1219 suae
1131 1190 1184 1218 for-

339 1245 415 1272 mae3
437 1237 499 1266 ideo
520 1240 585 1266 sunt
605 1237 690 1266 161566
702 1237 719 1265 ⁴.

701 1315 768 1343 DUB.
791 1314 820 1342 ΙΙ.

416 1392 485 1421 Item
506 1392 652 1429 quaeritur
672 1392 707 1421 06
727 1391 919 1429 responsione,
934 1399 1019 1428 quam
1034 1391 1111 1428 ponit
1132 1392 1184 1419 Ma-

340 1439 441 1476 gister,
462 1439 517 1467 ibi:
543 1439 625 1474 Quod
654 1447 722 1467 vero
753 1438 896 1466 additur:
925 1439 1003 1475 Eryo
1022 1438 1124 1475 genuit
1154 1447 1183 1466 se

341 1486 434 1514 Deum
455 1488 515 1519 etc„
537 1485 602 1522 (1016
622 1485 750 1521 Magister
772 1485 855 1513 solvit
869 1485 1053 1513 interimendo
1074 1484 1183 1513 conclu-

340 1532 444 1560 sionem
466 1534 493 1560 et
514 1532 625 1560 videtur
639 1540 694 1560 non
709 1534 783 1560 recte
798 1531 914 1560 solvere.
930 1531 999 1559 Cum
1014 1531 1088 1559 enim
1107 1531 1183 1559 idem

340 1582 367 1608 et
387 1579 536 1607 diverszwn
564 1578 733 1607 sufficienter
759 1578 885 1607 dividant
906 1586 955 1606 605
968 1577 986 1613 ⁶,
1008 1578 1119 1607 videtur
1140 1585 1184 1606 ne-

340 1625 460 1655 cessario
482 1625 572 1662 sequi:
596 1625 690 1662 genuit
710 1625 815 1653 Deum:
838 1632 904 1661 ergo
925 1632 970 1659 se,
991 1624 1036 1653 vel
1056 1624 1152 1652 alium.

418 1672 593 1700 Respounno:
630 1671 784 1700 Dicendum
796 1694 803 1706 ,
833 1671 908 1708 quod
943 1671 1071 1708 Magister
1103 1671 1183 1699 susti-

1244 305 1336 333 nendo
1358 304 1477 341 primam
1499 307 1526 333 et
1547 304 1732 333 interimendo
1754 305 1959 333 conclusionem
1982 305 2093 340 innuit,

1244 351 1450 380 conclusionem
1472 359 1526 379 non
1549 351 1627 388 sequi
1650 359 1686 379 ex
1704 351 1866 388 praemissis
1874 362 1881 386 3
1902 354 1929 380 et
1944 351 2018 388 quod
2033 359 2093 380 non¹

1243 401 1397 435 sequatur,
1418 397 1538 426 ostendit
1564 398 1678 426 1616000
1700 397 1879 426 instantiam⁰
1899 401 1996 427 contra
2017 398 2088 427 illud

1243 444 1423 473 disiunctum.

1321 490 1361 519 Ad
1383 490 1453 519 illud
1475 498 1542 519 vero
1563 490 1638 527 quod
1660 490 1802 524 obiicitur,
1825 490 1900 527 quod
1916 490 1993 518 idem
2007 492 2034 519 et
2048 490 2095 519 cti»

1241 546 1360 565 versum
1375 536 1544 566 sufficienter
1566 537 1716 565 dividunt⁷
1739 544 1806 571 605;
1828 537 1991 571 dicendum,
2012 537 2093 574 quod

1241 583 1405 620 simpliciter
1436 583 1577 620 loquendo
1597 583 1701 612 falsum
1726 586 1775 612 est.
1798 583 1866 611 Nam
1888 591 1954 620 pars
1974 590 2025 612 1166
2046 586 2088 612 est

1241 630 1339 659 eadem
1354 630 1403 658 toti
1424 630 1536 658 omnino
1556 637 1606 658 nec
1628 630 1791 667 simpliciter
1812 630 1932 658 diversa.
1953 629 2038 658 Habet
2051 632 2091 658 16-

1241 684 1306 705 men
1328 676 1474 705 veritatem
1495 676 1653 705 secundum
1674 676 1757 705 taem.
1773 677 1867 705 Unde:
1897 688 1908 701 «
1925 677 1947 705 51
1970 684 2025 705 000
2046 678 2088 705 est

1241 722 1315 751 idem
1331 722 1387 756 alii,
1403 725 1444 751 est
1458 722 1603 751 diversum
1615 735 1625 746 n
1636 745 1642 757 ,
1654 730 1754 750 verum
1769 725 1811 751 est
1826 722 1981 751 secundum
2003 722 2073 752 illud
2081 745 2094 757 ,.

1241 769 1398 798 5660000111
1426 769 1502 806 quod
1530 777 1585 797 non
1615 772 1656 797 est
1683 769 1787 797 1061118.
1809 769 1893 798 Filius
1917 772 2012 798 autem
2032 777 2088 798 non

1241 819 1283 845 est
1304 816 1378 844 idem
1401 816 1474 844 Patri
1496 816 1523 844 111
1539 824 1676 853 persona,
1691 819 1718 845 et
1733 816 1795 845 ideo
1817 816 1845 844 in
1866 823 1985 853 persona
2000 816 2072 845 alius
2080 827 2087 850 ;

1240 870 1291 891 nec
1312 865 1404 891 tamen
1427 862 1568 899 sequitur:
1590 862 1670 890 aliua¹
1691 862 1789 896 Deus,
1817 862 1885 899 quia
1913 862 2093 900 significatur

1240 909 1338 938 alietas
1360 909 1387 937 in
1409 909 1529 937 65560116
1539 908 1557 936 ⁹.

1599 987 1667 1015 Due.
1689 987 1730 1015 111.

1318 1065 1385 1094 Item
1406 1065 1553 1102 quaeritur
1575 1065 1610 1094 de
1624 1065 1677 1094 hac
1692 1065 1883 1100 distinctione,
1905 1072 1990 1102 quam
2010 1065 2094 1102 ponit.

1240 1112 1369 1148 Magister
1391 1111 1493 1140 dehoc
1508 1111 1669 1148 praedicato
1690 1111 1768 1140 Deus
1782 1111 1884 1145 Pater,
1900 1111 1975 1148 quod
1996 1113 2089 1148 potest.

1240 1167 1300 1188 esse
1322 1159 1491 1188 constructio
1513 1158 1679 1195 appositiva
1700 1162 1727 1187 et
1755 1158 1936 1192 immediata,
1959 1158 2004 1187 vel
2033 1167 2092 1187 me-

1240 1205 1362 1234 diatam.
1385 1206 1489 1234 Primo
1510 1206 1584 1234 enim
1612 1205 1740 1240 videtur,
1769 1205 1844 1242 quod
1866 1205 1919 1234 ista
1947 1204 2094 1233 distinctio

1240 1260 1294 1280 non
1316 1252 1352 1281 sit
1373 1252 1554 1289 intelligibilis
1566 1275 1573 1287 ,
1587 1252 1720 1289 quoniam
1747 1259 1819 1288 quae
1843 1259 1880 1279 ex
1895 1251 1993 1280 eadem
2007 1253 2088 1288 parte

1239 1297 1414 1327 intransitive
1435 1301 1654 1332 construuntur,
1676 1298 1808 1326 videntur
1822 1297 1914 1326 solum
1928 1297 2089 1326 immediate

1239 1344 1372 1372 construi.
1393 1344 1464 1372 Item
1485 1344 1613 1379 videtur,
1629 1344 1705 1381 quod
1720 1352 1775 1372 non
1796 1344 1902 1379 solvat,
1923 1344 1989 1381 quia
2011 1345 2094 1372 recta>

1239 1390 1341 1418 solutio
1363 1393 1420 1425 est,
1442 1390 1523 1419 60105
1544 1391 1656 1419 dantem
1682 1391 1841 1428 oppositum
1868 1398 1923 1419 non
1954 1389 2089 1427 contingit

1240 1437 1349 1465 solvere
1362 1437 1395 1471 ¹¹3
1417 1437 1466 1466 sed
1487 1437 1540 1465 ista
1562 1437 1738 1466 distinctione
1762 1440 1885 1471 remota,
1917 1436 2010 1465 adhuc
2032 1444 2089 1464 ma-

1239 1486 1286 1511 net
1307 1483 1465 1520 sophisma,
1488 1484 1510 1512 si
1543 1483 1603 1512 loco
1625 1484 1686 1512 eius
1717 1484 1793 1521 quod
1813 1486 1856 1512 est
1876 1484 1954 1511 0605
1975 1483 2092 1517 Pater,

1240 1530 1332 1559 solum
1353 1533 1473 1567 ponatur
1494 1531 1603 1559 Pater:
1625 1539 1692 1568 ergo
1713 1534 1764 1560 etc.

1318 1577 1494 1605 1165601106οε
1517 1577 1686 1612 Dicendum,
1707 1577 1783 1614 quod
1804 1576 1945 1605 distinctio
1963 1576 2088 1613 Magistri

1239 1622 1312 1651 bona
1332 1625 1374 1651 est
1395 1625 1422 1651 et
1444 1623 1601 1651 5660110010
1623 1626 1721 1651 611601.
1749 1623 1817 1651 Ν601
1847 1623 1918 1651 sicut
1939 1622 2001 1651 vult
2033 1621 2089 1650 Pri-

1240 1670 1351 1698 5616005
1363 1669 1391 1704 ¹²,
1413 1669 1484 1698 inter
1505 1669 1676 1698 adiectivuni
1690 1673 1717 1698 et
1738 1669 1947 1698 substantivum
1961 1668 2094 1705 intelligi-

401 1795 409 1810 ¹
427 1796 519 1818 Praeter
536 1795 606 1818 iidem
623 1802 678 1817 mss,
696 1797 718 1817 et
734 1795 770 1817 ed.
790 1796 797 1817 11
819 1796 902 1823 repetit
918 1796 969 1818 Vat.
987 1797 1024 1818 1116
1041 1795 1082 1819 ita.

402 1834 411 1849 ²
428 1834 530 1862 Supple:
547 1840 572 1856 se
589 1833 696 1856 habendi.
713 1845 744 1850 --
760 1834 793 1856 De
810 1835 852 1856 1166
868 1834 1011 1856 distinctione
1023 1834 1077 1857 vide
1089 1835 1146 1857 infra
1159 1835 1181 1857 d.

340 1874 377 1896 26.
395 1880 417 1902 q.
440 1874 457 1895 1.
475 1877 497 1896 et
514 1874 535 1895 2.

401 1913 411 1928 ³
428 1913 451 1935 ln
469 1919 524 1935 mss.
542 1914 564 1935 et
581 1912 634 1935 edd.
660 1912 743 1934 excidit
765 1912 875 1940 particula
900 1911 942 1941 de,
970 1919 1040 1941 quarn
1065 1915 1182 1935 contextus

339 1952 442 1980 requirit.
1140 1956 1145 1958 “

402 1989 411 2004 ⁴
428 1990 471 2012 Pro
489 1991 576 2012 maiore
592 1990 739 2017 intelligentia
756 1992 779 2011 et
798 1990 948 2017 explicatione
969 1990 1037 2012 huius
1060 1990 1124 2013 dubii
1142 1991 1182 2013 csr.

340 2035 361 2057 q.
384 2029 401 2050 1.
419 2031 441 2051 et
458 2029 478 2050 2.
491 2029 560 2051 huius
571 2028 728 2050 distinctionis.
741 2040 773 2044 —
789 2028 870 2056 Quoad
882 2029 1075 2056 praepositionem
1088 2029 1115 2052 de
1126 2029 1180 2051 vido

339 2067 397 2089 infra
415 2067 438 2089 d.
456 2067 476 2089 5.
495 2074 514 2089 a.
534 2068 554 2089 11.
572 2074 593 2096 q.
613 2068 633 2089 2.

403 2105 413 2119 ⁵
430 2105 534 2133 Aristot.‚
554 2105 583 2127 X.
600 2105 697 2133 Metaph.
715 2107 766 2127 text.
786 2106 822 2127 112.
841 2105 887 2133 (lX.
906 2111 925 2127 6.
943 2106 990 2134 3.);
1008 2105 1080 2128 Omne
1092 2106 1183 2134 etenim,

339 2142 506 2171 quodcumque
522 2144 551 2165 sit
567 2149 622 2170 ens,
641 2145 680 2165 aut
696 2143 759 2165 idem
776 2146 815 2165 aut
832 2143 959 2166 diversum.

404 2182 414 2196 ⁶
430 2182 490 2204 Vide
506 2183 609 2210 Aristot.,
627 2182 650 2204 ll.
667 2182 737 2204 Prior.
755 2188 774 2205 c.
794 2183 829 2204 26.
848 2182 877 2210 (c.
896 2182 942 2211 28.)
960 2182 989 2205 de
1005 2183 1118 2206 Instantia.

402 2220 412 2235 ⁷
428 2220 484 2243 Cod.
502 2221 516 2242 S
534 2220 645 2243 dividant.

401 2258 411 2273 ⁸
427 2258 499 2281 Codd.
518 2259 536 2280 T
554 2265 580 2281 aa
597 2258 629 2281 hb
647 2260 700 2281 satis
712 2258 771 2281 benc
782 2259 871 2281 addunt
886 2265 942 2288 aon,
961 2259 1090 2283 secundum
1108 2259 1180 2288 illud,

339 2297 469 2321 secundam
480 2297 543 2327 quod
554 2299 589 2320 est
598 2297 671 2325 idem,
684 2304 696 2319 6
708 2298 794 2326 quihus
811 2298 861 2320 cod.
873 2298 891 2320 Α
903 2299 925 2320 in
937 2304 964 2320 eo
976 2300 1063 2321 tantum
1076 2298 1182 2327 divergit,

339 2336 403 2365 quod
420 2336 557 2364 particulam
574 2342 622 2359 11011
638 2337 715 2358 minus
732 2336 792 2358 bene
808 2337 936 2364 transponit
952 2339 1005 2364 post
1021 2336 1084 2366 quod
1100 2337 1140 2359 est.

401 2374 411 2389 ⁹
428 2375 461 2397 De
478 2375 522 2397 1106
538 2374 610 2397 dubio
627 2375 666 2397 cfr.
684 2375 745 2397 Alex.
764 2375 819 2403 Hal„
838 2375 860 2397 S.
878 2381 901 2403 p.
919 2375 933 2397 1.
952 2382 973 2404 q.
992 2375 1028 2397 50.
1046 2381 1077 2397 m.
1096 2376 1117 2397 3.
1130 2381 1150 2397 a.
1161 2376 1181 2397 ἱ).

339 2414 352 2442 S
370 2414 378 2435 ¹¹
394 2421 399 2442 ;
418 2414 439 2436 S.
458 2414 554 2442 Thom.,
572 2415 608 2436 hic
626 2421 647 2443 q.
666 2414 687 2437 ’1.
704 2421 724 2436 a.
743 2414 764 2436 3.
782 2414 811 2436 ad
829 2415 849 2436 3.

402 2451 421 2466 ¹⁰
437 2452 488 2475 Vat.
506 2456 558 2480 post
574 2452 705 2482 appositiva
721 2454 803 2475 omittit
819 2454 852 2480 et,
870 2453 934 2482 quod
950 2456 1026 2475 tamen
1044 2459 1097 2475 cum
1114 2453 1150 2476 ed.
1170 2454 1177 2475 l

338 2490 524 2519 0611601600οἾ
542 2497 642 2520 quorum
660 2492 761 2513 nonnulli
784 2491 867 2513 deinde
892 2491 993 2514 indebite
1017 2493 1123 2514 omittunt
1147 2491 1183 2515 vel

341 2529 459 2558 mediata,-
475 2529 542 2552 codd.
561 2530 580 2552 V
598 2530 619 2552 X
632 2531 738 2553 omittunt
748 2531 771 2553 et
785 2530 934 2558 immediata,
952 2531 1016 2559 quod
1035 2534 1110 2553 tamen
1131 2537 1183 2559 pro-

340 2572 390 2597 pter
407 2568 509 2590 subnexa
526 2569 608 2591 melius
624 2569 741 2597 retinetur,
759 2569 816 2597 licet,
829 2569 892 2598 quod
906 2569 935 2591 ad
947 2575 996 2591 rem
1008 2570 1096 2597 attinet,
1110 2571 1183 2592 omitti

341 2608 425 2635 possit,
438 2613 491 2630 cum
503 2606 638 2629 immediata
650 2608 686 2629 1116
698 2607 760 2629 106111
773 2608 801 2629 511
820 2613 873 2629 6010
890 2607 1034 2636 appositiva,·
1048 2608 1069 2629 S.
1083 2608 1164 2630 Thom.
1176 2626 1181 2635 ,

339 2646 377 2668 hie
394 2652 415 2674 q.
434 2647 454 2668 11.
473 2652 492 2668 a.
511 2646 531 2667 3.
549 2645 578 2668 ad
596 2645 616 2668 4.
634 2646 796 2668 constructioni
819 2645 963 2675 appositivae
984 2647 1081 2674 opponit
1096 2645 1181 2669 media·

340 2686 396 2707 tam.
413 2697 444 2701 —
460 2685 576 2707 Distinctio
594 2685 707 2713 Magistri,
725 2685 755 2707 de
777 2691 823 2713 qua
841 2686 877 2707 liic
894 2686 980 2713 agitur,
998 2686 1091 2713 respicit
1115 2686 1181 2707 istam

340 2724 535 2751 propositionem:
554 2723 640 2747 Gemuit
655 2723 743 2751 Deum,
763 2723 805 2753 qni
820 2729 869 2746 71οη
880 2724 913 2746 est
925 2724 988 2746 Deus
999 2724 1077 2746 Pater.
1090 2724 1112 2745 Si
1124 2725 1181 2746 haec

338 2762 411 2784 verba
423 2762 485 2784 Deus
496 2762 567 2785 Pater
583 2762 714 2785 immediate
731 2763 851 2785 coniuncta
868 2763 1031 2791 intelliguntur,
1044 2764 1073 2785 ita
1086 2763 1180 2792 quidem

340 2802 365 2823 ut
390 2801 500 2823 terminus
522 2800 605 2829 Pater,
630 2804 739 2830 tanquam
762 2801 916 2823 determinans
941 2801 1036 2823 alterum
1058 2802 1180 2823 terminum

340 2839 416 2867 Deus,
434 2840 463 2861 sit
479 2841 589 2862 terminus
606 2841 751 2868 principalis,
769 2843 823 2862 tunc
840 2841 966 2868 propositio
978 2843 1012 2863 est
1022 2847 1085 2863 vera.
1096 2841 1181 2863 Sensus

340 2879 400 2901 enim
418 2880 466 2901 est:
485 2878 570 2902 Genua
587 2879 677 2907 Deum,
695 2878 736 2909 qai
759 2885 806 2902 non
824 2880 858 2902 est
873 2879 936 2902 Deus
953 2879 1038 2908 Pater,
1056 2878 1097 2902 sed
1117 2879 1180 2902 Deus
1206 2902 1210 2909 ,

1237 1793 1322 1817 Filius.
1340 1795 1363 1816 Si
1380 1801 1436 1817 vero
1453 1795 1585 1817 disiunctim
1603 1794 1772 1822 intelliguntur,
1789 1795 1819 1817 ita
1837 1796 1861 1816 ut
1878 1794 1989 1816 terminus
2005 1794 2094 1821 princi—

1239 1834 1297 1861 palis
1313 1834 1341 1856 sit
1357 1834 1420 1856 Deus
1430 1852 1435 1862 ‚
1453 1835 1490 1856 cui
1507 1833 1618 1861 deinceps
1634 1834 1779 1861 adiungitur,
1798 1832 1839 1863 qui
1855 1834 1889 1855 est
1900 1833 1987 1861 Pater,
2001 1833 2034 1855 sic
2045 1833 2089 1855 erit

1239 1873 1305 1900 salsa;
1323 1879 1404 1895 sensus
1421 1872 1537 1901 siquidem
1554 1875 1602 1895 est:
1621 1872 1707 1896 szuit
1723 1873 1815 1900 Deum,
1835 1871 1877 1902 qut
1892 1878 1941 1895 non
1957 1872 1991 1895 est
2007 1871 2086 1900 Deus,

1238 1912 1259 1934 et
1275 1912 1339 1934 Deus
1356 1912 1428 1934 Pater
1444 1913 1483 1934 cst.

1303 1950 1321 1964 ¹1
1340 1950 1421 1973 Modus
1438 1951 1479 1973 iste
1496 1950 1620 1979 loquendi,
1638 1951 1677 1979 (101
1695 1950 1795 1973 occurrit
1811 1950 1879 1972 etiam
1897 1950 1956 1972 inira
1973 1948 1995 1971 d.
2009 1949 2045 1971 45.
2063 1955 2091 1977 p..

1240 1988 1263 2010 ll.
1281 1995 1303 2017 q.
1323 1989 1343 2010 l.
1361 1989 1383 2010 in
1400 1995 1463 2016 corp.
1482 1991 1504 2011 et
1520 1989 1542 2011 d.
1562 1988 1598 2011 44.
1616 1995 1635 2011 6.
1654 1990 1674 2011 2.
1693 1995 1715 2017 q.
1733 1989 1792 2011 unic.
1810 1989 1833 2010 in
1850 1994 1926 2017 corp.‚
1944 1990 2035 2010 sumtus
2052 1989 2088 2010 est

1242 2033 1268 2048 ex
1285 2027 1389 2054 Aristot.‚
1405 2027 1428 2049 ll.
1447 2028 1537 2049 Elencli.
1556 2034 1575 2050 c.
1594 2028 1614 2049 3.
1632 2028 1761 2049 secundum
1787 2028 1958 2049 translationem
1983 2027 2087 2049 Boethii:

1240 2066 1297 2088 Nam
1314 2066 1332 2087 51
1350 2069 1410 2088 esset
1426 2066 1483 2088 11666
1499 2067 1596 2094 5010110,
1615 2066 1708 2089 dantem
1725 2067 1858 2094 oppositum
1876 2072 1920 2088 non
1933 2065 2043 2094 possibile
2054 2071 2087 2088 65-

1240 2107 1274 2127 561
1291 2104 1387 2126 solvere.
1405 2105 1538 2127 Secundum
1555 2105 1725 2127 translationem
1747 2109 1824 2128 autem
1841 2105 1877 2128 ed.
1895 2105 1965 2127 Paris.
1984 2104 2091 2133 (Firmin-

1240 2142 1325 2171 Didot.)
1337 2149 1357 2165 6.
1370 2144 1406 2165 22.
1424 2144 1456 2165 516
1474 2143 1584 2166 habetur:
1601 2144 1658 2166 Nam
1676 2145 1694 2166 si
1712 2146 1772 2166 esset
1789 2145 1846 2166 haec
1862 2144 1956 2172 solutio,
1975 2149 2045 2172 quam
2057 2143 2088 2165 as-

1240 2182 1329 2209 serunt,
1347 2182 1387 2210 qui
1404 2183 1544 2204 contrarium
1561 2182 1626 2205 daret
1647 2184 1738 2205 solvere
1755 2189 1801 2205 non
1819 2185 1906 2211 posset.
1922 2194 1954 2199 —-
1965 2182 2034 2205 Paulo
2054 2183 2087 2204 in-

1240 2221 1274 2242 116
1291 2220 1343 2242 cod.
1361 2220 1382 2242 X
1399 2222 1522 2249 maneret,
1541 2221 1592 2244 cod.
1610 2223 1626 2243 Z
1643 2223 1778 2245 remaneret
1794 2223 1845 2244 loco
1861 2222 1948 2245 manet.

1303 2259 1322 2273 12
1339 2259 1400 2281 Libr.
1418 2259 1494 2282 XVlll.
1512 2267 1531 2283 c.
1554 2261 1570 2282 Ι.
1589 2264 1641 2288 post
1658 2261 1774 2283 medium:
1792 2261 1936 2283 Subauditur
1957 2261 2019 2283 enim
2036 2266 2087 2288 par-

1239 2299 1343 2327 ticipium
1364 2299 1430 2321 verbi
1448 2299 1585 2322 substantivi
1603 2306 1659 2328 ens,
1679 2300 1743 2329 quod
1765 2301 1787 2322 in
1804 2307 1848 2323 usu
1866 2306 1927 2322 nune
1951 2299 2019 2322 nobis
2041 2305 2086 2321 non

1239 2340 1287 2365 651,
1305 2343 1347 2365 pro
1369 2344 1415 2366 quo
1432 2344 1558 2366 possumus
1575 2338 1616 2368 qui
1632 2340 1666 2362 cst
1681 2339 1717 2361 vel
1735 2339 1777 2369 qui
1791 2339 1839 2368 fait
1854 2339 1931 2361 dicere
1946 2339 1983 2361 vel
2000 2338 2091 2361 subau-

1239 2375 1295 2398 dire.
1314 2376 1427 2404 Similiter,
1445 2377 1494 2398 aliis
1511 2377 1603 2399 66511105
1621 2378 1788 2399 nominativum
1813 2376 2023 2405 consequentibus,
2046 2376 2084 2399 vel

1239 2415 1398 2443 supradictum
1416 2416 1563 2443 participium
1582 2416 1617 2438 vel
1636 2422 1696 2444 quae
1714 2422 1756 2444 pro
1782 2422 1809 2438 eo
1834 2416 1978 2444 accipiuntur
2002 2415 2086 2437 subau-

1240 2452 1289 2475 dire
1306 2460 1399 2476 necessc
1416 2457 1450 2476 est
1466 2454 1496 2476 ad
1513 2455 1688 2477 nominativum.
1705 2467 1737 2471 —
1753 2455 1800 2477 1166
1822 2455 1930 2477 Prisciani
1947 2454 2026 2482 regula
2044 2459 2087 2481 po-

1239 2492 1293 2519 sita,
1311 2492 1333 2513 S.
1351 2492 1434 2515 Doctor
1451 2499 1502 2514 eam
1520 2493 1634 2521 applicat,
1652 2494 1760 2516 ulteriore
1785 2494 1861 2516 addita
1883 2494 2027 2516 distinctione
2050 2498 2087 2514 re-

1239 2534 1319 2558 spectu
1337 2531 1410 2559 ipsius
1427 2532 1525 2559 copulae
1550 2538 1603 2554 cum
1629 2534 1726 2555 termino
1744 2533 1859 2555 adiuncto.
1877 2533 1934 2554 Nam
1954 2532 2083 2560 appositio,

1239 2570 1257 2591 si
1275 2575 1317 2597 per
1333 2570 1480 2598 participium
1497 2576 1538 2593 ens
1560 2572 1609 2593 sive
1627 2577 1668 2599 per
1684 2572 1806 2594 relativum
1824 2571 1897 2600 (quod
1914 2572 1959 2599 651,
1980 2571 2020 2599 (101
2037 2570 2081 2599 est)

1238 2614 1291 2630 cum
1316 2608 1459 2631 substantivo
1484 2610 1604 2632 coniuncta
1630 2612 1678 2638 est,
1700 2613 1806 2638 respectu
1832 2610 1937 2632 eiusdem
1962 2611 2038 2637 potest
2054 2612 2084 2631 te-

1239 2647 1287 2668 neri
1296 2647 1331 2668 vel
1344 2646 1492 2675 implicatae,
1505 2648 1542 2669 vel
1554 2654 1601 2670 non
1614 2647 1754 2677 implicative
1766 2655 1806 2671 seu
1818 2648 1843 2671 in
1855 2648 1960 2677 quadam
1972 2646 2085 2670 distantia

1238 2685 1297 2713 (sive
1314 2685 1435 2707 relativum
1448 2688 1471 2708 ut
1483 2687 1622 2715 relativum).
1635 2687 1657 2708 Si
1669 2688 1808 2715 implicative
1816 2706 1821 2715 ‚
1834 2691 1888 2710 tunc
1899 2689 1934 2709 est
1945 2687 2085 2709 constructio

1239 2724 1368 2751 appositiva
1388 2726 1409 2745 et
1426 2724 1557 2747 immediata
1574 2742 1579 2752 ‚
1597 2728 1619 2747 et
1636 2725 1704 2747 dictio
1722 2726 1792 2748 haec:
1810 2725 1886 2753 Deus,
1906 2724 1947 2754 qui
1963 2724 1998 2747 est
2013 2723 2085 2746 Pater

1239 2762 1310 2789 (Deus
1327 2763 1340 2784 i.
1359 2769 1378 2785 6.
1396 2763 1469 2791 Pater)
1488 2764 1617 2792 aequivalet
1634 2765 1702 2786 huic:
1720 2764 1799 2792 06115,
1819 2763 1860 2793 qui
1876 2765 1911 2786 est
1926 2762 1974 2793 ipse
1991 2762 2064 2785 Pater
2074 2769 2084 2789 ‚·

1238 2802 1256 2823 si
1274 2808 1319 2823 non
1337 2802 1490 2830 implicative,
1508 2804 1563 2825 tune
1580 2804 1718 2826 constructio
1736 2804 1833 2826 habetur
1850 2803 1961 2830 mediata,
1974 2804 1996 2824 et
2014 2801 2087 2823 dictio

1239 2841 1307 2862 haec:
1322 2841 1397 2869 Deus,
1417 2840 1458 2870 qui
1473 2842 1507 2864 est
1523 2842 1595 2864 Pater
1611 2842 1740 2870 aequivalet
1752 2843 1817 2864 huic:
1830 2842 1907 2869 Deus,
1928 2841 1949 2863 et
1965 2840 2004 2863 illc
2021 2840 2088 2862 Deus·

1238 2880 1272 2902 est
1288 2879 1372 2908 Pater,
1391 2880 1441 2902 sive
1458 2881 1542 2903 etiam:
1560 2880 1636 2909 Deus,
1656 2881 1734 2910 quatis
1751 2882 1785 2904 est
1800 2881 1879 2903 Pater.
