2253 3317
881 236 1239 294 PROOEMIUM

483 358 830 451 SANOTI
872 356 1638 447 BONAVENTURAE

675 510 718 544 IN
744 508 899 544 LIBRUM
925 507 1088 542 PRIMUM
1116 506 1446 543 SENTENTIARUM.

267 937 391 967 Verbum
406 936 493 967 istud,
509 935 603 973 quod¹
620 937 745 963 sumtum
767 935 808 961 est
833 939 876 960 ex.
898 930 944 958 lob
967 930 1038 978 vige-

191 984 261 1013 simo
286 985 402 1017 octavo,
427 981 588 1018 diligentius
609 979 817 1009 consideratum
831 977 911 1006 nobis
926 978 1038 1013 aperuit

190 1031 265 1059 viam
279 1031 315 1059 ad
330 1027 624 1067 praecognoscendum
636 1026 817 1063 quadruplex
833 1032 921 1061 genus
936 1029 1036 1052 causae

192 1077 218 1104 in
234 1076 306 1104 libro
323 1074 545 1107 Sententiarum,
567 1073 671 1101 scilicet
687 1071 862 1104 materialis,
877 1069 1016 1107 formalis
1027 1092 1035 1103 ,

191 1121 339 1160 efficientis
357 1125 384 1150 et
401 1120 511 1158 finalis.
527 1120 617 1148 Causa
638 1127 759 1155 namque
781 1117 933 1146 materialis
949 1117 1037 1144 innui-

191 1171 237 1196 tur
255 1168 282 1196 in
297 1167 409 1196 nomine
422 1167 594 1204 fluviorum,
608 1173 692 1194 causa
704 1165 829 1193 formalis
841 1164 868 1192 in
880 1166 1037 1200 perscruta-

190 1215 265 1243 tione
282 1212 505 1250 proftmdorum
515 1236 523 1246 ,
539 1220 624 1242 causa
639 1212 731 1240 finalis
748 1213 774 1240 in
790 1211 959 1240 revelatione
974 1210 1037 1238 abs-

190 1260 390 1294 conditorum,
406 1268 491 1289 causa
506 1268 573 1289 vero
592 1259 715 1288 efficiens
737 1258 902 1295 intelligitur
925 1259 951 1286 in
973 1265 1037 1294 sup-

189 1306 281 1343 posito
302 1306 425 1334 duorum
451 1307 620 1341 verborum,
643 1306 747 1335 scilicet
771 1309 923 1333 scrutata-s·
949 1308 989 1332 est
1009 1307 1036 1333 et

187 1353 335 1390 procluoeit
348 1353 379 1381 in
401 1352 501 1381 lacem.

271 1399 398 1428 Innuitur
415 1399 423 1412 ²
468 1407 550 1428 causa
586 1398 751 1427 materialis
787 1397 897 1426 nomine
936 1396 1037 1433 flavio—

73 1448 132 1466 C=³¹¹⁵³
146 1453 184 1466 ¹¹¹³-
195 1455 264 1475 rum
285 1446 446 1483 pluraliter,
461 1455 515 1475 non
531 1446 725 1483 singulariter,
746 1448 778 1474 ut
798 1453 853 1473 non
874 1445 965 1474 solum
979 1448 1037 1474 tan-

52 1471 184 1535 ῗζῖἳὲιέῑιῦῗῖιᾞίἷ
193 1494 276 1529 gatur
308 1492 371 1520 libri
403 1492 488 1520 totius
519 1492 635 1520 materia
656 1492 701 1520 vel
728 1491 886 1520 subiectum
908 1491 935 1519 in
957 1499 1036 1527 gene-

52 1523 146 1559 fflfffl
168 1523 254 1574 ““1’311,
275 1540 324 1568 sed
352 1539 435 1568 etiam
462 1539 677 1576 particularium
706 1538 843 1567 librorum
866 1539 892 1566 in
914 1538 1035 1575 speciali.

193 1587 309 1624 Propter
330 1587 405 1624 quod
426 1586 600 1620 notandum,
615 1586 689 1623 quod
712 1586 793 1614 iuxta
814 1584 1036 1623 quadruplicem

65 1633 185 1656 Q¹¹ssdr¹¹r¹2x
193 1633 392 1669 proprietatem
413 1632 491 1660 fluvii
512 1631 664 1660 materialis
682 1631 862 1668 quadruplex
876 1634 918 1660 est
932 1632 1036 1660 fluvius

6 1654 7 1672 l
53 1657 157 1680 proprietas

53 1680 104 1712 ssavi}
124 1682 183 1706 mate,-
195 1677 364 1713 spiritualis,
385 1677 420 1706 de
441 1685 496 1714 quo
511 1677 666 1705 secundum
681 1676 895 1714 quadruplicem
910 1677 1037 1705 differen-

53 1703 261 1750 {3}‡¹;,i}f·⁵1‘¹·tiam
282 1726 347 1751 sunt
374 1725 495 1760 quatuor
522 1722 585 1750 libri
615 1722 829 1751 Sententiarum.
858 1722 1008 1750 Considero
1026 1723 1035 1735 ³

193 1776 315 1805 namque
336 1768 455 1796 fluvium
475 1768 647 1796 materialem
670 1768 763 1804 quoad
792 1768 988 1802 durationem,
1009 1771 1037 1796 et

194 1815 304 1843 invenio
331 1814 552 1851 perennitatem.
574 1814 642 1842 Nam
678 1814 749 1842 sicut
777 1813 843 1842 dicit
871 1813 1034 1842 Isidorus⁴z

201 1861 337 1890 «Fluvius
357 1864 399 1890 est
420 1861 551 1898 perennis
570 1861 705 1889 fluxus».
730 1861 881 1890 Considero
899 1865 1035 1898 quantum

193 1909 229 1938 ad
251 1910 458 1944 extensionem,
488 1912 515 1937 et
542 1908 652 1936 invenio
680 1908 898 1944 spatiositatem.
927 1908 955 1936 ln
984 1909 1036 1937 hoc

193 1956 267 1984 enim
288 1956 470 1993 distinguitur
490 1955 595 1984 fluvius
615 1963 631 1983 a
652 1954 752 1983 rivulo.
775 1955 925 1984 Considero
950 1963 1037 1992 quan-

193 2004 253 2030 tum
289 2002 324 2030 ad
356 2005 483 2032 motum,
504 2004 531 2030 et
562 2001 672 2030 invenio
700 2000 929 2029 circulationem.
961 2001 1036 2030 Sicut

257 2110 263 2124 ¹
283 2111 420 2133 Auctoritato
443 2117 496 2133 msS.
514 2114 536 2132 et
552 2110 588 2133 ed.
611 2111 615 2132 Ι
638 2111 659 2132 111
682 2111 724 2132 1136
741 2111 897 2138 propositione
919 2110 1037 2133 substitui-

193 2154 246 2171 mus
270 2150 462 2171 constructionem
488 2149 625 2177 relativam,
653 2149 760 2171 addendo
784 2150 847 2179 quod
871 2154 893 2172 et
915 2152 966 2177 est,
993 2155 1037 2177 pro

193 2187 325 2215 simpliciori
351 2188 499 2216 participiali,
527 2194 597 2216 quam
624 2187 692 2211 habet
717 2189 766 2211 Vat.
792 2188 841 2210 Mox
859 2188 967 2216 ponendo
984 2195 1037 2218 ape-

193 2226 243 2249 ruit
259 2227 309 2249 loco
327 2227 403 2256 aperit
418 2228 538 2256 sequimur
550 2230 728 2256 praestantiores
749 2235 775 2251 ex
797 2229 879 2251 nostris
891 2228 958 2251 codd.
972 2228 1036 2251 ABC

193 2265 209 2287 E
220 2266 238 2287 G
248 2266 287 2287 ΚΟ
297 2266 314 2287 R
325 2266 340 2287 S
351 2267 369 2288 T
381 2266 410 2288 W
420 2266 439 2288 X
450 2267 469 2288 Y
487 2267 501 2288 st
518 2267 620 2296 aliosque
631 2285 636 2295 ,
648 2274 707 2296 quos
722 2269 850 2296 specialiter
867 2269 1035 2292 consuluimus.

256 2304 265 2318 ²
284 2305 345 2333 Vat,
363 2305 532 2333 refragantibus
548 2312 602 2328 mss.
620 2310 641 2329 et
658 2306 694 2329 ed.
717 2307 738 2334 l,
757 2307 820 2329 addit
842 2308 878 2329 hie
900 2309 1035 2336 particulam

193 2343 269 2371 enim,¹
288 2344 338 2365 cod.
356 2344 374 2365 Y
391 2344 467 2367 adiicit
483 2345 577 2371 autem,·
595 2346 747 2373 praeferimus
764 2348 839 2368 tamen
852 2347 971 2369 lectionem
984 2347 1036 2369 alio-

193 2389 245 2404 rum
264 2382 330 2404 codd.
348 2386 370 2405 et
386 2383 421 2405 ed.
441 2384 465 2409 ’1,
484 2384 522 2412 qui
540 2383 666 2412 quamlibet
682 2384 816 2412 particulam
834 2385 947 2407 omittunt.

256 2420 265 2435 ⁸
282 2421 360 2443 Plures
382 2421 448 2443 codd.
467 2425 491 2443 ut
509 2422 626 2444 AGlOT
637 2423 656 2445 V
667 2422 724 2444 WY
741 2429 768 2445 aa
793 2423 824 2445 bb
843 2422 1017 2447 considerando
1029 2443 1034 2452 ,

193 2459 232 2487 qui
250 2462 271 2481 et
288 2459 371 2481 deinde
388 2462 482 2486 propter
495 2463 604 2482 mutatam
617 2461 809 2483 constructionem
821 2464 874 2489 post
885 2461 1035 2485 durationem

192 2498 299 2520 omittunt
315 2499 341 2520 ct.
360 2497 422 2519 Idem
439 2499 535 2521 recurrit
551 2500 572 2520 in
590 2499 663 2521 tribus
686 2499 785 2522 subinde
811 2500 960 2529 sequentibus
984 2508 1035 2529 pro-

193 2537 351 2565 positionibus.
371 2538 444 2560 Lectio
462 2538 530 2565 111166,
549 2541 627 2565 utpote
644 2539 666 2560 in
684 2545 708 2561 se
725 2540 865 2568 elegantior,
889 2546 933 2562 non
958 2540 1034 2568 displi-

193 2579 266 2604 ceret,
279 2577 297 2598 si
311 2576 430 2598 sufficienti
449 2582 544 2598 numero
562 2576 629 2599 codd.
641 2577 768 2606 fulciretur,
780 2581 802 2600 et
814 2579 832 2600 si
844 2578 953 2606 praedicti
965 2579 1032 2601 codd.

191 2614 233 2637 sihi
251 2618 390 2643 constarent3
408 2618 431 2637 at
447 2616 468 2637 in
487 2616 565 2638 ultima
583 2617 739 2644 propositione
756 2618 889 2645 paucissimi
907 2617 975 2639 codd.
990 2624 1032 2645 pro

192 2655 234 2676 hac
252 2654 346 2676 lectione
363 2654 514 2681 reperiuntur.

255 2691 263 2706 4
281 2691 340 2713 Libri
359 2692 412 2713 Xlll.
423 2692 549 2719 Etymolog.
572 2693 620 2714 sive
637 2692 771 2720 Originum,
790 2699 808 2715 e.
827 2694 851 2715 21
866 2699 870 2716 :
888 2694 982 2716 Fluvius
998 2697 1033 2716 est

192 2732 299 2759 perennis
315 2737 429 2759 aquarum
446 2730 570 2759 decursus,
588 2737 599 2752 a
617 2731 709 2753 fluendo
726 2733 839 2760 perpetim
855 2732 937 2755 dictus.

254 2770 264 2784 5
280 2770 345 2791 Vei-s
363 2769 427 2791 7.—-
443 2769 493 2791 Vat.
515 2772 593 2791 contra
610 2775 664 2791 mss.
683 2773 704 2792 et
721 2770 772 2792 edd.
796 2771 818 2798 l,
837 2771 862 2798 2,
881 2771 906 2799 3,
930 2771 943 2792 6
961 2771 1031 2793 modo

193 2810 267 2831 activo
285 2808 339 2831 (licit
355 2807 512 2831 Ecclesiaste&

254 2847 263 2861 ⁶
281 2847 351 2869 Codd.
371 2847 385 2868 F
396 2847 414 2868 M
426 2847 445 2868 X
463 2847 505 2868 sibi
523 2850 651 2869 constantes
667 2847 755 2870 addunt
771 2849 887 2877 quantum
905 2848 942 2871 acl.

318 2892 341 2915 S.
359 2892 445 2915 Bonan⁴
463 2905 494 2908 —
512 2893 576 2914 Toni⁴
595 2893 608 2914 l.

1359 742 1472 765 Profunda
1487 743 1610 765 iuniorum
1623 748 1737 767 scrutatus
1749 749 1792 772 cst,
1806 748 1826 767 ct
1840 745 1934 768 abscon-

1437 788 1482 810 dita
1500 789 1608 816 produxit
1624 790 1645 811 in
1664 790 1745 812 lucem

1720 845 1766 873 lon,
1785 852 1863 875 xxvm,
1882 848 1890 868 ·l
1899 848 1918 869 1.

1094 925 1168 953 enim
1189 925 1291 954 dicitur
1313 926 1489 955 Ecclesiastis
1510 927 1636 963 111-1111οἫ
1660 930 1708 957 Act
1730 930 1836 965 locam,
1858 932 1935 961 uncte

1092 974 1197 999 enecant
1214 970 1361 1007 flamina,
1389 976 1577 1002 revertantur
1605 977 1656 1003 etc.
1679 975 1829 1005 Considero
1842 978 1851 991 ⁶
1873 979 1935 1008 6116-

1093 1020 1188 1052 ctum,
1211 1021 1238 1046 et
1258 1018 1369 1047 invenio
1395 1020 1637 1048 emandationem.
1659 1021 1727 1050 Nam
1748 1023 1852 1052 fluvius
1873 1033 1935 1061 pro-

1093 1068 1155 1101 pter
1185 1073 1325 1101 aquarum
1355 1066 1555 1095 abundantiam
1594 1070 1711 1098 mundat
1748 1073 1852 1105 terras,
1884 1079 1934 1108 per

1093 1119 1163 1147 quas
1185 1112 1291 1146 currit,
1314 1113 1351 1141 ita
1371 1114 1446 1149 quod
1461 1122 1515 1142 non
1530 1115 1693 1152 inquinatur
1710 1117 1727 1145 ⁷.
1751 1117 1781 1144 Et
1802 1118 1935 1154 quoniam

1092 1165 1189 1186 omnes
1221 1160 1419 1189 transferentes
1444 1162 1601 1190 secundum
1629 1163 1752 1200 aliquam
1780 1164 1936 1194 similitudi-

1093 1213 1157 1233 nem
1188 1207 1360 1235 transferunt
1373 1208 1391 1242 ⁸,
1419 1216 1456 1237 ex
1485 1209 1536 1238 hac
1567 1210 1746 1246 quadruplici
1779 1212 1935 1241 conditione

1093 1256 1186 1280 sumta
1207 1254 1389 1291 metaphora,
1411 1256 1591 1293 quadruplex
1613 1257 1641 1285 in
1663 1258 1857 1295 spiritualibus
1885 1259 1935 1288 ssu-

1093 1300 1156 1329 vius
1177 1300 1334 1337 invenitur,
1356 1302 1428 1331 sieut
1459 1303 1589 1340 colligere
1617 1313 1768 1341 possumus
1796 1314 1831 1335 ex
1867 1307 1935 1335 Scri—

1092 1348 1195 1384 pturis.

1172 1395 1291 1429 Primo,
1322 1399 1438 1433 propter
1462 1398 1674 1434 perennitatem
1706 1400 1808 1428 dicitur
1830 1401 1934 1431 fluvius

1091 1448 1277 1477 personarum
1299 1444 1445 1478 emanatio,
1461 1445 1593 1481 quoniam
1608 1446 1655 1474 illa
1669 1448 1807 1476 emanatio
1821 1449 1880 1477 sola
1894 1453 1935 1478 est

1093 1487 1151 1516 sine
1172 1488 1324 1525 principio,
1346 1488 1404 1517 sine
1426 1489 1480 1518 fine
1496 1490 1515 1518 ⁹.
1538 1491 1576 1519 De
1602 1492 1654 1520 1106
1670 1492 1756 1521 fluvio
1777 1493 1873 1523 Daniel
1896 1503 1938 1523 se-

1093 1534 1180 1571 ptimo
1197 1535 1234 1562 ¹⁰:
1257 1535 1405 1573 Antissam
1426 1536 1542 1565 dierum
1563 1539 1654 1573 sedit,
1670 1543 1695 1567 ct
1709 1539 1819 1576 flavias
1835 1542 1936 1578 iyneus

1093 1581 1274 1620 rapidusque
1304 1584 1507 1620 egrediebatur
1538 1594 1557 1613 a
1587 1585 1666 1622 facie
1696 1588 1767 1616 eius.
1799 1589 1936 1625 Antiquus

1092 1627 1144 1656 iste
1166 1628 1277 1656 dierum
1299 1632 1340 1658 est
1361 1629 1440 1658 Pater
1462 1633 1607 1665 aeternus,
1629 1632 1709 1661 cuius
1723 1634 1874 1670 antiquitas
1895 1637 1937 1663 est

1092 1673 1250 1702 aeternitas.
1280 1674 1332 1703 Iste
1360 1675 1493 1712 antiquus
1514 1676 1603 1711 sedit,
1625 1678 1691 1714 quia
1720 1686 1775 1707 non
1796 1679 1887 1708 solum
1909 1680 1937 1708 in

1093 1727 1125 1747 eo
1146 1723 1188 1748 est
1208 1721 1370 1756 aeternitas,
1386 1723 1435 1751 sed
1450 1722 1533 1751 etiam
1550 1723 1760 1754 immutabilitas
1774 1726 1804 1753 ¹¹.
1820 1727 1843 1754 A
1859 1725 1938 1763 facie

1093 1767 1173 1796 illias
1194 1768 1311 1806 antiqui
1330 1769 1531 1806 egrediebatur
1551 1769 1662 1806 flavius
1684 1772 1785 1809 igneas
1799 1774 1938 1810 rapidas-

1092 1821 1162 1850 que,
1184 1813 1212 1841 id
1240 1817 1297 1848 est,
1319 1814 1354 1843 de
1382 1814 1553 1844 sublimitate
1581 1816 1733 1846 divinitatis
1758 1819 1819 1847 eius
1840 1827 1934 1855 proce-

1093 1861 1176 1889 debat
1197 1861 1341 1898 plenitudo
1357 1863 1471 1890 amoris
1493 1866 1520 1891 et
1534 1863 1679 1900 plenitudo
1702 1865 1837 1894 virtutis:
1853 1867 1938 1903 pleni-

1093 1908 1161 1936 tudo
1181 1907 1301 1936 *vn-tuas
1332 1909 1358 1937 in
1381 1910 1447 1938 Filio
1460 1910 1491 1944 ¹²,
1513 1910 1574 1939 ideo
1595 1910 1699 1940 fluvius
1720 1916 1780 1941 erat
1805 1914 1936 1950 rapidus;

1093 1954 1237 1991 plenitudo
1257 1956 1371 1984 amoris
1392 1956 1419 1984 in
1451 1957 1555 1994 Spiritu
1577 1961 1686 1992 sancto,
1702 1962 1729 1987 et
1750 1959 1812 1987 ideo
1832 1960 1937 1990 fluvius

1092 2004 1153 2030 erat
1174 2001 1279 2037 igneus.

1157 2110 1167 2125 ⁷
1184 2110 1233 2133 Vat.
1251 2110 1424 2140 inquinantur,
1442 2112 1483 2134 sed
1501 2112 1573 2141 salso,
1591 2114 1622 2135 uti
1634 2119 1660 2136 ex
1674 2115 1825 2143 applicatione
1842 2116 1937 2138 interius

1094 2149 1152 2172 tacta
1169 2150 1283 2178 colligitur
1294 2168 1299 2178 ,
1316 2154 1339 2173 et
1354 2151 1538 2179 repugnantibus
1554 2158 1608 2175 mss.
1626 2159 1653 2175 ac
1669 2153 1705 2175 ed.
1727 2155 1744 2176 1.

1156 2188 1166 2203 ⁸
1182 2189 1243 2211 Haec
1268 2190 1394 2217 propositio
1420 2195 1447 2212 ex
1468 2190 1504 2212 Vl.
1524 2190 1602 2218 Topic.
1621 2191 1745 2214 Aristotelis
1770 2199 1788 2215 c.
1815 2194 1835 2215 ⁴2.
1861 2197 1935 2217 sumta

1093 2227 1174 2249 iisdem
1192 2227 1270 2250 verbis
1286 2227 1406 2251 exhibetur
1422 2229 1443 2250 in
1461 2229 1497 2251 ed.
1515 2235 1613 2257 operum
1630 2230 1754 2253 Aristotelis
1770 2232 1881 2260 impressa
1894 2232 1936 2254 Vc-

1093 2266 1159 2288 netiis
1176 2273 1218 2295 per
1235 2267 1373 2295 Gregorium
1386 2266 1415 2289 de
1428 2267 1544 2296 Gregoriis
1556 2270 1662 2297 expensis
1677 2269 1792 2292 Benedicti
1808 2270 1920 2293 Fontanac
1930 2288 1935 2298 ,

1094 2304 1154 2327 '1496
1165 2324 1170 2334 ,
1188 2308 1210 2327 et
1226 2306 1248 2327 in
1265 2306 1301 2328 ed.
1319 2306 1438 2329 Parisiensi
1456 2307 1484 2329 ah
1502 2307 1623 2330 Ambrosio
1636 2308 1804 2337 Firmin-Didot,
1826 2309 1894 2337 187&
1913 2311 1935 2331 in

1093 2344 1142 2366 aliis
1158 2351 1215 2367 vcro
1232 2344 1284 2367 edd.
1302 2344 1400 2368 habetur
1422 2346 1467 2368 ita:
1493 2345 1578 2368 Omnes
1601 2347 1662 2369 enim
1688 2348 1821 2375 metaphora
1847 2352 1936 2371 utentes

1093 2382 1221 2405 seeundum
1238 2383 1338 2411 aliquam
1355 2384 1526 2406 similitudinem
1544 2391 1569 2406 63
1589 2386 1805 2408 [nummu—Paulo
1819 2390 1883 2414 post,
1901 2393 1935 2409 re-

1093 2420 1218 2443 nitentibus
1234 2427 1288 2443 mss.
1307 2425 1329 2443 et
1345 2422 1380 2444 ed.
1395 2422 1402 2443 Ἰ1
1415 2440 1419 2449 ,
1439 2422 1487 2445 Vat,
1506 2423 1564 2444 male
1576 2424 1657 2445 omittit
1667 2425 1747 2446 sumta
1755 2432 1763 2451 ,·
1776 2424 1858 2446 ‹lcindc
1871 2426 1936 2453 ponit

1091 2459 1170 2488 flaviis
1187 2465 1230 2487 pro
1246 2459 1340 2488 flavius.

1154 2498 1163 2511 ⁹
1180 2497 1235 2520 Cod.
1254 2498 1272 2519 Y
1294 2498 1397 2520 ultimam
1422 2500 1585 2526 propositionis
1610 2503 1698 2527 partem
1723 2502 1755 2522 sic
1779 2501 1885 2524 exbibet:
1910 2501 1934 2525 ίη

1091 2537 1210 2565 quantum
1227 2535 1278 2565 ipsa
1294 2535 1347 2558 sola
1363 2537 1398 2558 est
1413 2536 1462 2559 sine
1475 2536 1593 2566 prinm'pm
1611 2539 1633 2560 et
1648 2537 1697 2560 sine
1713 2539 1765 2567 sine.

1154 2575 1173 2589 1⁰
1191 2575 1276 2597 'l'extus
1293 2576 1334 2597 iste
1351 2576 1434 2603 partim
1453 2581 1479 2597 ex
1492 2582 1514 2597 v.
1527 2577 1549 2603 9,
1564 2577 1646 2604 partim
1664 2583 1691 2599 ex
1708 2584 1730 2599 v.
1748 2579 1772 2599 ΙΟ
1792 2583 1882 2602 sumtus
1893 2584 1934 2603 cst.

1154 2614 1170 2628 ¹¹
1191 2614 1230 2636 Ed.
1253 2615 1257 2635 1
1279 2613 1512 2637 incommutabilitas.

1154 2654 1173 2668 ¹2
1189 2654 1239 2675 Vat.
1258 2652 1343 2676 Filium
1368 2656 1389 2675 et
1405 2654 1475 2681 paulo
1492 2657 1544 2681 post
1561 2653 1677 2683 Spiritum
1695 2657 1823 2684 sanctum;
1841 2657 1881 2679 scd
1907 2659 1935 2681 16.

1089 2696 1187 2718 ctionem
1205 2694 1226 2715 in
1245 2696 1329 2715 textum
1347 2696 1477 2720 receptam⁷
1496 2700 1554 2721 quac
1577 2697 1609 2716 est
1633 2694 1679 2716 scre
1705 2697 1808 2718 omnium
1834 2703 1887 2720 mss.
1913 2700 1936 2720 et

1088 2735 1124 2757 ed.
1148 2734 1152 2755 Ι
1168 2751 1172 2761 ‚
1191 2732 1342 2760 praeferimus
1359 2735 1478 2760 tamquam
1496 2733 1629 2761 meliorcm;
1648 2734 1691 2762 ipsi
1708 2736 1768 2757 enim
1781 2738 1879 2759 termino
1892 2740 1935 2765 pri*

1089 2779 1140 2795 mae
1157 2772 1306 2794 emanationis
1323 2770 1414 2793 divinae
1432 2772 1480 2793 sive
1498 2772 1552 2794 Filio
1569 2774 1731 2800 appropriatur
1759 2774 1833 2798 virtus
1859 2777 1932 2801 (infra

1088 2811 1110 2833 d.
1131 2810 1170 2832 32.
1189 2816 1207 2831 a.
1227 2810 1246 2831 2.
1265 2815 1286 2837 q.
1305 2809 1326 2830 2.
1344 2809 1373 2830 ad
1390 2810 1428 2831 ult.
1440 2809 1459 2837 )7
1478 2810 1591 2832 secundae
1604 2817 1660 2833 vcro
1672 2814 1820 2835 emanationis
1838 2816 1934 2837 termino

1089 2849 1137 2870 sive
1155 2848 1248 2875 Spiritui
1265 2850 1342 2869 sancto
1359 2853 1429 2869 ((111οΓ
1447 2847 1484 2875 (d.
1507 2848 1540 2869 10.
1558 2854 1576 2870 a.
1596 2849 1616 2870 2.
1634 2856 1655 2877 q.
1679 2851 1721 2877 1.).

1952 1438 2063 1465 Perennitas

1962 1464 2053 1484 signiticat

1956 1490 2077 1508 personarum

1947 1508 2052 1526 divinarum
2059 1515 2078 1528 6-

1963 1531 2053 1551 manatio-

1979 1559 2027 1572 110111.
