2253 3317
18 529 133 548 notandum.

889 118 1075 147 DlSTINCTlO
1096 118 1150 147 XV.

146 198 207 235 prie
221 198 343 231 dictum,
358 197 424 234 quia
438 196 513 233 quod
527 195 670 233 diffusum
690 199 744 231 est,
765 196 925 233 dispersum
940 198 989 230 est,

147 247 174 273 et
194 244 285 272 virtus
306 244 432 280 dispersa
452 243 544 272 minor
565 245 617 271 est:
640 242 663 272 si
687 251 754 280 ergo
778 242 879 271 caritas
892 245 990 279 potens

144 292 203 324 est,
224 297 277 317 non
300 297 367 326 ergo
388 288 471 317 dehet
491 288 545 317 dici
567 287 686 326 diffusa.

225 337 398 365 Rasronnao:
419 335 583 369 Dicendum,
599 335 674 372 quod
689 333 810 371 infundi
823 337 850 363 et
864 333 992 372 diffundi

146 382 259 423 proprie
279 382 383 411 dicitur
402 381 539 410 humoris.
560 381 622 418 Ipsa
642 383 737 409 autem
755 380 856 409 caritas
877 380 990 409 humori

146 431 341 465 comparatur,
363 428 429 464 quia
450 427 522 456 sicut
542 427 627 455 arhor
648 427 802 455 fomentum
823 429 850 455 et
864 426 949 454 vitam
964 429 991 455 et

146 475 316 504 viriditatem
338 474 422 503 habet
449 474 485 502 ab
515 474 647 507 humore,
680 473 718 502 sic
749 476 806 501 tota
836 473 990 510 spiritualis

146 521 275 550 machina
295 520 331 549 ab
351 527 455 548 amore.
477 520 530 548 Iste
550 523 645 548 autem
665 527 744 547 amor
766 518 947 556 infunditur,
962 520 990 548 in

147 570 284 605 quantum
305 567 377 595 intra
390 566 399 581 ¹
415 566 549 603 recipitur
555 576 562 600 3
577 564 755 603 diffunditur
770 573 849 599 vero,
864 566 891 593 in
906 574 991 602 quan-

146 616 206 642 tum
227 621 263 642 ex
286 612 390 641 intimis
410 612 564 649 procedens
585 612 682 640 dilatat
708 611 837 640 affectum
859 611 894 640 ad
925 611 992 640 dile-

1830 120 1886 147 255

1046 195 1164 224 ctionem
1185 195 1340 224 multorum
1361 199 1388 224 et
1409 198 1502 224 movet
1522 203 1618 224 omnes
1632 196 1741 224 animae
1763 196 1836 225 vires
1851 197 1886 225 ad

1046 242 1133 270 bonas
1153 241 1335 279 operationes.
1364 242 1526 279 «Operatur
1553 242 1626 271 enim
1649 250 1764 279 magna,
1786 243 1808 271 si
1829 246 1886 277 est3

1046 289 1068 316 si
1092 296 1157 317 vero
1177 289 1287 325 operari
1309 289 1416 323 renuit,
1437 297 1516 317 amor
1536 297 1591 317 non
1613 292 1654 318 est
1669 302 1696 324 u,
1718 289 1790 318 sicut
1820 290 1886 318 dicit

1046 334 1196 371 Gregorius
1207 334 1225 362 ².
1248 335 1278 363 Et
1292 335 1354 364 ideo
1369 335 1503 365 Dominus
1517 335 1583 364 dicit
1601 336 1709 364 loannis
1730 336 1847 373 septimo
1859 336 1884 364 5:

1046 380 1186 408 Flumina
1201 381 1234 408 de
1244 384 1341 409 ventre
1354 381 1417 409 eius
1430 381 1519 417 fluent
1544 390 1639 419 aquae
1653 382 1744 410 vivae.
1757 399 1795 402 —
1806 382 1884 418 Quod

1045 434 1112 463 ergo
1132 426 1234 455 dicitur
1251 427 1327 464 quod
1351 427 1499 462 minuitur,
1514 428 1675 463 dicendum,
1697 428 1772 465 quod
1786 436 1886 458 verum

1046 475 1088 501 est
1109 473 1136 501 in
1158 473 1201 502 his
1222 481 1293 510 quae
1314 474 1418 502 habent
1431 477 1524 503 ortum
1539 474 1574 502 al)
1587 474 1694 511 origine
1707 474 1885 510 deficiente⁴,

1046 519 1118 547 sicut
1138 522 1180 548 est
1200 520 1227 548 in
1249 520 1355 557 puteis,
1377 521 1404 548 in
1425 521 1527 557 quibus
1557 529 1612 549 non
1639 521 1708 549 vivit
1731 529 1812 558 aqua.
1833 521 1886 549 Sed

1046 565 1147 594 caritas
1168 566 1252 594 habet
1271 566 1406 602 originem
1427 566 1642 601 indeficientem,
1664 567 1735 595 sicut
1755 566 1859 595 fluvius
1867 567 1885 594 ⁵.

854 704 1091 738 DISTINCTIO
1116 705 1182 737 XV.

962 798 1034 825 PARS
1055 798 1072 826 1.

517 883 578 910 Car.
598 884 616 910 1.

264 969 339 1001 Quod
358 968 476 1004 Spiritus
494 973 602 995 sanctus
621 976 638 994 α
655 976 682 995 se
700 968 758 1003 ipso
778 967 877 998 datur,

354 1015 377 1037 ec
395 1010 484 1038 Filias
503 1020 519 1037 a
538 1019 565 1037 se
584 1010 642 1046 ipso
660 1010 787 1037 mittitur.

218 1098 266 1124 Hie
280 1096 504 1124 considerandum
524 1099 576 1129 est,
590 1103 652 1122 cum
666 1096 781 1130 Spiritus
794 1098 902 1122 sanctus
916 1094 995 1121 detur

148 1140 302 1167 hominihus
321 1147 337 1166 a
354 1139 432 1166 Patre
453 1142 478 1165 et
496 1139 575 1170 Filio,
589 1138 661 1172 quod
681 1141 720 1165 est
736 1138 825 1172 ipsum
844 1137 995 1171 temporali-

148 1186 188 1210 ter
206 1182 354 1217 procedere
374 1181 408 1208 ab
427 1184 542 1215 utroque
561 1181 603 1207 vel
623 1181 703 1211 mitti,
723 1183 813 1207 utrum
832 1180 912 1206 etiam
932 1187 946 1206 a
965 1186 994 1205 se

150 1226 208 1260 ipso
229 1225 315 1251 detur.
335 1224 362 1251 Si
377 1224 456 1250 datur
470 1231 485 1250 a
504 1231 545 1255 se,
565 1226 591 1249 et
605 1222 725 1257 procedit
743 1222 784 1249 vel
804 1222 916 1248 mittitur
930 1229 943 1248 a
958 1229 995 1248 se.

150 1268 190 1294 Ad
209 1267 280 1302 quod
301 1267 431 1298 dicimus,
451 1266 514 1300 quia
527 1266 643 1300 Spiritus
662 1268 770 1292 sanctus
783 1268 809 1291 et
827 1265 897 1291 Deus
916 1267 956 1291 est
969 1267 995 1291 et

150 1311 248 1337 donum
268 1311 325 1336 sive
337 1310 442 1336 datum:
463 1312 489 1335 et
508 1308 568 1335 ideo
580 1309 587 1321 ¹
608 1308 653 1334 dat
673 1311 699 1334 et
712 1308 798 1334 datur.
817 1308 867 1333 Dat
885 1307 995 1341 quidem

151 1353 176 1379 in
191 1356 320 1387 quantum
341 1352 423 1383 Deus,
438 1355 463 1378 et
477 1351 555 1378 datur
568 1351 594 1377 in
608 1349 737 1385 qu‘antum
752 1350 860 1376 donum.
873 1349 939 1375 Cum
953 1356 997 1375 au-

151 1398 202 1422 tem
223 1395 331 1421 donatio
351 1394 407 1421 sive
427 1394 498 1420 datio
518 1393 633 1428 Spiritus
647 1393 731 1419 sancti
750 1393 784 1419 sit
809 1392 929 1426 operatio
948 1391 995 1418 Dei

151 1441 177 1465 et
196 1437 345 1464 communis
358 1438 391 1463 sit
410 1440 436 1463 et
450 1436 563 1462 indivisa
580 1435 700 1470 operatio
715 1435 795 1461 trium
808 1441 995 1469 personarum,

149 1480 266 1507 donatur
276 1480 285 1493 '²
306 1480 396 1514 itaque
408 1479 523 1513 Spiritus
540 1481 648 1505 sanctus
667 1485 719 1504 non
738 1480 841 1504 tantum
854 1484 869 1503 a
881 1477 958 1503 Patre
971 1479 997 1503 et

152 1523 232 1556 Filio,
251 1522 299 1549 sed
319 1522 398 1549 etiam
412 1529 427 1549 a
442 1529 471 1548 se
484 1522 551 1555 ipso.
570 1520 645 1547 Unde
664 1520 827 1554 Augustinus
846 1520 872 1545 in
891 1519 996 1546 decimo

152 1566 244 1600 quinto
271 1565 339 1591 libro
365 1564 398 1591 de
426 1563 573 1590 Trinitate³
599 1563 678 1593 dicit,
703 1562 774 1597 quod
789 1562 917 1596 seipsum
943 1561 996 1588 dat.

157 1608 268 1639 «Sicut,
300 1608 399 1641 inquit,
431 1614 530 1640 corpus
552 1606 641 1633 caruis
671 1605 737 1631 nihil
766 1608 805 1631 est
826 1605 899 1632 aliud
916 1611 996 1639 quam

153 1657 230 1682 caro,
250 1650 288 1677 sic
309 1650 409 1676 donum
433 1649 549 1683 Spiritus
567 1649 651 1675 sancti
676 1648 742 1674 nihil
761 1650 801 1674 est
825 1647 898 1674 aliud
916 1654 997 1681 quam

151 1693 269 1728 Spiritus
282 1696 398 1720 sanctus.
412 1693 439 1719 ln
455 1695 555 1718 tantum
570 1698 632 1725 ergo
646 1691 744 1718 donum
759 1691 806 1717 Dei
817 1693 864 1722 est,
878 1690 904 1716 in
917 1698 999 1724 quan-

152 1739 209 1763 tum
229 1736 308 1762 datur
328 1736 366 1762 eis
385 1735 484 1769 quibus
510 1734 597 1761 datur.
614 1734 691 1768 Apud
706 1741 734 1760 se
750 1737 839 1760 autem
858 1734 929 1760 Deus
946 1736 997 1765 est,

154 1779 202 1806 etsi
222 1779 321 1805 nemini
341 1778 434 1809 datur,
453 1778 515 1812 quia
536 1778 607 1803 Deus
627 1780 684 1803 erat
702 1777 773 1803 Patri
794 1780 819 1803 et
837 1776 905 1802 Filio
924 1782 999 1802 coae-

154 1825 257 1853 ternus,
277 1824 420 1855 antequam
441 1820 568 1854 cuiquam
587 1819 704 1846 daretur.
722 1819 776 1845 Nec
795 1819 859 1853 quia
878 1818 916 1844 illi
935 1818 999 1845 dant

154 1867 180 1892 et
198 1865 256 1899 ipse
270 1864 362 1897 datur,
382 1864 442 1890 ideo
462 1864 549 1889 minor
561 1866 600 1889 est
620 1862 726 1889 illis.lta
740 1862 810 1889 enim
830 1862 916 1893 datur,
930 1862 999 1888 sicut

154 1908 202 1934 Dei
215 1907 326 1939 donum,
340 1910 369 1933 ut
382 1907 461 1933 etiam
475 1913 503 1932 se
517 1906 604 1940 ipsum
619 1905 671 1938 det,
688 1905 755 1931 sicut
769 1905 847 1931 Deus.
858 1904 915 1931 Non
930 1905 999 1931 enim
1027 1899 1028 1902 ’

152 1950 208 1976 dici
228 1952 328 1984 potest,
353 1956 406 1975 non
426 1956 484 1975 esse
503 1955 567 1975 suae
591 1941 741 1982 potestatis,
762 1947 795 1974 de
820 1955 873 1982 quo
898 1947 999 1973 dictmn

155 1993 228 2020 est⁴2
258 1991 377 2027 Spiritus
405 1991 454 2018 ubi
480 1991 540 2018 vult
560 1990 648 2025 spirat
666 2002 691 2017 n.
714 1991 784 2017 Ecce
810 1992 901 2024 aperte
920 1990 1000 2022 dicit,

155 2035 227 2070 quod
253 2035 368 2069 Spiritus
393 2037 500 2061 sanctus
519 2041 548 2060 se
567 2034 655 2068 ipsum
675 2033 728 2060 dat.
747 2033 773 2059 Si
794 2033 864 2059 enim
886 2033 1001 2067 Spiritus

154 2081 264 2105 sanctus
283 2085 311 2104 se
326 2078 413 2111 ipsum
433 2076 497 2103 dare
516 2084 569 2103 non
592 2079 693 2110 potest,
713 2078 739 2102 et
757 2083 817 2102 eum
837 2076 913 2102 Pater
937 2075 1002 2102 dare

156 2123 243 2155 potest
263 2123 288 2147 et
308 2120 405 2152 Filius,
429 2122 516 2153 potest
535 2119 645 2153 itaque⁵
671 2119 748 2145 Pater
766 2119 830 2145 dare
850 2118 951 2153 aliquid
976 2122 1002 2145 et

156 2163 250 2195 Filius,
270 2163 341 2197 quod
357 2170 408 2189 non
428 2165 516 2196 potest
531 2162 645 2195 Spiritus
664 2164 779 2188 sanctus.
791 2161 870 2193 Item,
890 2161 913 2187 si
926 2161 1003 2187 Pater

1048 886 1073 908 et
1092 882 1175 908 Filius
1188 882 1252 908 dant
1271 882 1398 916 Spiritum
1418 886 1552 914 sanctum,
1572 890 1621 909 nec
1635 883 1691 917 ipse
1711 883 1769 910 dat:
1789 883 1890 918 aliquid

1048 931 1111 957 ergo
1130 925 1207 951 Pater
1225 928 1352 959 operatur
1371 928 1397 951 et
1415 925 1511 958 Filius,
1531 925 1603 959 quod
1622 933 1674 951 non
1691 929 1817 959 operatur
1836 926 1891 960 Spi-

1049 968 1115 993 ritus
1134 970 1250 994 sanctus.
1275 968 1323 994 Dat
1343 975 1406 1001 ergo
1431 968 1545 1002 Spiritus
1564 971 1671 995 sanctus
1696 976 1724 995 se
1750 969 1845 1003 ipsum.
1864 969 1891 996 Si

1051 1012 1139 1036 autem
1164 1017 1192 1036 se
1215 1010 1303 1044 ipsum
1325 1010 1383 1042 dat,
1410 1013 1471 1036 tnnc
1491 1009 1536 1036 et⁸
1556 1018 1571 1037 a
1596 1018 1624 1037 se
1646 1011 1704 1044 ipso
1725 1011 1848 1045 procedit
1866 1015 1891 1038 et

1050 1051 1174 1084 mittitur3
1196 1052 1269 1086 quod
1291 1052 1383 1086 utique
1402 1059 1495 1078 verum
1518 1055 1564 1078 est.
1583 1052 1649 1078 Nam
1671 1053 1807 1086 processio
1831 1056 1894 1080 tem*

1050 1093 1150 1127 poralis
1169 1093 1283 1127 Spiritus
1301 1094 1387 1120 sancti
1407 1094 1447 1120 vel
1467 1094 1558 1120 missio
1577 1094 1662 1128 ipsius
1676 1098 1715 1120 est
1733 1094 1854 1128 donatio,
1867 1098 1893 1121 et

1050 1137 1110 1170 ipsa
1134 1139 1174 1163 est
1192 1137 1239 1163 Dei
1259 1137 1388 1171 operatio.
1416 1137 1539 1164 Procedit
1563 1144 1626 1170 ergo
1646 1137 1760 1171 Spiritus
1785 1140 1893 1163 sanctus

1052 1179 1234 1213 temporaliter
1252 1186 1267 1205 a
1287 1186 1315 1205 se
1334 1182 1360 1206 et
1378 1179 1492 1206 mittitur
1511 1187 1525 1206 a
1545 1187 1587 1211 se,
1607 1180 1670 1214 quia
1690 1180 1768 1206 datur
1787 1188 1802 1206 a
1821 1187 1857 1207 se.

1121 1221 1159 1248 Ne
1179 1225 1267 1248 autem
1293 1222 1412 1254 mireris,
1432 1222 1504 1256 quod
1524 1223 1639 1257 Spiritus
1663 1226 1771 1249 sanctus
1795 1223 1898 1249 dicitur

1051 1264 1119 1289 mitti
1139 1263 1180 1290 vel
1203 1263 1351 1297 procedere
1375 1271 1390 1290 a
1409 1271 1445 1290 se.
1471 1264 1537 1290 Nam
1566 1267 1591 1290 et
1615 1264 1648 1290 de
1667 1264 1734 1290 Filio
1757 1264 1804 1290 Dei
1829 1264 1893 1290 dicit

1052 1305 1215 1339 Augustinus
1241 1306 1267 1331 in
1286 1306 1405 1332 secundo
1430 1306 1498 1332 libro
1518 1306 1551 1332 de
1573 1306 1732 1338 Trinitate7,
1751 1307 1823 1341 quod
1842 1314 1893 1333 non

1053 1351 1154 1374 tantum
1180 1355 1195 1374 a
1214 1348 1291 1374 Patre
1309 1348 1407 1374 missus
1431 1352 1485 1381 est,
1504 1348 1551 1375 sed
1571 1349 1649 1375 etiam
1670 1356 1685 1375 a
1704 1356 1732 1375 se
1752 1349 1809 1383 ipso
1829 1352 1855 1375 et
1880 1357 1895 1376 a

1052 1390 1152 1425 Spiritu
1172 1393 1276 1422 sancto,
1295 1398 1439 1425 quaerenS,
1459 1398 1513 1425 quo
1532 1391 1611 1417 modo
1631 1391 1713 1417 Filius
1726 1391 1767 1417 vel
1782 1391 1896 1425 Spiritus
1924 1389 1928 1391 ’

1052 1436 1161 1459 sanctus
1179 1433 1214 1459 sit
1233 1433 1344 1464 missus,
1369 1440 1431 1459 cum
1450 1436 1563 1467 uterque
1588 1434 1621 1459 sit
1649 1433 1749 1468 ubique
1768 1436 1894 1467 tanquam

1053 1476 1131 1502 Deus.
1150 1475 1216 1502 Nam
1236 1478 1361 1509 uterque,
1382 1475 1468 1509 inquit
1480 1475 1657 1509 Augustinus,
1676 1475 1772 1509 legitur
1791 1476 1895 1502 missus.

1052 1519 1090 1545 De
1108 1518 1210 1552 Spiritu
1229 1519 1298 1545 enim
1318 1521 1410 1545 sancto
1430 1518 1527 1551 legitur
1538 1517 1562 1544 ³:
1578 1518 1659 1550 Quem
1672 1518 1756 1544 mittet
1774 1518 1854 1544 Pater
1867 1517 1895 1544 in

1053 1560 1163 1587 nomme
1182 1569 1247 1588 mco,
1261 1561 1294 1587 Et
1314 1561 1422 1587 iterum:
1443 1560 1473 1587 δι’
1483 1560 1589 1591 abiero,
1602 1560 1708 1587 minam
1721 1569 1781 1587 eum
1794 1560 1830 1587 ad
1842 1569 1895 1588 vos.

1053 1605 1086 1630 Et
1105 1604 1187 1630 Filius
1201 1604 1234 1630 de
1254 1611 1282 1630 se
1295 1603 1374 1630 dicit:
1394 1603 1479 1630 Em'vz‘
1500 1611 1516 1629 α
1535 1604 1615 1630 Patre
1643 1607 1665 1629 et
1689 1602 1753 1629 vem
1770 1602 1799 1629 z'n
1817 1611 1898 1629 mun-

1054 1646 1128 1673 dum.
1148 1647 1181 1672 Et
1194 1645 1337 1680 Apostolus
1351 1646 1415 1672 dicit
1426 1645 1449 1671 ⁹:
1469 1645 1545 1674 Misit
1562 1645 1632 1672 Deus
1644 1645 1749 1672 Fz'limn
1768 1653 1856 1672 suum.
1869 1645 1896 1672 In

1054 1690 1186 1724 Propheta
1200 1692 1289 1716 autem
1308 1689 1438 1723 scriptum
1458 1692 1498 1715 est
1517 1696 1550 1715 ex
1568 1695 1683 1722 persona
1701 1688 1763 1714 Dei:
1789 1688 1897 1714 Caelum

1054 1737 1077 1759 et
1097 1737 1197 1759 terram
1216 1741 1261 1767 eqo
1280 1731 1387 1766 zbnpleo.
1405 1732 1496 1766 Itaque
1515 1731 1615 1765 ubique
1637 1732 1707 1757 Deus
1726 1734 1779 1762 est,
1798 1730 1898 1765 ubique

1055 1783 1118 1809 ergo
1138 1778 1178 1802 est
1191 1775 1285 1807 Filius,
1304 1774 1405 1809 ubique
1419 1775 1499 1801 etiam
1518 1777 1558 1800 est
1571 1774 1685 1808 Spiritus
1704 1776 1820 1800 sanctus.
1834 1773 1897 1799 Illuc

1056 1826 1119 1853 ergo
1138 1818 1235 1844 missus
1255 1820 1295 1844 est
1314 1817 1396 1844 Filius
1416 1820 1441 1843 et
1460 1817 1575 1851 Spiritus
1592 1819 1711 1848 sanctus,
1731 1816 1777 1842 ubi
1797 1818 1879 1842 erant.

1425 1903 1485 1930 Car.
1504 1903 1532 1930 Π.

1148 1989 1284 2022 Quomodo
1304 1987 1480 2023 intelliqenda
1498 1987 1533 2014 st'c
1551 1986 1644 2014 missio
1662 1986 1811 2022 utriusque.

1134 2074 1288 2105 «Quocirca
1307 2072 1489 2108 quaerendum
1515 2075 1566 2103 est,
1586 2071 1721 2106 quomodo
1740 2070 1902 2106 intelligatur

1058 2118 1150 2144 missio
1169 2117 1229 2143 Filii
1248 2116 1290 2143 vel
1311 2116 1425 2150 Spiritus
1443 2115 1536 2142 sancti.
1550 2115 1628 2141 Pater
1656 2115 1725 2141 enim
1753 2113 1845 2144 sotus,
1865 2115 1901 2141 in-

1059 2160 1117 2194 quit
1130 2159 1294 2193 Augustinus
1308 2159 1333 2184 in
1345 2158 1439 2185 eodem
1450 2157 1479 2190 ¹⁰,
1502 2164 1633 2191 nusquam
1655 2156 1751 2190 legitur
1770 2157 1901 2190 missus»,

223 2291 230 2305 ¹
246 2292 351 2313 Nonnulli
368 2291 436 2313 codd.
453 2294 478 2313 ut
495 2291 513 2312 T
523 2291 609 2313 VWX
625 2290 697 2313 intus.

220 2331 231 2345 ²
247 2331 328 2353 Homil.
347 2330 383 2352 30.
401 2331 423 2352 in
441 2330 528 2358 Evang.
546 2336 568 2351 n.
586 2331 606 2351 2.
855 2329 865 2343 ³
883 2330 947 2351 Vers.
965 2329 1002 2351 38.

220 2368 229 2384 ⁴
247 2369 399 2391 Praeserimus
410 2369 530 2391 lectionem
543 2368 610 2391 codd.
623 2368 639 2390 L
649 2368 666 2390 O
678 2367 795 2398 deficiente.
811 2369 860 2390 loco
872 2366 1000 2397 deficiendi,

157 2410 212 2438 quia
229 2411 251 2431 et
268 2410 290 2430 in
307 2415 331 2431 se
348 2409 426 2430 verior
442 2410 476 2430 est
492 2410 515 2430 et
531 2414 584 2430 cum
601 2407 710 2430 subnexis
727 2407 873 2430 conformior.

221 2446 231 2461 ⁵
248 2447 344 2474 Egregie
362 2446 391 2468 de
409 2447 452 2468 hoc
469 2446 570 2474 loquitur
588 2446 610 2468 S.
621 2446 705 2467 Ductor
724 2446 746 2467 in
764 2445 890 2468 Commeat.
904 2445 925 2467 in
938 2445 998 2467 loun.

158 2492 179 2509 c.
197 2486 225 2514 8,
244 2486 273 2508 39
291 2485 420 2514 (Supplem.
438 2485 535 2513 Bonelli,
554 2487 608 2507 tom.
626 2485 640 2506 l.
658 2485 700 2507 col.
717 2484 789 2512 735).

331 2522 426 2546 NOTAE
443 2522 480 2545 AD
497 2522 572 2545 LIBR.
591 2521 830 2545 SENTENTIARUM.

223 2563 231 2577 ¹
249 2562 321 2585 Codd.
339 2561 425 2584 ABCE
442 2562 531 2584 addunt
555 2562 582 2584 et.
608 2562 678 2584 Paulo
703 2564 754 2589 post
779 2562 828 2584 Vat.
854 2564 876 2583 et
900 2561 953 2583 edd.
973 2560 1003 2589 4,

165 2602 178 2624 5
188 2620 194 2630 ,
211 2602 224 2623 6
235 2619 240 2629 ‚
258 2602 271 2623 9
289 2600 398 2622 adiiciunt
413 2599 461 2623 siae
477 2599 560 2622 datum
577 2602 629 2627 post
641 2599 738 2622 donum.

223 2639 233 2654 ’ἱ
250 2639 301 2661 Vat.
319 2642 340 2661 et
356 2638 393 2661 ed.
412 2639 424 2659 8
442 2638 521 2661 datur.
540 2638 672 2660 immediate
689 2641 741 2666 post
762 2638 812 2661 cod.
830 2639 848 2660 D
864 2637 945 2667 utique
962 2644 1005 2665 pro

161 2678 247 2708 itaque.

223 2717 233 2732 3
250 2716 305 2744 Cap.
325 2717 360 2738 19.
379 2722 400 2738 n.
418 2716 455 2737 36.

226 2755 234 2770 ⁴
253 2756 312 2777 Ioan.
332 2755 360 2783 3,
378 2755 399 2776 8.

224 2794 234 2809 ⁵
251 2795 300 2817 Vat.
317 2797 340 2816 et
355 2794 408 2816 cdd.
428 2794 456 2821 3,
479 2793 492 2815 4
503 2811 508 2821 ,
527 2794 555 2820 θ,
574 2793 587 2814 8
604 2799 657 2815 cum
675 2792 726 2815 cod.
749 2793 767 2815 D
791 2792 871 2822 utique
882 2801 892 2820 ,-
914 2791 965 2814 cod.
988 2791 1005 2813 A

162 2833 254 2863 iqitur,-
267 2833 318 2855 cod.
331 2832 348 2855 C
360 2833 381 2855 et
398 2832 476 2861 itaque
484 2841 494 2860 ,·
511 2831 578 2853 codd.
596 2831 637 2852 BE
655 2833 677 2853 et
693 2833 781 2853 ceterae
797 2830 850 2853 edd.
862 2830 948 2860 itaque.
961 2830 1007 2852 Sta-

162 2873 203 2894 tim
221 2872 273 2895 cdd.
296 2873 301 2893 t
317 2890 321 2897 ,
340 2873 368 2899 2,
386 2871 416 2899 7,
434 2871 447 2892 8
465 2871 573 2893 omittunt
589 2869 647 2892 dare
663 2872 716 2897 post
731 2869 810 2892 Pater.

1121 2289 1130 2303 ⁶
1149 2290 1199 2311 vat.
1216 2290 1237 2310 ct
1254 2287 1307 2310 edd.
1326 2288 1355 2315 2,
1373 2286 1402 2314 5,
1421 2287 1434 2308 9
1452 2292 1505 2308 cum
1522 2285 1572 2308 cod.
1594 2285 1613 2307 D
1637 2286 1743 2307 omittunt
1764 2286 1792 2307 et.
1819 2286 1841 2307 ln
1867 2291 1902 2307 se-

1059 2329 1137 2356 quenti
1154 2327 1311 2356 propositione
1327 2328 1380 2353 post
1395 2324 1447 2354 ‘ipsa
1465 2325 1514 2347 Vat.
1533 2330 1585 2346 cum
1603 2324 1652 2345 aliis
1664 2324 1732 2351 cdd„
1754 2327 1846 2352 excepta
1869 2325 1899 2353 6,

1059 2367 1142 2389 omittit
1158 2367 1206 2394 est,
1227 2363 1436 2387 contradicentibus
1454 2362 1561 2385 omnibus
1579 2362 1645 2384 codd.

1121 2405 1131 2419 7
1148 2404 1202 2432 Cap.
1221 2404 1241 2426 5.
1261 2410 1282 2425 n.
1299 2403 1325 2431 73
1344 2402 1385 2424 sed
1401 2402 1508 2429 Magister
1526 2401 1632 2423 diffusam
1651 2401 1777 2423 doctrinam
1789 2401 1810 2422 S.
1824 2401 1902 2429 Augu-

1060 2445 1111 2466 stini
1129 2443 1196 2465 valde
1213 2442 1339 2469 contrahit,
1358 2440 1430 2463 verba
1442 2440 1568 2467 transponit
1579 2441 1601 2461 et
1613 2439 1641 2461 de
1653 2446 1695 2461 sno
1707 2439 1777 2461 addit.
1788 2451 1820 2456 —
1831 2440 1900 2462 Paulo

1060 2485 1111 2505 ante
1128 2484 1180 2510 post
1196 2481 1256 2504 Filio
1276 2480 1325 2502 Vat.
1343 2485 1396 2502 cum
1414 2478 1519 2506 pluribus
1535 2478 1587 2500 edd.
1606 2478 1687 2500 omittit
1703 2477 1751 2500 Dei.

1122 2520 1132 2535 Β
1150 2521 1209 2542 loan.
1229 2519 1271 2547 tlt,
1291 2519 1335 2546 263
1353 2520 1432 2546 postea
1450 2517 1504 2539 ibid.
1525 2517 1567 2545 16,
1590 2516 1612 2538 7.
1636 2517 1748 2544 Vulgata:
1773 2516 1801 2539 Si
1824 2517 1903 2539 autem

1060 2559 1155 2587 ὠῶν-ο,-
1172 2559 1208 2581 ed.
1228 2559 1236 2580 rt
1251 2563 1256 2580 ;
1274 2557 1304 2580 Et
1320 2557 1351 2579 itu
1362 2562 1369 2577 .·
1387 2556 1408 2579 si
1423 2555 1503 2579 abiero
1512 2564 1522 2584 ,·
1538 2556 1574 2578 ed.
1588 2556 1600 2577 8
1612 2560 1616 2577 ε
1628 2555 1659 2578 Et
1669 2554 1691 2577 si
1706 2554 1785 2577 abiero
1802 2556 1903 2578 omitten-

1061 2598 1091 2621 do
1109 2598 1202 2621 iterum.
1219 2609 1249 2613 —
1266 2596 1353 2618 Deinde
1369 2595 1425 2617 ibid.
1443 2601 1464 2616 v.
1483 2594 1519 2617 28.

1122 2635 1132 2650 ⁴³
1149 2635 1196 2657 Gal.
1215 2634 1243 2662 li,
1264 2634 1285 2655 4.
1310 2645 1342 2649 —
1366 2632 1452 2654 Deinde
1479 2632 1557 2654 lerem.
1585 2632 1626 2659 23,
1653 2631 1689 2653 24.
1707 2631 1819 2658 Vulgata:
1836 2631 1904 2654 Nun-

1061 2674 1119 2704 qui'd
1133 2679 1182 2696 non
1199 2672 1293 2696 caelum
1309 2673 1331 2694 et
1347 2673 1435 2694 terram
1459 2676 1501 2700 eqo
1523 2669 1623 2699 impleo,
1642 2669 1698 2692 dicit
1721 2669 1857 2692 Dominus?
1873 2682 1904 2686 -—-

1062 2713 1117 2735 Edd.
1138 2713 1165 2740 l,
1183 2712 1196 2733 S
1214 2717 1256 2739 pro
1273 2710 1388 2739 scm'ptum
1411 2709 1495 2731 habent
1516 2708 1603 2732 dictam
1621 2709 1661 2731 est.
1678 2708 1727 2730 Mox
1746 2709 1795 2730 Vat.
1812 2711 1834 2730 et
1850 2709 1903 2731 edd.

1062 2752 1076 2773 5
1086 2769 1091 2779 ,
1109 2752 1137 2778 θ,
1156 2751 1169 2772 9
1188 2750 1276 2772 addunt
1292 2748 1313 2771 si
1328 2751 1380 2776 post
1396 2748 1484 2777 Itaque.

1125 2789 1144 2803 ¹0
1160 2789 1213 2811 Loe.
1226 2789 1261 2810 cit.
1275 2794 1296 2809 n.
1314 2788 1343 2816 8,
1360 2787 1400 2809 ubi
1417 2788 1485 2809 etiam
1502 2792 1562 2815 quae
1579 2788 1713 2814 sequuntur.
1724 2797 1755 2802 ·--
1766 2785 1835 2807 Paulo
1853 2788 1903 2808 ante

1062 2828 1115 2851 edd.
1133 2828 1147 2850 5
1158 2846 1163 2856 ,
1182 2829 1195 2850 9
1213 2827 1361 2855 praemittunt
1377 2827 1404 2849 ut
1420 2828 1471 2848 ante
1487 2824 1570 2854 inquit.
