2253 3317
352 104 405 132 148

349 182 395 205 est.
415 179 479 205 Cum
499 178 566 204 enim
588 176 658 202 aliud
678 175 712 201 sit
731 174 904 201 artificiosum
924 181 981 200 esse
993 194 999 204 ,
1022 172 1094 199 aliud
1118 173 1183 199 iner-

350 224 418 252 tem,
438 220 509 246 aliud
528 222 652 248 acutum,
672 216 744 243 aliud
764 223 923 248 memorem,
943 215 1014 242 aliud
1035 214 1182 248 cupiditas,

349 263 420 289 aliud
441 262 534 292 timor,
554 260 625 287 aliud
644 259 760 289 laetitia,
788 258 860 284 aliud
883 258 1007 289 tristitia,
1027 256 1182 291 possintque

349 305 414 330 haee
434 308 459 330 et
478 304 528 329 alia
548 301 699 328 huiusmodi
714 300 916 327 innumerabilia
931 300 1072 326 inanimae
1089 301 1183 324 natura

351 346 469 378 inveniri,
489 348 514 371 et
533 345 583 371 alia
602 344 658 369 sine
678 343 737 373 aliis
756 346 781 369 et
800 342 851 368 alia
871 342 955 375 magis
970 342 987 373 ¹,
1007 342 1058 367 alia
1077 341 1183 371 minus,

347 388 512 415 manifestum
533 390 587 418 est,
607 393 658 412 non
677 385 840 419 simplicem,
859 384 906 410 sed
931 383 1105 417 multiplicem
1125 390 1182 409 esse

348 434 476 456 naturam.
496 429 565 455 Nihil
585 428 654 454 enim
674 427 787 460 simplex
806 426 933 452 mutabile
953 429 1008 457 est;
1035 425 1120 451 omnis
1139 431 1183 451 au-

348 476 399 498 tem
419 475 538 498 creat-ura
568 469 703 497 mutabilis
731 472 770 495 est
784 468 792 481 ⁹
807 476 839 493 »z
868 468 939 494 nulla
969 475 1031 500 ergo
1059 470 1182 493 creatura

348 522 408 540 vere
427 513 540 547 simplex
560 516 605 539 est.
631 523 641 535 «
656 512 725 537 Deus
745 518 807 537 vero
819 531 825 542 ,
845 510 893 536 etsi
909 510 1050 543 multiplex
1063 509 1182 540 dicatur,

347 564 408 582 vere
429 559 513 582 tamen
534 559 559 581 et
577 561 679 580 summe
699 553 812 587 simplex
838 556 884 579 est.
904 552 1007 579 Dicitur
1035 552 1104 578 enim
1130 558 1183 577 ma-

347 606 423 632 guus,
443 598 541 629 11011115,
560 597 680 630 sapiens,
700 596 807 626 heatus,
826 602 905 621 verus
924 597 950 621 et
963 594 1094 628 quidquid
1109 593 1182 620 aliud

347 648 398 666 non
417 640 522 673 indigne
541 639 593 665 (1101
614 638 735 670 videtur,
754 637 800 663 sed
820 637 913 663 eadem
942 636 1096 669 magnitudo
1125 636 1183 662 0105

346 686 399 714 est,
418 689 486 716 quae
506 681 642 715 sapientia.
662 680 719 706 Non
739 680 809 706 euim
830 679 898 705 mole
919 686 1031 712 magnus
1060 681 1115 709 est,
1135 679 1182 705 sed

346 725 456 756 virtute,
476 727 501 750 et
521 723 613 750 eadem
633 722 750 753 bonitas,
769 729 839 756 quae
857 721 987 755 sapientia
1006 724 1032 747 et
1055 721 1183 754 magnitu-

346 767 379 793 do
392 770 418 793 et
434 767 548 798 veritas,
568 768 593 792 et
613 773 663 791 non
684 768 723 791 est
742 764 777 790 ibi
798 764 870 790 aliud
892 764 981 798 ipsum
994 763 1102 790 beatum
1115 770 1182 795 esse,

345 813 371 835 et
389 809 462 835 aliud
481 815 604 841 magnum
625 810 670 833 aut
689 807 837 841 sapientem
857 809 902 833 aut
916 813 1009 832 verum
1024 808 1069 832 aut
1082 806 1181 832 bonum

345 859 402 878 esse
422 855 466 878 aut
485 851 591 877 omnino
610 857 704 876 esse».

705 934 764 960 CAP.
785 934 815 960 V.

374 1013 448 1046 Quod
467 1014 555 1043 Dens,
576 1020 634 1039 eam
654 1011 688 1038 sit
706 1010 841 1045 simplex,
861 1014 949 1037 tamen
968 1010 1155 1046 midlzpliciter

707 1053 814 1080 dieitur.

414 1142 461 1168 Hie
480 1141 620 1174 diligenter
639 1139 783 1166 notandum
804 1143 859 1171 est,
879 1147 942 1166 cum
962 1139 1034 1166 dicat
1061 1139 1184 1172 Angusti-

345 1192 408 1215 nus,
427 1183 512 1210 solum
531 1184 615 1209 Deum
644 1190 705 1209 vere
734 1182 884 1216 simplicem
913 1189 988 1214 esse,
1016 1189 1065 1208 cur
1093 1181 1183 1213 dieat,

345 1226 457 1253 eundem
476 1225 659 1259 multipliciter
677 1225 739 1251 (1101.
760 1224 811 1251 Sed
831 1224 883 1251 hoc
903 1232 955 1251 non
976 1227 1087 1259 propter
1099 1224 1185 1251 diver-

344 1269 448 1295 sitatem
468 1268 645 1294 accidentium
672 1267 713 1293 vel
741 1267 860 1301 partium
888 1266 970 1299 dicit,
998 1267 1045 1293 sed
1073 1270 1184 1301 propter

345 1311 524 1337 diversitatem
544 1318 574 1337 ac
594 1309 792 1337 multitudinem
811 1310 963 1341 nominum,
982 1316 1051 1344 quae
1076 1309 1109 1336 de
1129 1310 1183 1336 Deo

345 1354 486 1386 dicuntur3
516 1360 584 1387 quae
611 1353 673 1379 lieet
701 1352 859 1386 multiplicia
888 1352 954 1384 sint,
982 1359 1066 1378 unum
1094 1355 1183 1378 tamen

347 1396 512 1429 significant,
530 1395 632 1421 scilicet
651 1395 769 1421 divinam
788 1398 919 1421 naturam.
947 1395 1019 1421 Haec
1042 1394 1112 1421 enim
1131 1401 1183 1421 non

345 1438 381 1465 ita
400 1438 582 1472 accipiuntur,
601 1445 662 1464 cum
686 1437 719 1463 de
733 1437 776 1464 1113
797 1437 1007 1464 incommutabili
1022 1440 1183 1471 aeternaque

345 1481 492 1507 substantia
512 1480 757 1514 incomparabiliter
784 1480 965 1514 simpliciore,
985 1487 1066 1514 (103111
1085 1482 1124 1506 est
1137 1479 1184 1506 hu-

345 1530 438 1550 manus
473 1523 590 1555 animus,
625 1522 767 1555 dicuntur,
801 1522 1026 1557 quemadmodum
1059 1529 1121 1548 cum
1149 1522 1183 1548 de

344 1565 473 1592 creaturis
492 1565 623 1592 dicuntur.
642 1565 717 1591 Unde
736 1565 900 1598 Augustinus
922 1565 948 1591 in
968 1568 1043 1591 sexto
1062 1564 1130 1591 libro
1150 1564 1183 1591 de

345 1608 471 1634 Trinitate
485 1607 510 1633 ³:
536 1608 613 1634 «Deo
634 1611 672 1634 est
692 1608 743 1634 1100
762 1615 834 1638 esse,
853 1607 926 1641 quod
949 1610 989 1633 est
1009 1607 1106 1642 fortem
1130 1615 1183 1633 esse

346 1650 386 1677 vel
405 1650 550 1685 sapienlem
569 1658 621 1676 esse
640 1650 681 1676 vel
702 1649 802 1676 iustam
821 1658 893 1680 esse,
913 1652 938 1676 et
957 1650 978 1675 si
998 1649 1063 1684 quid
1085 1649 1119 1676 de
1139 1650 1181 1675 illa

346 1693 461 1726 simplici
481 1692 676 1726 multiplicitate
696 1692 737 1718 vel
756 1692 897 1726 multiplici
922 1692 1094 1726 simplicitate
1112 1692 1184 1718 dixe-

346 1736 399 1766 ris,
418 1742 470 1769 quo
490 1735 637 1761 substantia
661 1735 718 1761 0105
745 1734 916 1767 significetur.
944 1734 1065 1761 Humano
1093 1737 1183 1761 autem

346 1778 433 1803 animo
453 1780 563 1803 nonest
589 1777 640 1803 1100
666 1785 737 1807 esse,
767 1777 839 1811 quod
867 1780 907 1803 est
933 1777 1029 1811 fortem
1057 1784 1110 1803 esse
1137 1781 1183 1803 aut

342 1819 502 1854 prudentem
521 1822 566 1846 aut
585 1819 708 1851 iastam;
726 1822 814 1854 potest
841 1819 911 1845 enim
939 1826 998 1846 esse
1025 1819 1129 1846 animus
1158 1823 1184 1846 et

345 1862 444 1888 nullam
464 1862 575 1888 istarum
594 1862 692 1888 habere
712 1862 876 1888 1111-101001».

701 1947 761 1974 CAP.
781 1947 822 1974 VI.

409 2024 484 2057 Quod
502 2024 552 2051 Dei
568 2024 726 2059 simplicitas
744 2024 820 2051 nulli
833 2024 1114 2059 qnaedicamentoram

685 2066 835 2094 subiicitur.

415 2143 489 2174 Quod
510 2147 597 2170 autem
616 2144 642 2170 10
662 2147 755 2170 031013
769 2144 859 2170 divina
872 2144 945 2171 nulla
956 2144 992 2171 sit
1005 2144 1184 2171 accidentium

346 2186 486 2213 diversitas
505 2186 630 2220 nullaque
650 2186 756 2220 penitus
780 2186 960 2220 mutabilitas,
989 2187 1036 2213 sed
1065 2186 1183 2220 perfecta

348 2228 517 2262 simplicitas,
547 2228 660 2255 ostendit
689 2229 851 2262 Augustinus
879 2229 905 2255 in
934 2229 1027 2263 quinto
1055 2229 1122 2255 libro
1151 2228 1184 2255 de

347 2270 474 2297 Trinitate
486 2270 496 2283 ⁴
515 2270 623 2297 dicens:
649 2282 659 2294 «
673 2271 850 2304 intelligamus
868 2272 953 2298 Deum
964 2292 970 2303 ‚
984 2275 1112 2306 (1031111101
1126 2278 1185 2305 1105-

1036 96 1286 125 SENTENTIARUM
1309 95 1366 123 LlB.
1391 95 1407 122 l.

1240 178 1347 202 sumus,
1367 171 1423 197 sine
1443 171 1570 204 qualitate
1584 171 1697 202 1101111111,
1711 171 1767 198 sine
1781 172 1927 206 quantitate
1941 179 2079 205 magnum,

1241 213 1297 239 sine
1318 213 1461 245 indigentia
1481 216 1643 244 creatorem,
1662 214 1718 240 51110
1731 214 1783 240 situ
1797 214 2007 248 praesidentem,
2025 215 2081 241 51110

1240 255 1332 281 11311110
1352 255 1440 280 onmia
1466 255 1659 288 continentem,
1688 256 1822 282 51001000
1851 256 1950 290 ubique
1980 259 2081 287 totum,

1239 297 1295 323 51110
1317 300 1435 330 tempore
1454 297 1660 331 sempiternum,
1680 298 1735 324 sine
1750 298 1802 324 ulla
1816 299 1855 325 sui
1870 299 2015 325 mutatione
2027 306 2082 325 mu-

1241 339 1331 365 tabilia
1359 339 1499 365 facientem
1525 339 1644 373 nihilque
1672 340 1824 373 patientem.
1853 340 1977 375 Quisquis
1997 341 2081 367 Deum

1240 381 1275 407 ita
1302 381 1414 414 cogitat,
1435 382 1483 408 etsi
1503 382 1620 408 noudum
1639 385 1726 416 potest
1746 383 1852 409 omnino
1872 383 1990 409 invenire
2016 383 2081 417 quid

1239 423 1287 454 sit,
1306 424 1350 457 pie
1371 426 1457 450 tamen
1478 427 1585 456 caveat,
1605 427 1733 458 quantum
1754 428 1857 459 potest,
1875 425 1975 459 aliquid
1989 425 2022 452 de
2036 425 2080 451 illo

1239 466 1352 498 sentire,
1372 466 1444 500 quod
1464 474 1515 492 non
1535 466 1605 493 sit».
1625 467 1694 493 Ecce
1706 488 1712 498 ,
1740 467 1761 493 si
1785 467 1917 493 subtiliter
1942 467 2080 499 intendas,

1240 515 1273 534 cx
1294 508 1335 534 1115
1355 511 1435 543 atque
1455 509 1600 542 praedictis
1629 508 1762 543 aperitur,
1791 509 1835 535 illa
1863 509 2081 543 praedicamenta

1241 551 1306 576 artis
1325 550 1481 577 dialecticae
1501 551 1548 577 Dei
1568 554 1678 577 naturae
1697 551 1807 577 minime
1832 552 1991 584 convenire,
2011 559 2080 586 quae

1239 592 1319 619 nullis
1337 592 1457 619 subiecta
1477 596 1516 620 est
1534 593 1726 620 accidentibus.

1592 671 1652 697 CAP.
1672 671 1723 698 VII.

1365 747 1441 780 Quod
1460 748 1530 774 Deus
1549 746 1657 774 abusive
1676 747 1777 774 dicitur
1795 747 1953 775 substantia.

1310 832 1386 859 Unde
1406 839 1455 859 nec
1475 832 1584 866 proprie
1604 832 1702 859 dicitur
1721 833 1884 864 substantia,
1904 836 1933 859 ut
1960 833 2081 866 Augusti-

1239 883 1289 901 nus
1308 875 1423 901 ostendit
1442 875 1468 901 in
1488 875 1555 901 libro
1575 876 1688 910 septimo
1708 875 1741 902 dc
1760 876 1886 902 Trinitate
1898 876 1918 901 ⁵:
1938 875 2033 902 «Sicut
2046 875 2079 902 ab

1239 925 1270 944 eo
1291 918 1363 951 quod
1383 920 1423 944 est
1440 925 1493 943 esse
1513 918 1664 952 appellatur
1683 918 1811 949 essentia,
1831 918 1867 944 ita
1886 918 1920 944 ab
1949 925 1980 944 eo
2007 918 2080 952 quod

1239 963 1279 986 est
1297 958 1437 986 subsistere
1456 960 1632 987 substantiam
1652 960 1779 992 dicimus,
1805 961 1827 986 si
1856 963 1942 987 tamen
1970 960 2079 994 dignum

1239 1005 1292 1033 est,
1312 1004 1341 1028 ut
1360 1002 1430 1028 Deus
1450 1002 1555 1029 dicatur
1573 1002 1726 1029 subsistere.
1748 1003 1803 1029 Hoc
1817 1003 1886 1029 enim
1900 1003 2080 1030 (1011151011115

1241 1048 1313 1071 10010
1342 1045 1513 1078 intelligitur,
1534 1045 1559 1071 in
1588 1046 1686 1080 quibus
1705 1046 1833 1072 subiectis
1860 1049 1921 1072 sunt
1949 1052 1980 1072 ea
2010 1052 2080 1080 quae

1239 1087 1266 1113 in
1285 1087 1376 1122 aliquo
1395 1087 1516 1114 subiecto
1530 1095 1588 1114 esse
1605 1088 1744 1120 dicuntur,
1758 1089 1827 1115 sieut
1841 1089 1866 1115 10
1880 1096 1993 1123 corpore
2006 1089 2080 1115 color

1239 1133 1286 1156 aut
1303 1130 1396 1156 forma.
1416 1129 1519 1164 Corpus
1548 1130 1618 1157 enim
1646 1130 1775 1162 subsistit,
1795 1133 1820 1157 et
1847 1130 1908 1157 ideo
1932 1130 2081 1157 substantia

1240 1175 1287 1199 est.
1307 1172 1358 1199 Res
1377 1179 1440 1205 ergo
1459 1173 1603 1199 mutabiles
1619 1180 1706 1207 neque
1719 1173 1855 1207 simplices
1868 1173 1978 1207 proprie
1990 1172 2081 1199 dicun-

1240 1217 1283 1241 tur
1301 1214 1473 1242 substantiae.
1493 1215 1564 1242 Deus
1583 1218 1686 1246 autem,
1706 1215 1727 1241 si
1742 1215 1877 1248 subsistit,
1890 1218 1920 1242 ut
1932 1215 2080 1243 substantia

1239 1258 1349 1292 proprie
1368 1258 1422 1284 (1101
1441 1258 1538 1292 possit,
1559 1258 1626 1284 inest
1655 1258 1680 1284 in
1709 1265 1740 1285 eo
1768 1258 1870 1292 aliquid
1898 1261 2026 1293 tanquam
2053 1258 2079 1285 10

1240 1301 1378 1333 subiecto,
1398 1304 1424 1328 et
1443 1308 1494 1327 non
1515 1304 1554 1327 est
1572 1301 1695 1335 simplex.
1714 1301 1793 1328 Nefas
1812 1304 1852 1328 est
1873 1304 1962 1328 autem
1976 1301 2080 1334 dicere,

1241 1346 1270 1369 ut
1289 1343 1417 1370 subsistat
1435 1344 1506 1370 Deus
1525 1346 1551 1369 et
1569 1343 1655 1370 subsit
1677 1343 1788 1370 bonitati
1817 1350 1898 1375 suae,
1927 1346 2007 1378 atque
2035 1343 2080 1370 illa

1239 1385 1346 1412 bonitas
1364 1393 1416 1412 non
1435 1385 1583 1412 substantia
1602 1386 1636 1411 sit
1659 1385 1700 1412 vel
1720 1385 1809 1420 potius
1837 1385 1965 1417 essentia,
1993 1393 2080 1420 neque

1240 1428 1297 1462 ipse
1316 1428 1387 1454 Deus
1406 1428 1440 1454 sit
1459 1428 1564 1454 bonitas
1583 1435 1646 1460 sua,
1666 1428 1713 1455 sed
1732 1428 1758 1454 in
1778 1428 1822 1455 illo
1845 1428 1879 1455 sit
1898 1431 2025 1462 tanquam
2053 1428 2079 1454 in

1239 1469 1368 1496 subiecto.
1388 1470 1463 1497 Unde
1482 1470 1651 1497 manifestum
1671 1473 1723 1502 est,
1737 1471 1821 1497 Deum
1839 1471 1949 1497 abusive
1962 1470 2081 1497 substan-

1241 1512 1303 1538 tiam
1323 1512 1429 1544 voeari,
1449 1516 1478 1539 ut
1497 1513 1603 1539 nomine
1622 1513 1753 1539 usitatiori
1774 1512 1935 1546 intelligatur
1954 1513 2080 1546 essentia,

1239 1554 1312 1589 quod
1331 1562 1393 1581 vere
1412 1562 1444 1581 30
1463 1556 1573 1589 proprie
1595 1555 1711 1587 dicitur,
1739 1555 1774 1582 ita
1803 1558 1832 1581 ut
1859 1555 1969 1582 fortasse
1994 1555 2080 1582 5010111

1239 1598 1324 1624 Deum
1343 1597 1396 1623 (1101
1416 1600 1538 1631 oporteat
1558 1599 1706 1624 essentiam.
1734 1598 1781 1624 Est
1806 1598 1875 1624 enim
1903 1605 1966 1625 vere
1993 1598 2079 1630 solus,

1239 1640 1303 1674 quia
1323 1640 1548 1666 incommutabilis
1567 1644 1643 1667 est».

1586 1724 1646 1750 CAP.
1669 1724 1728 1751 VIII.

1277 1800 1353 1832 Quod
1371 1808 1427 1827 non
1446 1805 1483 1827 est
1501 1800 1531 1827 in
1544 1801 1598 1828 Deo
1618 1800 1734 1836 aliquid,
1755 1800 1827 1837 quod
1844 1809 1900 1828 non
1918 1801 1953 1827 sit
1966 1802 2045 1828 Deus.

1310 1885 1395 1911 Huius
1422 1888 1511 1912 301001
1540 1886 1669 1912 essentiae
1697 1885 1854 1919 simplicitas
1882 1892 1913 1912 30
1940 1885 2079 1912 sinceritas

1241 1930 1313 1954 tanta
1332 1930 1386 1959 est,
1406 1927 1478 1962 quod
1498 1935 1549 1955 non
1569 1931 1608 1954 est
1627 1928 1653 1954 in
1673 1935 1703 1955 ea
1732 1928 1847 1963 aliquid,
1876 1928 1948 1963 quod
1975 1935 2027 1954 000
2046 1927 2080 1954 511

1240 1971 1316 2005 11153;
1336 1970 1383 1997 sed
1402 1970 1473 1997 idem
1493 1974 1533 1997 est
1551 1971 1652 1998 habens
1671 1974 1697 1998 ct
1715 1971 1788 2005 quod
1806 1971 1928 1998 liabetur.
1947 1971 2023 1997 Unde
2036 1970 2081 1997 Hi-

1241 2013 1323 2040 larius
1342 2014 1368 2040 in
1388 2014 1503 2048 septimo
1523 2013 1592 2040 libro
1621 2013 1654 2040 de
1676 2014 1804 2040 Trinitate
1817 2013 1827 2026 ⁶
1855 2013 1908 2040 ait:
1941 2013 2021 2039 «Non
2046 2020 2079 2039 ex

1241 2056 1396 2090 compositis
1415 2056 1500 2088 Deus,
1520 2056 1566 2091 qui
1588 2056 1643 2083 vita
1673 2059 1729 2088 est,
1757 2056 1890 2088 subsistit,
1918 2063 2006 2090 neque
2033 2055 2080 2090 qui

1241 2098 1326 2125 virtus
1345 2101 1400 2131 est,
1420 2106 1453 2125 ex
1473 2098 1584 2125 infirmis
1603 2099 1766 2131 continetur,
1786 2106 1873 2133 neque
1895 2098 1942 2133 qui
1961 2098 2007 2125 lux
2026 2100 2079 2130 est,

1241 2147 1275 2168 ex
1294 2140 1416 2167 obscuris
1436 2143 1592 2175 coaptatur,
1611 2148 1698 2175 neque
1717 2141 1763 2175 qui
1786 2141 1896 2175 spiritus
1914 2143 1971 2172 est,
1984 2147 2017 2167 ex
2030 2139 2081 2166 dis-

1241 2183 1353 2218 paribus
1378 2182 1496 2210 formalis
1521 2186 1560 2209 est
1570 2176 1581 2209 z'
1596 2186 1681 2210 totum
1709 2183 1782 2217 quod
1801 2183 1827 2210 in
1855 2190 1887 2210 eo
1915 2185 1969 2215 est,
1996 2189 2079 2209 unum

1242 2229 1317 2253 est».
1337 2226 1409 2252 Idem
1430 2226 1456 2252 10
1476 2228 1570 2252 octavo
1590 2225 1658 2252 libro
1677 2225 1710 2252 de
1729 2226 1856 2252 Trinitate
1873 2225 1900 2251 ⁷:
1933 2236 1944 2248 κ
1956 2225 2014 2252 Non
2032 2225 2080 2251 hu-

1241 2276 1320 2296 mano
1339 2268 1419 2296 modo
1439 2275 1472 2295 ex
1491 2269 1647 2303 compositis
1665 2269 1736 2295 Deus
1755 2271 1806 2300 est,
1825 2271 1854 2294 ut
1873 2268 1899 2294 in
1912 2275 1943 2294 eo
1960 2267 2033 2294 aliud
2045 2267 2079 2294 sit

410 2375 417 2389 1
429 2376 478 2398 Vat.
488 2376 535 2398 sola
548 2377 628 2403 repetit
641 2377 677 2398 hic
686 2377 707 2399 el
717 2383 758 2399 nec
768 2383 811 2399 non
821 2376 901 2399 minus
913 2380 965 2405 post
977 2377 1129 2406 manifestum
1138 2378 1185 2405 est,-

348 2413 427 2435 eadem
437 2420 489 2436 cum
500 2414 552 2436 edd.
564 2415 585 2442 2,
595 2414 616 2442 6,
629 2415 642 2436 8
652 2414 715 2437 addit
724 2414 829 2443 animae;
840 2414 890 2437 cod.
904 2415 922 2437 D
939 2421 996 2437 vero
1008 2418 1060 2443 post
1075 2414 1185 2444 multipli-

347 2457 396 2474 cem
412 2453 475 2479 ponit
490 2451 546 2475 eius.

411 2491 420 2505 ²
437 2484 496 2513 Libr.
514 2491 550 2513 Vl.
567 2491 596 2513 de
613 2491 674 2513 Trin.
703 2498 721 2514 c.
745 2492 765 2514 6.
784 2498 805 2514 n.
829 2492 849 2514 8.
877 2493 941 2520 Quae
962 2495 1090 2521 sequuntur
1110 2495 1185 2515 sumta

349 2530 401 2550 sunt
417 2534 442 2550 ex
454 2534 473 2550 0.
486 2529 507 2550 6.
520 2531 542 2551 01
557 2529 578 2551 7.
596 2528 659 2551 Circa
676 2529 745 2551 finem
763 2530 830 2552 huius
847 2533 919 2553 textus
936 2533 988 2558 post
1003 2529 1084 2553 eadem
1095 2529 1186 2553 bonitas

350 2566 398 2588 Vat.
417 2569 493 2588 contra
520 2567 586 2589 codd.
604 2570 626 2589 et
642 2567 694 2589 edd.
714 2567 739 2595 l,
757 2568 786 2595 2,
798 2568 824 2595 3,
836 2568 851 2589 7
868 2568 944 2590 adiicit
960 2567 1010 2591 eius
1026 2569 1065 2591 est.
1083 2568 1186 2597 Denique

350 2604 469 2626 nonnullae
485 2604 537 2627 edd.
556 2604 624 2627 aliud
640 2605 769 2634 sapientem
785 2605 853 2628 aliud
863 2612 905 2633 pro
917 2607 961 2628 aut
975 2605 1102 2635 sapientem
1119 2607 1168 2629 aul.

411 2640 421 2655 ³
437 2641 491 2669 Cap.
510 2641 530 2664 4.
549 2649 570 2664 0.
588 2643 609 2664 6.
625 2654 657 2659 -
674 2642 724 2664 Vat.
741 2646 763 2665 et
779 2645 867 2665 ceterae
888 2644 940 2666 edd.
958 2645 979 2665 in
1005 2644 1117 2673 principio
1134 2647 1186 2672 post

352 2678 398 2701 Deo
415 2678 503 2701 addunt
518 2679 600 2709 inquit.

414 2716 424 2731 ⁴
440 2717 494 2745 Cap.
514 2719 533 2740 l.
551 2725 572 2741 n.
590 2720 611 2741 2,
623 2731 654 2735 -
670 2719 693 2741 10
705 2720 818 2747 principio
829 2721 897 2743 huius
909 2727 959 2749 cap.
972 2728 1014 2749 pro
1025 2721 1105 2744 divina
1116 2721 1183 2744 codd.

352 2754 418 2777 BCD
442 2755 548 2785 deitatis,
574 2758 618 2779 AE
643 2757 777 2780 divinitatis.
802 2758 824 2780 ln
849 2759 899 2786 ipso
924 2762 983 2782 textu
1001 2763 1053 2788 post
1068 2759 1115 2783 situ
1131 2759 1184 2781 edd.

353 2793 361 2815 1
375 2811 380 2821 ,
399 2794 411 2814 8
426 2795 573 2823 praesentem
589 2796 638 2817 loco
652 2795 825 2824 praesidentem
833 2805 843 2824 ‚·
860 2797 918 2819 circa
934 2797 1003 2820 finem
1019 2798 1122 2820 eiusdem
1133 2798 1183 2820 Vat.

352 2833 374 2853 et
390 2831 442 2853 edd.
460 2831 486 2860 4,
503 2832 529 2860 5,
547 2832 573 2860 8,
591 2833 604 2854 9
622 2836 674 2861 post
689 2833 747 2862 quid
761 2833 790 2856 sit
807 2834 893 2857 addunt
909 2834 964 2864 ipse.

1304 2375 1314 2390 ⁵
1331 2375 1385 2404 Cap.
1404 2374 1424 2397 4.
1450 2376 1472 2396 in
1490 2374 1534 2397 fine
1551 2377 1573 2397 01
1589 2380 1608 2396 e.
1626 2374 1647 2396 5.
1665 2375 1687 2396 in
1704 2375 1824 2402 principio.
1849 2385 1880 2390 —
1901 2373 1924 2395 ln
1948 2375 2009 2396 textu
2024 2373 2078 2396 ante

1241 2413 1349 2437 subiectis
1366 2414 1416 2436 Vat.
1434 2415 1456 2436 et
1471 2413 1524 2436 edd.
1543 2412 1568 2441 4,
1586 2414 1599 2435 9
1617 2413 1705 2435 addunt
1719 2414 1761 2441 ut,·
1782 2413 1834 2435 edd.
1853 2413 1880 2441 1,
1906 2413 1932 2441 6,
1958 2412 1971 2434 8
1996 2412 2032 2434 1110
2056 2414 2078 2434 01

1242 2452 1311 2481 paulo
1328 2452 1385 2474 intra
1402 2455 1453 2474 ante
1469 2450 1571 2475 subiecto
1586 2452 1694 2474 adiiciunt
1709 2453 1736 2474 ut
1751 2451 1777 2474 in
1787 2454 1864 2474 contra
1876 2450 1997 2478 originale,
2010 2449 2076 2472 codd.

1241 2494 1263 2513 et
1287 2494 1374 2514 ceteras
1395 2491 1447 2513 edd.
1468 2490 1555 2513 Deinde
1571 2490 1623 2513 edd,
1641 2493 1731 2520 praeter
1747 2490 1816 2513 fidem
1833 2489 1900 2512 codd.
1918 2492 1940 2512 et
1961 2489 2078 2517 originalis

1241 2533 1294 2558 post
1309 2530 1353 2552 Res
1370 2532 1459 2557 ponunt
1474 2535 1529 2552 vero
1546 2535 1589 2557 pro
1606 2535 1669 2558 erqo.

1302 2568 1312 2582 ⁶
1328 2568 1395 2590 Num.
1413 2567 1449 2589 27.
1467 2567 1515 2589 Non
1532 2566 1596 2590 enim
1607 2574 1633 2589 ex
1645 2567 1778 2595 compositis
1789 2568 1860 2596 atque
1870 2565 1982 2589 inanimis
1993 2565 2076 2588 Deus..

1241 2612 1268 2628 cx
1284 2605 1417 2636 infirmibus
1434 2606 1591 2628 continetur....
1608 2612 1635 2627 ex
1651 2605 1783 2633 disparibus
1806 2603 1939 2634 formabilis
1963 2606 2011 2635 051,
2037 2603 2077 2625 0111

1241 2644 1292 2666 cod.
1309 2644 1327 2666 A
1344 2643 1478 2673 disparibus
1494 2643 1621 2672 formatur.
1638 2644 1682 2666 Pro
1697 2643 1807 2672 formalis
1823 2644 1845 2665 10
1862 2645 1922 2665 textu
1937 2642 2037 2669 Magistri
2048 2642 2076 2663 le-

1240 2682 1342 2710 gendum
1359 2682 1450 2704 videtur
1466 2681 1605 2711 formabilis.
1622 2681 1687 2703 Hune
1704 2684 1789 2704 textum
1806 2681 1902 2709 explicat
1919 2681 1941 2703 S.
1961 2681 2076 2703 Bonaven-

1240 2722 1302 2748 tura,
1320 2721 1356 2742 1110
1372 2726 1394 2748 p.
1413 2721 1435 2742 11.
1454 2719 1509 2742 dub.
1527 2721 1548 2742 6.

1302 2758 1312 2772 ⁷
1327 2759 1386 2780 Num
1404 2758 1440 2781 43.
1457 2770 1489 2775 -—
1505 2759 1528 2780 10
1545 2759 1589 2780 1100
1605 2760 1665 2781 textu
1682 2758 1732 2780 Vati
1749 2760 1772 2780 et
1787 2757 1839 2780 edd.
1857 2757 1883 2786 4,
1901 2757 1927 2785 8,
1939 2757 1953 2779 9
1964 2759 1987 2779 et
1997 2756 2047 2779 cod.
2060 2757 2077 2778 B

1240 2799 1347 2825 corrupte
1364 2803 1406 2825 pro
1423 2796 1471 2820 vita
1488 2798 1522 2819 est
1538 2797 1627 2819 natura
1644 2797 1722 2825 legunt
1737 2802 1788 2819 una
1805 2797 1838 2819 est
1854 2797 1955 2824 natura,
1968 2795 2007 2818 ubi
2019 2795 2076 2817 Hila-

1239 2836 1287 2857 rius
1304 2836 1398 2857 clarius:
1416 2834 1456 2858 secl
1472 2836 1562 2862 lotum,
1580 2834 1643 2864 quod
1658 2836 1704 2862 est,
1722 2834 1769 2858 vita
1786 2836 1826 2858 est.
