2253 3317
847 114 930 142 nisr.
953 113 1016 142 viu.
1038 113 1064 141 P.
1087 113 1106 140 1.
1128 96 1234 141 nunu.

174 194 218 223 vel
239 194 268 222 in
288 193 493 230 comparatione
513 193 549 221 ad
570 192 703 221 diversas
722 191 904 220 substantias
925 194 952 219 et
972 199 1018 219 na—

174 243 267 274 turas;
288 242 315 268 et
335 240 374 268 sic
395 239 492 268 dicunt
512 239 632 275 gradum
646 241 673 267 et
694 246 851 272 excessum,
872 241 899 267 et
916 238 955 266 sic
975 239 1017 266 est

173 286 244 315 bene
257 286 265 299 ¹
287 293 390 323 ponere
405 285 493 322 magis
514 288 541 313 et
555 285 648 314 minus
669 285 697 313 in
712 288 774 314 ente
796 287 925 322 respectu
939 284 1018 312 Crea-

174 332 241 361 toris
262 335 290 360 et
310 334 463 366 creaturae,
484 334 511 360 et
534 334 663 368 respectu
684 334 879 360 creaturarum
901 331 936 359 ad
951 330 1019 358 invi-

174 386 243 407 cem.
264 378 317 406 Sed
332 378 360 406 in
374 377 580 414 comparatione
595 377 733 406 Creatoris
752 377 788 405 ad
803 380 961 406 creaturam
976 379 1018 405 est

174 432 307 454 excessus
338 424 622 461 improportionabilis
654 427 680 452 et
712 423 854 458 infinitus3
888 426 1018 460 respectu

174 473 368 500 creaturarum
389 471 424 499 ad
447 470 564 499 invicem
585 473 627 499 est
647 470 899 507 proportionabilis.

537 555 605 584 Due.
629 556 660 584 V.

245 634 313 662 Item
324 633 469 670 quaeritur
484 633 518 661 de
533 633 586 661 hoc
601 633 677 669 quod
692 633 772 661 dicit:
788 633 880 661 Cuius
895 632 1018 661 essentia

174 688 232 707 non
252 679 331 707 novit
351 679 547 716 praeteritum
572 678 615 707 vel
638 677 786 715 futurum.
802 679 919 708 Videtur
944 679 1017 707 enim

174 734 234 755 esse
256 726 308 755 ista
329 726 485 763 proprietas
510 729 537 754 et
558 726 741 763 Angelorum,
763 726 828 762 quia
848 726 1019 762 Augustinus

175 773 209 801 de
224 772 338 801 Civitate
352 772 401 801 Dei
411 772 420 785 ‘²
436 772 510 806 dicit,
525 772 601 809 quod
623 772 839 800 «immortalitas
851 772 1019 809 Angelorum

176 822 230 847 non
251 821 293 847 est
312 819 476 855 praeterita,
498 818 577 855 quasi
599 826 653 846 non
676 818 724 852 sit,
746 826 796 847 nec
817 819 924 853 sutura,
939 819 1019 855 quasi

176 865 301 894 nondum
316 865 385 899 sit»,
401 865 449 893 sed
471 872 582 901 semper
596 867 638 893 est
659 873 803 901 praesens:
822 873 888 901 ergo
908 873 963 893 non
978 868 1020 894 est

176 911 323 949 proprium
345 911 430 940 solius
451 911 508 939 Dei.

248 958 420 987 Responnno:
438 957 565 993 Quidam
579 957 684 992 dicunt,
695 958 770 994 quod
782 958 892 986 duratio
903 958 964 987 aevi
978 962 1021 987 est

35 1011 107 1030 Salutio
120 1016 164 1034 ‹iuo-
177 1004 298 1041 simplex
325 1007 352 1033 et
373 1007 429 1032 tota
454 1004 550 1038 simul,
578 1012 633 1032 non
654 1004 760 1033 habens
781 1005 965 1041 praeteritum
993 1008 1020 1033 et

60 1037 144 1055 ‘undam'
177 1050 318 1084 futurum;
332 1050 513 1078 nihilominus
528 1050 620 1086 ipsum
635 1050 809 1078 aeviternum
819 1050 828 1063 ⁸
844 1050 928 1079 habet
942 1059 1020 1087 prae-

173 1096 289 1124 teritum
310 1099 337 1124 et
357 1096 485 1124 futurum
507 1099 644 1132 quantum
665 1096 700 1125 ad
722 1096 893 1130 affectiones;
914 1099 941 1124 et
963 1097 1020 1125 ita⁴

174 1142 322 1179 proprium
343 1146 385 1171 est
406 1142 492 1171 solius
512 1142 570 1171 Dei.

253 1188 316 1217 Alii
329 1189 437 1223 dicunt,
453 1189 528 1226 quod
544 1189 571 1217 in
586 1189 659 1217 omni
676 1189 822 1217 duratione
837 1192 939 1223 creata,
955 1197 1021 1226 quo-

36 1246 78 1265 1110
91 1245 165 1264 solutio.
174 1236 250 1264 niam
271 1236 364 1264 differt
384 1244 401 1264 a
421 1236 540 1264 durante
558 1238 585 1264 et
597 1235 607 1248 ⁵
629 1236 713 1264 habet
732 1243 793 1264 esse
807 1236 957 1273 possibile,
978 1239 1020 1265 est

177 1282 256 1319 prius
276 1284 303 1311 et
323 1282 478 1319 posterius:
500 1282 549 1311 sed
571 1282 746 1319 distinguunt
770 1283 797 1310 in
818 1282 906 1319 priori
927 1286 954 1311 et
974 1291 1021 1319 po-

176 1321 295 1358 steriori.
324 1329 469 1365 Quoddam
498 1329 571 1357 enirn
593 1331 634 1358 est
655 1329 730 1365 quod
758 1329 824 1357 dicit
851 1329 1020 1357 durationis

176 1375 402 1409 successionem,
434 1376 576 1413 quoddam
607 1375 801 1404 successionis
833 1376 1020 1404 durationem

176 1430 242 1451 cum
262 1422 414 1451 variatione
432 1425 459 1451 et
480 1422 664 1451 innovatione.
687 1422 811 1450 Primum
832 1425 874 1451 est
895 1423 923 1451 in
939 1430 1020 1457 aevo,

178 1468 333 1497 secundum
344 1468 371 1496 in
384 1471 520 1505 tempore;
532 1471 559 1497 et
568 1469 621 1497 hoc
633 1469 694 1497 vult
704 1469 866 1498 Anselmus⁶
877 1477 1020 1506 expresse.

179 1517 206 1544 et
227 1515 279 1543 hoc
299 1515 384 1543 credo
397 1515 578 1551 probabilius.
601 1515 632 1543 Et
652 1518 727 1552 patet
748 1515 891 1552 responsio
905 1515 939 1544 ad
962 1523 1022 1544 ver—

178 1561 246 1589 bum
261 1561 417 1598 Augustini,
438 1561 497 1598 ipse
511 1561 585 1590 enim
600 1561 725 1598 loquitur
739 1562 774 1590 de
791 1562 879 1599 priori
893 1564 920 1590 et
933 1566 1022 1599 poste-

178 1607 265 1641 riori,
287 1607 362 1644 quod
390 1607 504 1644 quidem
526 1607 592 1636 dicit
613 1608 818 1637 innovationem
847 1611 874 1637 et
895 1609 1022 1638 variatio·

178 1661 242 1681 nem
264 1656 291 1681 et
312 1654 548 1690 corruptionem⁷.

538 1746 603 1774 Due.
625 1747 666 1774 Vl.

257 1838 324 1867 Item
338 1839 483 1875 quaeritur
504 1839 539 1867 de
558 1839 609 1867 hoc
624 1840 699 1876 quod
715 1840 793 1871 dicit,
815 1841 889 1877 quod
905 1841 1022 1869 divinae

178 1885 317 1913 essentiae
331 1888 537 1921 comparatum
550 1889 685 1913 nostrum
699 1894 758 1914 esse
771 1895 830 1914 non
845 1890 892 1915 est.
906 1887 1023 1916 Videtur

179 1931 253 1959 enim
274 1931 393 1965 falsum,
414 1931 480 1967 quia
500 1931 575 1967 quod
597 1931 668 1960 inest
695 1932 777 1960 alicui
803 1933 1023 1962 substantialiter

179 1986 234 2005 non
248 1977 382 2006 adimitur
403 1978 608 2014 comparatione
629 1978 734 2015 aliqua;
749 1979 798 2007 sed
817 1987 877 2008 esse
898 1983 940 2008 est
960 1981 1024 2009 sub-

179 2024 306 2052 stantiale
320 2024 360 2053 rei
383 2024 507 2053 cuilibet:
523 2032 589 2061 ergo
610 2027 661 2053 etc.
681 2025 752 2053 Item
766 2033 802 2053 ex
818 2026 1023 2063 comparatione

180 2070 216 2099 ad
237 2070 325 2098 Deum
347 2073 476 2099 creatura
496 2070 671 2105 melioratur,
694 2074 725 2099 ut
739 2072 805 2100 dicit
819 2072 1022 2109 Augustinus⁸,

181 2124 247 2153 ergo
268 2117 356 2153 magis
376 2120 430 2151 est,
452 2125 537 2153 quam
557 2117 579 2145 si
601 2125 656 2145 non
677 2121 868 2154 comparetur:
891 2126 957 2155 ergo
971 2122 1023 2148 etc.

1863 111 1915 139 163

1152 190 1327 218 Rssspommo:
1349 189 1502 227 Dupliciter
1523 192 1565 218 est
1588 189 1714 226 accipere
1739 189 1823 217 talem
1845 194 2059 237 ⁰⁰¹¹}'Duffixnssfflssi

1073 236 1254 273 parationem.
1270 235 1331 263 Uno
1345 236 1428 265 modo
1443 236 1598 265 secundum
1609 236 1745 264 rationem
1756 235 1916 264 influentiae
1966 246 2014 260 eum.

1074 285 1101 311 et
1115 281 1294 318 receptionis3
1309 285 1336 310 et
1351 282 1389 311 sic
1404 285 1533 311 creatura
1547 282 1583 311 ad
1597 282 1687 311 Deum
1702 285 1861 319 comparata
1875 285 1918 310 est

1074 328 1176 365 magis,
1197 336 1282 365 quam
1303 328 1326 357 si
1347 337 1401 356 non
1423 332 1609 365 comparetur.
1624 328 1691 357 Alio
1706 329 1789 357 modo
1810 336 1918 365 compa-

1075 378 1154 403 ratur
1170 375 1324 403 secundum
1346 375 1538 403 habitudinem
1559 376 1785 412 aequiparantiae
1806 378 1832 403 et
1857 383 1918 412 pro-

1074 421 1221 458 portionis,
1242 424 1270 450 et
1290 421 1343 450 hoc
1364 422 1447 450 modo
1461 430 1560 450 verum
1581 425 1634 456 est,
1656 422 1730 459 quod
1755 422 1855 450 nulla⁹
1877 424 1918 450 est

1074 467 1319 505 proportionabilis
1343 468 1498 496 secundum
1526 469 1712 497 conditionem
1739 468 1864 497 veritatis
1891 470 1919 496 et

1074 514 1225 543 nobilitatis
1246 522 1307 543 esse
1328 514 1430 548 divini;
1458 517 1485 543 et
1506 515 1568 544 ideo
1594 515 1673 552 quasi
1694 515 1764 543 nihil
1785 518 1842 549 est,
1862 523 1917 543 non

1075 561 1187 590 omnino
1208 561 1235 589 in
1257 569 1298 596 se,
1320 561 1369 590 sed
1390 561 1459 589 nihil
1481 562 1516 590 ad
1534 562 1755 599 proportionem,
1777 563 1842 599 quia.
1863 570 1917 591 non

1074 611 1165 645 potest
1185 608 1302 637 inveniri
1324 608 1418 645 aliqua
1438 609 1582 645 proportio
1602 610 1793 646 quantitativa.

1424 694 1492 722 Dcss.
1514 694 1566 722 Vll.
1604 706 1609 709 “

1154 771 1221 799 ltem
1237 771 1383 807 quaeritur
1398 771 1432 800 de
1447 771 1500 800 1100
1514 773 1589 809 quod
1605 773 1682 801 dicit:
1698 773 1825 802 Dicatur
1839 783 1918 811 eryo,

1076 817 1153 854 quod
1172 826 1284 854 semper
1303 816 1377 854 fuit,
1399 822 1440 846 est
1458 822 1483 846 et
1510 819 1573 847 crit.
1595 819 1732 848 Videntur
1757 821 1831 849 enini
1851 822 1919 850 baec

1076 863 1162 892 verba
1182 871 1237 891 non
1258 863 1312 892 dici
1323 864 1342 878 ¹⁰
1366 864 1401 893 de
1422 864 1494 899 Deo,
1516 865 1581 902 quia
1602 866 1698 894 dicunt
1719 867 1830 896 diversa
1854 871 1920 897 tem-

1076 918 1159 947 pora3
1181 910 1230 938 sed
1251 909 1279 938 in
1300 910 1357 938 Deo
1377 919 1431 939 non
1453 911 1526 939 cadit
1547 912 1694 941 diversitas
1712 916 1879 951 temporum.

1148 956 1321 985 REsposmzo:
1336 957 1464 992 Quidam
1474 958 1624 987 voluerunt
1639 959 1741 994 dicere,
1752 961 1827 997 quod
1842 964 1920 990 actus
1934 961 2060 1003 mssffigiigngj

1076 1002 1122 1031 isti
1135 1010 1190 1031 non
1204 1003 1367 1040 praedicant
1381 1003 1415 1032 de
1426 1004 1483 1032 Deo
1497 1004 1609 1033 diversa
1624 1008 1750 1042 tempora
1764 1008 1920 1036 secundum

1076 1050 1238 1084 essentiam,
1259 1050 1308 1078 sed
1323 1050 1478 1078 secundum
1500 1051 1741 1080 concomitantiam
1748 1064 1755 1087 ;
1770 1054 1835 1090 quia
1854 1054 1921 1082 divi-

1076 1104 1144 1124 num
1159 1104 1220 1125 esse
1241 1097 1354 1125 omnino
1368 1097 1537 1125 invariatum
1558 1106 1639 1127 omne
1654 1102 1765 1136 tempus
1787 1101 1921 1129 concomi-

1077 1145 1160 1171 tatur.
1176 1143 1229 1171 Sed
1251 1144 1319 1172 haec
1333 1144 1433 1180 positio
1447 1152 1501 1172 non
1517 1145 1598 1173 solvit
1612 1145 1703 1182 plene.
1724 1146 1832 1175 Dicitur
1846 1149 1919 1176 enim

1076 1197 1155 1221 vere.
1170 1190 1245 1226 quod
1259 1190 1333 1218 Deus
1352 1190 1405 1219 fuit
1422 1194 1485 1219 ante
1500 1199 1581 1220 omne
1596 1194 1707 1229 tempus
1713 1204 1719 1227 ;
1734 1196 1800 1222 tunc
1814 1194 1834 1207 ¹¹
1855 1203 1921 1231 ergo

1077 1236 1317 1264 concomitantiam
1331 1245 1386 1265 non
1400 1240 1490 1274 potest
1501 1238 1602 1267 dicere.
1614 1239 1726 1268 —Ideo
1741 1241 1837 1269 dicunt
1850 1241 1918 1276 alii,
1931 1241 2059 1283 iussu‘ffiign}

1077 1282 1151 1319 quod
1180 1285 1291 1319 tempus
1313 1284 1550 1320 consignificatum
1572 1293 1626 1313 non
1654 1289 1695 1314 est
1716 1287 1859 1324 dispositio
1880 1289 1921 1317 rei

1077 1331 1205 1365 acceptae
1220 1329 1278 1358 sive
1300 1329 1468 1364 intellectae,
1484 1331 1596 1367 quando
1617 1332 1719 1361 dicitur
1734 1333 1768 1361 de
1789 1334 1857 1369 Deo,
1873 1335 1921 1363 sed

1077 1374 1168 1403 solum
1190 1375 1265 1404 modi
1280 1375 1468 1412 intelligendi;
1489 1378 1602 1414 quando
1623 1386 1690 1407 vero
1705 1380 1739 1408 de
1760 1388 1790 1408 re
1812 1381 1921 1409 mobili.

1077 1424 1197 1458 utroque
1218 1422 1309 1451 modo.
1325 1423 1492 1460 Exemplum
1507 1427 1582 1461 patet
1596 1425 1631 1453 de
1645 1426 1877 1455 masculinitate¹²
1894 1428 1920 1456 in

1078 1468 1169 1505 lapide
1190 1472 1217 1497 et
1239 1469 1266 1497 in
1287 1469 1360 1498 viro:
1382 1470 1514 1507 quoniam
1534 1471 1562 1499 in
1584 1471 1644 1500 viro
1665 1476 1707 1501 est
1727 1476 1758 1501 ut
1779 1474 1922 1511 dispositio

1078 1516 1119 1544 rei
1140 1518 1280 1553 acceptae,
1302 1516 1330 1544 in
1355 1516 1447 1554 lapide
1469 1520 1501 1545 ut
1520 1518 1621 1547 modus
1636 1519 1806 1556 intelligendi
1822 1521 1921 1549 solum.

1078 1562 1131 1590 Sed
1153 1562 1221 1590 haec
1242 1562 1341 1599 positio
1362 1571 1416 1591 non
1431 1564 1543 1592 videtur
1564 1564 1716 1601 sufficiens,
1732 1567 1797 1603 quia
1819 1568 1922 1597 intelle-

1079 1611 1140 1637 ctus
1161 1617 1215 1637 non
1236 1609 1313 1646 ponit
1339 1611 1521 1646 praeteritum
1544 1612 1616 1640 circa
1646 1620 1729 1641 suum
1751 1614 1921 1651 intelligere,

1079 1655 1190 1692 quando
1218 1655 1346 1692 intelligit
1373 1656 1460 1685 Deum
1482 1657 1582 1686 fuisse:
1608 1666 1675 1695 ergo
1702 1663 1825 1696 oportet,
1847 1662 1919 1698 quod

1079 1704 1163 1738 ponat
1183 1702 1256 1730 circa
1278 1710 1346 1730 rem.

1157 1748 1271 1784 Propter
1291 1747 1344 1776 hoc
1358 1748 1526 1783 notandum,
1548 1750 1622 1786 quod
1642 1751 1729 1779 verba
1743 1752 1919 1781 diversorum
1928 1763 1977 1782 vera
1986 1764 2060 1782 solutio.

1079 1796 1238 1830 temporum
1253 1794 1333 1822 aliter
1352 1794 1483 1823 dicuntur
1498 1795 1532 1824 de
1553 1799 1679 1831 aeterno,
1700 1798 1781 1827 aliter
1802 1799 1836 1828 de
1850 1801 1921 1828 aevi-

1079 1843 1171 1875 terno,
1193 1841 1274 1869 aliter
1294 1841 1328 1869 de
1347 1842 1500 1878 temporali.
1522 1843 1590 1871 Nam
1612 1848 1740 1881 respectu
1761 1847 1921 1883 temporalis

1081 1887 1232 1924 important
1251 1888 1463 1916 mutabilitatem
1485 1892 1513 1918 et
1534 1891 1736 1920 successionem
1754 1896 1781 1921 et
1801 1893 1922 1922 duratio-

1080 1942 1152 1962 nem.
1175 1934 1334 1962 Secundum
1356 1942 1423 1963 vero
1444 1936 1518 1972 quod
1547 1936 1581 1965 de
1602 1938 1751 1967 aeviternis
1779 1940 1921 1975 dicuntur,

1081 1980 1137 2009 duo
1157 1983 1265 2008 tanturn
1286 1981 1448 2017 important,
1471 1984 1674 2012 successionem
1695 1988 1722 2013 et
1736 1986 1921 2022 durationem,

1081 2027 1152 2055 sicut
1166 2027 1226 2055 vult
1241 2027 1423 2064 Hieronymus
1435 2028 1464 2062 ¹³,
1485 2030 1655 2065 Augustinus
1670 2034 1696 2059 et
1711 2032 1865 2062 Anselmus.
1881 2034 1924 2062 Se-

1080 2073 1204 2102 cundum
1220 2081 1286 2102 vero
1300 2074 1376 2110 quod
1391 2074 1522 2103 dicuntur
1537 2076 1571 2104 de
1583 2076 1652 2109 Deo.
1667 2077 1818 2114 important
1832 2080 1923 2108 solum

1081 2119 1265 2148 durationem.
1289 2120 1364 2149 Unde
1379 2121 1493 2149 dicitur:
1516 2122 1592 2150 Deus
1612 2122 1685 2159 fluit,
1707 2125 1773 2161 quia
1794 2126 1854 2154 eius
1875 2127 1927 2155 du-

243 2248 251 2262 ¹
269 2247 324 2270 Cod.
342 2248 360 2269 T
378 2254 476 2276 verum,
496 2248 546 2270 cod.
565 2249 594 2270 W
611 2248 644 2271 ibi
659 2255 702 2277 pro
719 2249 780 2272 benc.

243 2287 252 2301 ²
268 2286 330 2309 Libr.
348 2287 394 2309 ΧΠ,
411 2293 430 2309 0.
450 2287 485 2309 15.
505 2293 526 2308 0Δ
545 2288 564 2308 2.

243 2325 253 2340 ³
269 2326 317 2348 Hoc
333 2328 367 2348 est
391 2332 428 2347 1·οε
453 2326 567 2348 aeviterna
584 2326 634 2348 sive
650 2326 780 2349 subiectum
802 2328 852 2350 aevi
870 2334 892 2350 v.
910 2335 932 2356 g.
950 2328 1023 2357 Ange-

182 2364 223 2386 lus.
240 2376 272 2380 —
288 2364 338 2386 Vat.
356 2363 443 2392 absque
461 2365 595 2386 auctoritate
612 2370 666 2387 mss.
684 2369 706 2388 ct
722 2365 759 2387 ed.
780 2367 785 2387 1
808 2372 852 2388 non
878 2367 936 2389 bene
961 2368 1024 2390 addit

182 2408 224 2425 seu
240 2403 378 2430 ueternum,
397 2403 451 2431 quia
468 2408 512 2424 non
530 2405 563 2425 est
580 2403 641 2425 idem
659 2409 711 2425 cum
729 2405 852 2427 aeviterno.

245 2440 255 2455 ⁴
273 2441 374 2468 Supplc:
393 2447 436 2462 non
455 2447 548 2463 noscere
565 2442 614 2463 sive
630 2448 676 2464 non
703 2442 786 2465 habere
812 2445 960 2471 praeteritum
988 2446 1023 2467 xel

184 2480 295 2502 futurum.

246 2517 255 2532 ⁵
272 2518 321 2540 Vat.
339 2521 429 2546 praeter
446 2518 515 2540 fldem
527 2525 581 2541 mss.
594 2525 616 2541 et
627 2519 662 2541 ed.
678 2520 682 2541 Ι
697 2519 779 2548 etiam,
794 2522 893 2548 etpaulo
905 2524 957 2549 post
970 2528 1025 2544 cum
1051 2517 1053 2523 '

180 2555 260 2586 priori
276 2557 297 2578 et
312 2556 438 2585 posteriori
453 2558 570 2585 (nonnulli
588 2558 655 2580 codd.
674 2558 759 2581 habent
783 2560 877 2588 quidem
895 2566 949 2583 cum
974 2561 1024 2583 loco

184 2596 233 2623 est,
252 2594 293 2617 sed
310 2595 372 2617 solus
389 2595 439 2617 cod.
457 2602 483 2618 00
500 2602 554 2619 cum
567 2596 647 2625 priori
663 2598 684 2620 et
702 2597 854 2627 posteriori).
880 2599 923 2620 Pro
948 2602 1023 2621 nostra
1052 2605 1054 2618 1

185 2633 279 2655 lectione
297 2633 392 2655 militant
408 2634 476 2655 eliam
501 2641 527 2656 ea
553 2641 612 2663 quae
629 2636 650 2657 S.
670 2635 754 2658 Doctor
770 2637 793 2658 11.
811 2637 871 2659 Sent.
889 2637 912 2659 d.
931 2638 951 2659 2³..
970 2644 992 2666 p.
1009 2638 1024 2660 1.

186 2678 205 2693 a.
227 2672 244 2693 Ι.
262 2678 284 2700 q.
302 2672 322 2693 3.
341 2672 363 2693 10
381 2678 443 2700 corp.
462 2672 543 2701 habet,
562 2673 602 2695 ubi
619 2674 692 2696 fusius
715 2675 773 2697 hanc
795 2676 952 2703 quaestionem
976 2682 1026 2704 per·
1052 2664 1054 2694 Ῐ

185 2712 283 2733 tractans
293 2728 298 2737 ‚
315 2716 342 2732 ex
360 2712 476 2733 creaturae
493 2711 641 2738 possibilitate
654 2713 702 2735 six-e
714 2720 741 2735 ex
752 2720 780 2735 eo
790 2731 795 2741 ‚
808 2714 871 2742 quod
882 2713 950 2737 nulla
961 2720 1027 2737 crea-

186 2749 242 2771 tura
251 2748 346 2771 omnino
355 2750 389 2771 est
397 2750 471 2777 actus,
485 2749 578 2772 deducit
588 2750 731 2773 durationem
744 2753 894 2774 successionis
904 2754 953 2775 sive
962 2754 1026 2781 prius

186 2791 209 2810 et
225 2788 340 2815 posterius
356 2788 377 2809 in
396 2794 460 2810 aevo,
477 2800 509 2804 —
521 2789 570 2810 Mox
579 2789 636 2817 Vat.‚
655 2790 762 2813 omnibus
779 2797 833 2813 mss.
852 2794 874 2813 et
890 2798 929 2813 sex
946 2793 1026 2819 primis

187 2825 239 2847 cdd.
257 2825 428 2855 obnitentibus,
447 2826 473 2849 dc
498 2828 547 2849 loco
572 2827 603 2850 in.
621 2829 689 2850 Paulo
715 2830 771 2851 infra
789 2833 841 2857 post
857 2830 1026 2853 successionem

188 2864 238 2885 cod.
257 2864 263 2885 1
280 2865 334 2887 satis
351 2865 408 2887 bene
426 2865 488 2887 addit
505 2865 554 2888 sine
572 2866 701 2889 variatione
718 2868 739 2889 ct
755 2867 911 2891 innovatione.

1142 2252 1152 2266 ⁶
1170 2252 1227 2274 Vide
1245 2252 1357 2280 Monolog.
1375 2259 1393 2274 0.
1413 2254 1448 2275 28.
1467 2257 1488 2276 ct
1506 2254 1607 2282 Proslog,
1625 2261 1644 2277 0.
1663 2256 1699 2278 20.
1716 2260 1739 2279 et
1756 2258 1792 2279 22.

1142 2291 1152 2305 ⁷
1168 2291 1200 2313 De
1218 2292 1261 2313 hoc
1279 2291 1350 2313 dubio
1368 2292 1407 2314 cfr.
1425 2293 1486 2314 Alex.
1504 2293 1566 2321 Hal¹⁷
1585 2294 1606 2316 S.
1625 2301 1650 2322 p.
1666 2295 1680 2316 l.
1699 2302 1720 2324 q.
1742 2296 1775 2318 12.
1788 2303 1818 2318 m.
1832 2298 1852 2319 9.
1866 2304 1885 2319 a.
1899 2298 1919 2320 3.

1079 2342 1110 2346 -
1127 2331 1149 2352 S.
1168 2330 1266 2357 Tuom,
1284 2331 1306 2352 S.
1325 2331 1338 2352 1.
1357 2337 1378 2359 q.
1398 2331 1434 2353 110.
1451 2338 1471 2353 a.
1489 2331 1510 2354 5.

1142 2368 1152 2383 ²³
1168 2368 1228 2390 Libr.
1248 2369 1261 2390 1.
1280 2369 1308 2391 de
1326 2369 1406 2391 Genes.
1424 2370 1453 2392 ad
1471 2370 1500 2392 111.
1519 2377 1538 2392 c.
1556 2371 1577 2393 11.
1590 2371 1611 2393 5.
1624 2378 1645 2394 n.
1659 2373 1680 2395 9.
1696 2374 1729 2395 10.
1742 2376 1762 2395 et
1780 2374 1829 2396 libr.
1843 2378 1919 2397 contra

1079 2408 1148 2435 Epist.
1166 2408 1304 2435 Manichaei,
1323 2413 1341 2429 c.
1360 2407 1396 2429 40.
1414 2414 1435 2429 n.
1454 2408 1490 2430 46.

1141 2445 1151 2459 9
1168 2445 1287 2468 Subaudi:
1304 2448 1415 2468 creatura.
1432 2458 1464 2463 —-
1482 2447 1531 2470 Vat.
1549 2451 1624 2470 auten]
1650 2455 1703 2471 cum
1729 2450 1779 2472 cod.
1806 2457 1845 2479 00,
1871 2451 1920 2473 aliis

1051 2505 1053 2516 ἰ
1080 2487 1155 2506 tamen
1173 2484 1240 2506 codd.
1258 2490 1312 2506 cum
1330 2485 1366 2507 ed.
1380 2485 1388 2506 11
1405 2485 1573 2513 refragantibus
1583 2505 1588 2515 ,
1600 2487 1664 2509 addit
1674 2488 1736 2511 ratio
1748 2493 1770 2511 et
1781 2490 1850 2517 paulo
1861 2490 1918 2512 infra

1080 2523 1130 2545 loco
1147 2522 1178 2545 ad
1193 2523 1370 2552 proportionem.
1387 2524 1456 2546 habet
1473 2531 1488 2547 a
1501 2526 1662 2555 proportione.

1144 2561 1162 2575 ¹0
1179 2561 1284 2583 Plurimis
1301 2562 1368 2584 codd.
1386 2562 1548 2591 obnitentibus,
1566 2565 1615 2587 Vat.
1634 2567 1757 2593 praemittit
1768 2566 1856 2589 debere.

1143 2600 1160 2614 ¹¹
1180 2601 1210 2622 lix
1227 2606 1281 2622 mss.
1299 2603 1321 2622 et
1337 2600 1389 2622 edd.
1409 2601 1416 2622 1
1431 2619 1436 2628 ,
1455 2602 1482 2629 2,
1501 2602 1514 2623 3
1532 2603 1693 2630 suppleximus
1710 2605 1771 2627 tunc.

1143 2639 1163 2653 ¹2
1180 2639 1343 2661 Substituimus
1359 2639 1404 2661 fide
1422 2641 1567 2668 antiquorum
1585 2647 1638 2663 mss.
1661 2646 1683 2664 et
1699 2642 1734 2665 ed.
1754 2643 1761 2665 l
1783 2644 1922 2667 masculini-

1081 2679 1127 2700 tate
1144 2684 1186 2705 pro
1202 2677 1335 2700 masculino
1351 2684 1441 2707 genere.

1144 2715 1163 2730 1³
1179 2716 1211 2738 Dc
1227 2716 1366 2743 Hieronymo
1383 2717 1436 2739 vide
1454 2721 1530 2740 nott-nn
1551 2719 1587 2740 hic
1604 2719 1626 2740 in
1651 2719 1682 2741 lit.
1698 2720 1797 2747 Magistri
1815 2727 1833 2743 c.
1853 2722 1872 2743 4,
1889 2733 1920 2738 —

1082 2755 1202 2782 Augustini
1219 2756 1241 2776 ct
1256 2755 1355 2776 Δ1115011111
1373 2758 1446 2777 textus
1463 2757 1542 2783 accipe
1559 2763 1585 2778 cx
1603 2757 1658 2779 dub.
1677 2757 1698 2779 5.
1715 2769 1746 2774 —-
1762 2758 1807 2781 Csr.
1825 2759 1892 2787 Scot.‚
1905 2760 1918 2781 Ι.

1083 2793 1143 2815 Scnt.
1161 2793 1182 2814 (1.
1202 2794 1221 2815 9.
1240 2799 1263 2821 q.
1281 2794 1346 2815 unica
1364 2794 1385 2814 in
1404 2793 1455 2816 fine.
1472 2806 1503 2810 —
1515 2795 1583 2816 Panlo
1600 2798 1650 2817 ante
1668 2800 1718 2823 post
1737 2796 1865 2826 important
1882 2798 1921 2819 ali-

1083 2833 1122 2860 qui
1139 2832 1205 2854 codd.
1224 2835 1247 2853 ut
1265 2832 1280 2853 F
1298 2838 1323 2853 aa
1340 2832 1372 2854 hb
1390 2839 1442 2854 01101
1460 2833 1495 2855 ed.
1517 2834 1523 2854 1
1545 2833 1632 2856 addunt
1655 2834 1756 2863 scilicet,
1775 2837 1844 2865 aliqui
1862 2839 1885 2858 ut
1902 2837 1919 2858 G

1054 2870 1123 2895 ,111
1140 2872 1167 2893 el.
