2253 3317
229 1837 272 1860 Arg.
286 1842 320 1860 pro

193 1862 245 1884 parte
266 1865 321 1883 nega-

329 116 383 144 142

326 193 408 226 Deus,
420 191 474 220 alio
488 191 581 224 Pater:
595 188 755 219 dicendum.
770 186 845 223 quod
860 185 1031 222 Augustinus
1046 183 1171 221 loquitur

325 240 360 269 de
371 239 435 269 ,alio
449 241 476 267 et
496 237 550 265 alio
564 236 674 264 alietate
695 233 826 267 rationis,
842 235 869 261 et
883 240 938 260 non
960 231 1009 260 rei.
1030 231 1059 259 Et
1074 229 1171 258 intelli-

325 286 400 323 gitur
421 285 517 313 alietas
541 281 655 311 rationis
680 288 731 318 per
753 279 832 307 illum
857 278 986 312 modum,
1008 285 1063 314 quo
1084 283 1170 313 supra

325 332 430 360 dictum
445 333 486 359 est
500 327 675 357 distinetione
689 326 786 363 quinta
797 325 804 338 ¹
815 348 822 359 ,
840 325 887 353 ubi
903 324 1058 361 quaeritur,
1073 326 1170 352 utrum

324 378 444 407 essentia
466 378 586 413 generet.

403 426 428 453 2.
444 424 482 452 Ad
497 422 567 451 illud
580 421 654 459 quod
666 420 804 453 obiicitur.
819 418 912 456 quod²
927 417 1065 455 potentiae
1076 416 1170 445 distin-

325 473 451 508 guuntur
465 477 515 507 per
535 472 614 497 actus
642 470 692 496 etc.
699 478 706 501 3
731 465 894 499 dicendum,
916 464 991 502 quod
1013 471 1113 493 verum
1128 466 1169 491 est

326 518 376 546 hoe
406 517 441 545 de
462 516 517 544 illis
546 512 739 550 actibus,'q11i
762 512 865 540 liabent
893 510 1106 548 completionem
1133 509 1169 538 ab

324 564 454 598 obiectis;
476 563 525 592 sed
546 570 600 590 non
622 563 687 590 sunt
708 560 747 589 sic
769 562 847 588 actus
866 557 960 587 divini.
984 557 1059 586 Unde
1074 564 1170 593 quam-

325 612 367 640 vis
381 613 510 640 creatura
525 612 551 638 et
566 609 650 637 Filius
664 607 777 636 omnino
798 606 940 638 differant,
955 607 1077 632 attamen
1092 610 1170 640 gene-

325 658 395 687 ratio
409 661 436 686 et
457 657 560 686 creatio
574 656 648 684 idem
670 657 747 688 sunt,
767 653 838 682 sieut
859 651 978 681 essentia
999 653 1026 679 et
1041 657 1168 687 persona.

325 705 400 733 Deus
420 704 495 733 enim
510 704 537 731 in
555 702 663 740 agendo
677 709 731 730 non
747 699 903 737 completur
917 698 952 727 ab
967 697 1087 731 obiecto,
1103 696 1168 733 quja

327 760 355 780 se
378 751 438 788 ipso
458 750 522 787 agit.

406 797 431 826 3.
453 797 492 825 Ad
514 796 583 824 iilud
599 795 674 832 quod
695 794 841 827 obiicitur,
863 791 937 829 quod
952 790 1090 828 potentiae
1112 789 1171 826 plu-

326 845 471 873 rificantur
485 851 536 880 per
557 842 693 875 subiectag
709 840 868 873 dicendum,
883 837 958 875 quod
973 836 1048 866 istud
1071 844 1169 865 verum

1021 104 1272 134 SENTENTIARUM
1294 104 1354 132 [ΑΒ.
1377 104 1394 132 l.

1228 185 1269 211 est
1291 182 1325 210 de
1346 181 1471 209 subiecto
1486 179 1616 217 proprio;
1638 180 1687 209 sed
1707 180 1791 210 Filius
1809 189 1864 210 non
1886 180 1914 209 in
1935 181 2071 217 quantum

1228 228 1324 257 Filius
1338 231 1380 256 est
1401 227 1558 256 subiectum
1575 227 1714 264 potentiae
1729 228 1858 261 creandi,
1879 227 1928 256 sed
1947 227 1974 255 in
1988 234 2078 263 quan--

1227 278 1288 303 tum
1312 275 1395 302 Dens.
1419 274 1449 302 Et
1469 275 1584 308 constat,
1599 273 1674 310 quod
1695 276 1795 302 natura
1817 274 1911 303 divina
1932 281 1986 301 non
2009 273 2073 301 facit

1226 328 1378 350 numerum
1399 328 1463 349 cum
1478 320 1572 353 Patre3
1594 319 1631 348 ita
1652 327 1702 348 nec
1716 320 1835 357 potentia
1859 320 2010 357 respiciens
2028 327 2074 348 na-

1227 371 1319 396 turam
1341 375 1406 396 cum
1426 366 1549 404 potentia
1570 366 1666 395 Patris.

1305 415 1332 443 4.
1354 414 1392 442 Ad
1414 413 1483 442 illud
1506 413 1581 450 quod
1602 413 1701 442 ultimo
1722 413 1865 448 obiicitur,
1886 414 1961 451 quod
1983 421 2073 442 unum

1226 464 1317 499 potest
1331 460 1446 497 intelligi
1468 460 1527 489 sine
1547 460 1635 488 altero
1656 462 1683 490 et
1703 467 1718 489 e
1733 468 1883 493 converso;
1907 460 2057 489 dicendum
2066 482 2078 495 ,μ

1226 508 1302 546 quod
1325 511 1375 536 aut
1398 507 1521 545 loqueris
1542 509 1679 544 quantum
1704 506 1759 535 ad³
1783 506 2000 544 sz'ymfieatztm,
2025 509 2074 542 aut

1226 558 1363 592 quantum
1387 554 1423 583 ad
1448 557 1643 582 conmutatum.
1669 553 1695 581 Si
1721 555 1858 590 quantum
1883 553 1918 581 ad
1940 556 2079 581 connota-

1227 605 1302 635 tttm,
1318 609 1418 629 verum
1433 600 1514 635 dicis,
1530 600 1605 637 quod
1620 602 1749 628 creatura
1763 602 1854 636 potest
1876 599 2003 636 intelligi,
2018 606 2074 627 non

1227 648 1366 677 intellecta
1387 655 1506 684 persona
1527 647 1598 681 Filii,
1613 649 1640 675 et
1654 654 1669 675 e
1684 654 1825 675 converso.
1842 646 1868 674 Si
1884 648 2020 683 quantum
2038 646 2074 674 ad

1223 694 1390 732 principale
1409 693 1627 731 siynifieatttm,
1650 692 1740 722 dicis*
1762 693 1880 727 falsum;
1901 691 2074 729 impossibile

1227 745 1268 770 est
1283 741 1369 776 enim,
1384 740 1499 777 intelligi
1522 739 1674 777 potentiam
1696 739 1845 776 generandi
1868 739 1927 768 sine
1952 738 2075 776 potentia

1227 789 1356 823 creandi,
1384 788 1457 817 sicut
1484 787 1655 825 impossihile
1676 789 1718 816 est
1745 786 1900 824 intelligere
1924 794 2077 824 personam·

1227 835 1286 864 sine
1307 835 1435 864 essentia.

1070 948 1332 985 SOHOLION.

394 1070 409 1091 l.
426 1068 459 1090 De
476 1067 601 1090 differentia
619 1066 677 1088 inter
693 1065 816 1087 essentiam
833 1067 855 1086 et
872 1069 995 1092 personam
1019 1063 1059 1085 cfr.
1077 1062 1134 1084 infra
1152 1061 1174 1083 d.

331 1109 367 1131 33.
386 1115 408 1137 q.
426 1108 447 1130 2.
465 1110 487 1129 et
498 1106 612 1128 Scholion.
623 1117 655 1121 —
666 1104 701 1127 Ad
712 1104 784 1126 verba
802 1104 825 1125 in
842 1103 908 1125 solut.
926 1102 955 1124 ad
973 1102 1002 1124 3:
1018 1101 1123 1123 «Verum
1141 1104 1176 1123 est

329 1147 358 1169 de
375 1146 479 1169 subiecto
497 1145 621 1173 proprio»,
639 1143 780 1170 notandum,
798 1141 861 1171 quod
878 1141 1028 1168 distinguitur
1044 1139 1174 1162 subiectum

329 1187 461 1215 proximum
478 1188 501 1207 et
518 1184 673 1212 adaequatum
690 1182 787 1204 alieuius
803 1181 917 1209 potentiae
934 1182 957 1202 et
972 1182 1095 1202 remotum.
1116 1178 1176 1200 Sub-

328 1226 412 1247 ieetum
425 1224 556 1252 proximum
565 1223 614 1244 sive
628 1221 764 1250 primarium
776 1220 890 1248 potentiae
902 1219 995 1241 divinae
1011 1218 1125 1240 creativae
1142 1220 1176 1239 est

329 1265 423 1286 unicum
441 1263 488 1285 scil.
506 1262 603 1284 essentia
620 1260 706 1283 divina.
723 1260 749 1281 Et
765 1260 867 1281 axioma:
885 1258 999 1286 potentiae
1017 1256 1176 1285 plui-iticantur

330 1309 372 1331 per
388 1302 504 1329 subiecta,
523 1307 567 1323 non
585 1302 675 1328 oportet
691 1298 755 1328 quod
772 1299 801 1320 sit
821 1302 917 1325 verum,
936 1296 1030 1325 quando
1047 1296 1123 1323 agitur
1145 1295 1174 1317 de

330 1341 435 1365 subiecto
452 1343 556 1367 remoto,
574 1338 638 1368 quod
654 1341 688 1361 est
705 1343 803 1366 persona
821 1337 908 1359 divina.

1095 1434 1246 1472 QUAESTIO
1267 1434 1308 1463 iv.

702 1523 807 1551 Utrum
825 1531 910 1559 pos-se
928 1521 1069 1559 qemi-wi
1089 1524 1115 1549 et
1131 1529 1216 1558 posse
1237 1520 1338 1548 creari
1356 1519 1415 1547 sim
1436 1519 1596 1547 univocum
1615 1527 1707 1556 posse.

412 1634 511 1664 Ultimo
539 1632 703 1670 quaeritur,
732 1634 828 1660 utrum
860 1639 944 1667 posse
975 1629 1116 1667 yenerttrz'
1148 1632 1175 1658 et

329 1690 413 1720 posse
433 1680 534 1709 creari
553 1680 626 1709 sint5
650 1687 731 1716 posse
764 1678 923 1712 univocum.
958 1677 987 1705 Et
1005 1676 1081 1714 quod
1112 1684 1175 1708 non,

333 1729 459 1757 videtur:

413 1776 437 1802 1.
459 1774 529 1810 Quia
556 1772 685 1810 quamvis
706 1771 780 1800 idem
805 1771 840 1799 sit
868 1778 1001 1807 generare
1029 1773 1056 1799 et
1080 1777 1177 1798 creare

333 1824 469 1859 quantum
496 1820 531 1849 ad
560 1818 713 1857 principale
741 1817 942 1855 significatum,
971 1816 1047 1845 aliud
1083 1819 1176 1845 tamen

333 1871 375 1896 est
389 1866 515 1904 generari
531 1869 558 1895 et
579 1865 681 1899 creari,
697 1864 768 1893 sieut
783 1864 895 1892 Creator
911 1866 937 1892 et
955 1865 1094 1891 creatura:
1111 1870 1177 1899 ergo

334 1923 398 1944 cum
419 1923 474 1943 non
495 1912 635 1942 habeant⁰
655 1920 716 1941 esse
737 1911 889 1940 univocum
905 1913 1034 1939 creatura
1055 1913 1082 1938 et
1100 1910 1178 1938 Crea-

334 1964 392 1990 tor:
414 1969 481 1998 ergo
502 1963 552 1988 etc.

413 2009 438 2035 2.
460 2007 543 2040 ltem,
565 2005 667 2034 creatio
688 2004 755 2033 dicit
769 2011 914 2041 egressum
935 2006 962 2032 et
983 2002 1178 2036 mutationem,

331 2054 474 2092 generatio
498 2060 565 2081 vero
592 2059 703 2080 omnem
731 2050 857 2079 excludit
884 2049 1082 2078 mutationem:
1112 2056 1179 2085 ergo

332 2109 396 2130 cum
419 2107 499 2138 posse
521 2099 609 2128 creari
632 2099 762 2135 importet
783 2097 935 2134 potentiam
956 2096 1178 2130 transmutandi,

332 2156 413 2186 posse
435 2147 562 2184 generari
583 2154 647 2180 non,
676 2153 740 2174 eum
762 2144 900 2182 potentiae
922 2143 1051 2172 differant
1072 2143 1100 2171 in
1129 2151 1180 2172 sua

310 2218 313 2220 .
333 2194 512 2232 generalitate
533 2193 561 2221 in
575 2193 697 2230 potentia
718 2191 954 2224 transmutandi7,
969 2193 996 2219 et
1017 2190 1043 2218 in
1058 2190 1110 2218 hae
1125 2198 1179 2218 non

334 2241 517 2271 conveniunt:
540 2248 606 2277 ergo
628 2240 656 2267 in
676 2239 762 2267 nulla.

1295 1061 1317 1083 ll.
1336 1061 1398 1083 [lanc
1415 1061 1574 1089 quaestionem
1596 1060 1632 1082 alii
1650 1060 1737 1089 antiqui
1755 1059 1888 1081 Scholastici
1905 1064 1950 1080 non
1968 1058 2009 1080 nisi
2027 1057 2077 1080 bre-

1230 1101 1289 1123 viter
1306 1102 1408 1123 tractant.
1426 1100 1502 1128 lpsam
1518 1100 1591 1127 tangit
1608 1100 1629 1121 S.
1647 1099 1731 1122 Doctor
1747 1099 1805 1121 infra
1822 1098 1845 1121 d.
1863 1099 1899 1121 20.
1918 1104 1937 1120 a.
1962 1098 1982 1120 vl.
2008 1104 2030 1126 q.
2055 1097 2075 1119 rt.

1230 1152 1262 1156 —
1279 1140 1340 1162 Alex.
1358 1139 1422 1167 Hal.‚
1441 1139 1462 1161 S.
1481 1145 1503 1166 p.
1521 1139 1536 1161 l.
1554 1145 1576 1167 q.
1595 1139 1632 1161 20.
1650 1144 1680 1160 rn.
1708 1138 1728 1160 ri.
1746 1141 1768 1160 et
1786 1138 1807 1160 2.
1824 1149 1856 1154 —
1872 1137 1894 1159 S.
1918 1137 2016 1165 Thom.,
2040 1137 2077 1159 hic

1231 1186 1253 1208 q.
1275 1179 1292 1201 1.
1310 1185 1330 1201 a.
1348 1179 1376 1206 33
1395 1178 1424 1200 de
1441 1178 1525 1200 Potent.
1543 1184 1565 1206 q.
1584 1178 1604 1199 2.
1623 1184 1642 1200 a.
1661 1178 1682 1199 6.
1698 1189 1730 1194 —
1742 1177 1800 1199 Petr.
1818 1183 1830 1199 a
1844 1177 1905 1205 Tan,
1920 1177 1957 1199 bic
1973 1182 1995 1205 q.
2014 1176 2035 1198 3.
2056 1182 2076 1198 a.

1233 1218 1253 1240 i.
1269 1230 1301 1234 —
1318 1217 1425 1240 Richard.
1443 1223 1455 1239 a
1474 1216 1546 1245 Med,
1565 1217 1602 1239 hic
1621 1223 1643 1245 q.
1658 1215 1678 1238 4.
1690 1228 1722 1232 -
1733 1215 1807 1244 AEgid.
1826 1216 1865 1244 R.,
1884 1215 1913 1238 de
1930 1216 1973 1238 hac
1990 1217 2012 1237 et
2029 1221 2077 1243 seq.

1232 1263 1254 1285 q.
1272 1257 1308 1278 hie
1324 1256 1342 1278 1.
1354 1256 1427 1284 princ.
1440 1262 1462 1284 q.
1476 1255 1496 1277 3.
1509 1267 1540 1272 —
1551 1255 1645 1282 Dionys.
1657 1254 1732 1277 Carth.
1743 1273 1748 1283 ‚
1767 1255 1803 1277 liic
1820 1261 1842 1283 q.
1862 1255 1883 1276 2.

1232 1682 1304 1712 quae
1322 1674 1509 1702 univocantur
1530 1674 1575 1703 vel
1596 1674 1780 1711 analogantur
1794 1674 1821 1703 in
1843 1674 1924 1709 illo⁸3
1946 1675 1995 1704 sed
2016 1683 2079 1704 cum

1233 1721 1295 1750 dico
1316 1720 1511 1757 omnipotens,
1532 1729 1587 1749 non
1608 1720 1639 1748 fit
1660 1721 1821 1750 distributio
1841 1730 1893 1759 pro
1914 1722 1962 1751 illo
1975 1745 1982 1757 ‚
2004 1722 2080 1759 quod

1233 1770 1324 1806 potest
1345 1776 1493 1804 generare,
1508 1768 1574 1805 quia
1594 1770 1660 1797 tunc
1683 1768 1766 1797 Filius
1786 1776 1842 1796 non
1863 1772 1936 1798 esset
1957 1769 2081 1806 omnipo-
2106 1798 2108 1802 ,

1233 1818 1308 1843 tens:
1331 1822 1398 1851 ergo
1412 1814 1592 1843 manifestum
1607 1817 1660 1849 est,
1676 1815 1751 1852 quod
1766 1817 1920 1852 utrumque
1934 1822 2016 1852 posse
2030 1822 2081 1843 nec

1234 1864 1276 1890 est
1296 1861 1447 1890 univocum
1469 1869 1519 1889 nec
1541 1861 1706 1898 analogum3
1731 1861 1854 1899 alioquin
1882 1861 2081 1899 omnipotentia

1234 1916 1289 1936 non
1311 1908 1439 1937 convenit
1461 1908 1535 1937 Filio.

1314 1955 1366 1983 SED
1387 1963 1511 1984 comm:
1538 1957 1559 1984 1.
1577 1956 1631 1984 Res
1645 1958 1687 1984 est
1708 1963 1856 1984 commune
1871 1955 1906 1984 ad
1927 1955 2039 1984 fruibile
2053 1958 2081 1984 et
2116 1964 2162 1987 Arg.
2176 1969 2224 1993 pro„

1234 2001 1346 2030 utibile:
1369 2009 1435 2038 ergo
1457 2010 1521 2031 cum
1543 2002 1668 2040 aequalis
1696 2002 1818 2031 ambitus
1839 2002 1883 2031 vel
1911 2002 2024 2031 maioris
2045 2002 2080 2031 sit
2092 1987 2223 2029 miza-amr..

1232 2047 1369 2084 possibile
1383 2056 1469 2085 quain
1491 2057 1551 2083 res,
1567 2052 1594 2078 et
1608 2057 1663 2077 non
1678 2049 1714 2077 sit
1735 2049 1824 2077 maior
1839 2049 1995 2078 differentia
2009 2044 2082 2078 inter

1237 2097 1400 2132 generatum
1415 2097 1442 2123 et
1457 2098 1583 2124 creatum
1595 2095 1606 2109 ⁹
1621 2103 1707 2132 quam
1721 2095 1794 2124 inter
1808 2095 1921 2124 fruibile
1935 2098 1962 2124 et
1975 2095 2082 2130 utibile,

1236 2142 1297 2179 pari
1320 2142 1427 2170 ratione
1455 2143 1587 2180 possibile
1615 2143 1673 2172 sive
1701 2150 1782 2180 posse
1809 2146 1851 2172 est
1872 2150 2020 2171 commune
2047 2142 2083 2172 ad

1237 2193 1400 2226 utrumque.

1311 1627 1336 1656 3.
1353 1627 1436 1661 Item,
1452 1636 1533 1655 omne
1548 1613 1692 1656 distribuit
1706 1627 1859 1656 terminum
1873 1636 1925 1665 pro
1939 1628 2079 1663 omnibus,
2238 1599 2243 1912 l

2241 2123 2243 2139 1

1317 2237 1342 2264 Ξ.
1367 2236 1445 2271 item,
1462 2236 1488 2264 in
1503 2237 1623 2265 aeternis
1638 2245 1691 2265 non
1713 2239 1803 2274 potest
1817 2244 1878 2266 esse
1892 2236 2083 2273 multiplicitas
2242 2210 2245 2284 ἰ

399 2373 405 2387 ¹
424 2374 471 2395 Art.
491 2373 510 2394 l.
528 2379 550 2401 q.
573 2374 590 2394 1.

398 2412 408 2427 ²
426 2412 475 2434 Vat.
493 2415 584 2440 praeter
601 2411 670 2433 tidem
688 2416 742 2433 mss.
761 2413 783 2432 et
799 2408 835 2432 ed.
858 2410 863 2431 t
885 2409 967 2431 omittit
988 2407 1057 2437 qnod.
1079 2419 1110 2424 -
1127 2408 1180 2429 Pro-

336 2452 396 2473 xime
413 2457 513 2480 sequens
530 2450 656 2478 propositio
675 2449 807 2476 intelligitur
824 2447 852 2469 de
876 2448 918 2469 illis
940 2446 1040 2475 actibus,
1066 2446 1105 2475 qui
1128 2451 1181 2468 cau-

335 2490 423 2512 sanlm·
439 2490 516 2517 aliquo
533 2488 603 2510 modo
621 2488 649 2510 ab
667 2487 774 2515 obiectis,
787 2487 853 2508 sicuti
865 2485 889 2508 tit
901 2486 922 2507 in
934 2485 1084 2507 intellectione
1096 2485 1180 2506 nostra.

399 2527 409 2542 ³
427 2527 482 2550 Cod.
500 2528 515 2549 Z
533 2529 628 2555 propter
645 2526 746 2549 subnexa
764 2531 809 2547 non
827 2525 954 2552 incongrue
971 2523 1034 2545 addit
1049 2522 1180 2552 principale

337 2569 350 2590 i.
362 2574 381 2590 e.
390 2568 453 2596 quod
464 2568 539 2595 primo
551 2570 573 2589 et
584 2573 626 2594 per
637 2572 661 2588 se
673 2565 826 2593 significatur,
839 2564 930 2586 exclusa
943 2564 1005 2585 onmi
1015 2562 1180 2585 connotatione.

399 2606 408 2620 ⁴
425 2607 570 2635 Antiquiores
587 2605 654 2628 codd.
681 2607 706 2627 ut
726 2604 793 2626 AFG
804 2604 851 2625 HK
862 2603 916 2625 SW
945 2605 987 2624 etc.
1013 2602 1049 2624 vel
1075 2602 1182 2623 omittunt

336 2645 409 2673 dicis,
429 2645 493 2673 quod
511 2648 564 2666 tunc
581 2646 641 2666 certe
659 2646 693 2666 est
709 2642 879 2670 supplendum,
896 2642 933 2663 x-el
952 2647 1004 2663 eum
1030 2640 1066 2662 ed.
1097 2640 1102 2661 t
1132 2640 1182 2661 loco

337 2685 409 2712 ipsius
427 2687 515 2712 ponunt
531 2684 571 2706 est.

400 2722 409 2737 ⁵
427 2723 477 2744 Mss.
496 2723 588 2750 plurimi
606 2728 659 2744 cum
677 2727 714 2743 sex
732 2721 813 2748 primis
830 2719 883 2742 edd.
901 2718 937 2742 sit.

364 2792 366 2794 .
399 2761 409 2775 ⁶
426 2761 478 2783 Vat.
489 2779 494 2789 ‚
513 2760 668 2783 obnitentibus
685 2759 762 2781 multis
780 2758 846 2781 codd.
859 2761 884 2780 ut
901 2758 932 2779 ΙΙΙ
943 2757 1047 2779 S‘rwz
1060 2762 1086 2778 aa
1106 2758 1147 2778 etc.
1161 2758 1183 2777 et

337 2800 373 2822 ed.
391 2801 413 2827 1,
431 2801 507 2822 minus
524 2803 576 2827 apte
589 2798 679 2822 liabent.

399 2839 408 2853 7
425 2839 469 2861 Csr.
488 2839 577 2861 Aristot.
589 2856 594 2866 ,
613 2837 640 2859 V.
659 2837 754 2864 Metapli.
774 2839 825 2858 text.
848 2835 880 2857 17.
898 2838 919 2857 et
936 2835 974 2857 lx.
993 2837 1038 2857 text
1063 2834 1082 2856 2.
1102 2832 1179 2861 (1V.c.

340 2879 374 2900 ¹2.
391 2880 413 2899 et
431 2878 481 2899 Vlll.
500 2883 519 2899 e.
542 2878 576 2904 1.),
595 2876 633 2898 ubi
651 2876 739 2903 species
757 2875 871 2902 potentiae
886 2877 1033 2896 recensentur
1050 2875 1071 2894 et
1088 2878 1130 2900 pro
1144 2877 1181 2899 ge-

1209 2704 1210 2712 *
1239 2684 1289 2709 tur,
1307 2682 1325 2703 si
1344 2682 1442 2709 potentia
1460 2681 1538 2704 activa
1556 2680 1680 2708 generandi
1699 2686 1743 2702 non
1761 2680 1821 2702 cadit
1838 2680 1932 2707 proprie
1948 2677 1992 2700 sul)
2010 2679 2084 2700 omni-

1238 2375 1292 2391 nere.
1311 2375 1388 2391 aarum
1407 2370 1527 2398 proximo,
1546 2370 1567 2391 in
1585 2375 1631 2398 quo
1654 2375 1734 2391 omnes
1757 2369 1910 2397 conveniunt,
1937 2369 2080 2396 assignatur,

1238 2408 1300 2436 quod
1318 2409 1361 2430 sint
1379 2409 1519 2436 principium
1539 2411 1616 2431 motus
1632 2411 1671 2430 aut
1688 2408 1888 2430 transmutationis.

1300 2447 1310 2462 Β
1327 2448 1430 2475 Ariston,
1449 2447 1476 2470 V.
1494 2448 1592 2475 Metaph.
1610 2450 1661 2470 text.
1680 2447 1716 2469 31.
1735 2447 1780 2475 (IV.
1798 2453 1817 2469 c.
1837 2447 1891 2475 2fi):
1908 2447 2012 2475 Quorum
2035 2447 2082 2475 qui-

1238 2486 1291 2508 dem
1318 2493 1362 2509 non
1385 2487 1438 2509 tacit
1462 2487 1545 2514 positio
1570 2486 1721 2509 differentiam
1747 2492 1815 2508 onme
1839 2486 1928 2508 dicitur.
1954 2484 1999 2508 Cl‘r.
2025 2485 2082 2507 Petr.

1237 2525 1345 2553 Hispan,
1364 2526 1492 2547 Summula.
1511 2528 1574 2547 tract.
1591 2525 1621 2547 de
1638 2524 1808 2547 Distributione.
1826 2536 1857 2540 —
1874 2524 1923 2546 Mox
1940 2524 2079 2552 antiquiores

1238 2564 1306 2586 codd.
1324 2571 1376 2586 eum
1394 2564 1430 2586 ed.
1449 2565 1458 2586 l
1478 2570 1607 2593 qenerore;
1621 2564 1670 2586 vat.
1686 2568 1708 2586 et
1725 2563 1776 2586 cod.
1795 2569 1821 2585 ec
1838 2569 1883 2585 non
1895 2562 1953 2584 bene
1964 2560 2082 2592 yenerari.

1238 2603 1319 2631 Agitur
1336 2603 1430 2632 quidem
1448 2603 1477 2624 de
1495 2604 1642 2631 generatione
1660 2603 1762 2631 passiva,
1774 2602 1815 2624 sed
1827 2601 1994 2630 argumentatio
2005 2601 2084 2628 incipit

1239 2648 1250 2663 a
1269 2643 1367 2669 potentia
1386 2643 1466 2670 activa,
1485 2643 1607 2670 importata
1624 2642 1645 2664 in
1664 2647 1721 2664 voce
1738 2640 1892 2670 omnipotens,
1907 2643 1929 2662 et
1945 2641 2006 2662 recte
2019 2639 2083 2661 inser-

1239 2721 1344 2749 potentia,
1363 2723 1416 2743 tunc
1433 2723 1454 2743 ct
1472 2721 1587 2748 generatio
1601 2719 1699 2749 passiva
1717 2726 1761 2741 non
1778 2719 1838 2741 eadit
1854 2718 1897 2740 sub
1922 2716 2003 2740 omnia
2024 2723 2083 2746 quac

1238 2762 1326 2788 potest:
1344 2765 1400 2787 ergo
1418 2762 1459 2781 ete.

1300 2798 1309 2812 9
1326 2798 1379 2820 Fide
1396 2799 1546 2819 vetustiorum
1566 2804 1619 2820 mss.
1637 2801 1659 2820 et
1675 2797 1711 2819 ed.
1727 2798 1732 2818 1
1748 2796 1907 2819 substItuimus
1918 2795 2025 2818 creatum
2038 2800 2086 2822 pro

1238 2838 1382 2861 creaturam.
