2253 3317
672 463 1038 522 PRAEFATIO
1077 464 1455 524 GENERALIS.

289 1084 447 1120 Sanctus
472 1085 750 1133 Bonaventura,
778 1087 931 1121 nomine
958 1087 1149 1133 gentilitio
1181 1093 1341 1123 vocatusv
1373 1088 1532 1124 Ioannes
1562 1089 1742 1136 Fidauza,
1782 1091 1934 1126 natione

195 1143 334 1190 Italus,
363 1143 689 1189 Balneoregiensis
716 1145 858 1191 patria,
886 1145 1094 1180 Alexandri
1120 1145 1297 1181 Halensis
1323 1147 1555 1194 discipulus,
1583 1148 1838 1184 universitatis
1865 1148 1935 1183 Pa-

194 1202 361 1236 risiensis
388 1201 538 1248 doctor,
567 1201 601 1238 S.
630 1202 795 1237 Thomae
821 1203 1025 1249 Aquinatis
1052 1208 1089 1238 et
1115 1203 1149 1239 S.
1176 1204 1361 1239 Ludovici
1386 1205 1617 1240 Francorum
1642 1207 1740 1252 regis
1765 1208 1930 1254 amicus,

196 1259 347 1295 Ordinis
372 1259 561 1295 Minorum
600 1273 667 1307 per
704 1261 975 1307 septemdecim
1001 1274 1119 1296 annos
1147 1262 1341 1297 Generalis
1366 1262 1559 1310 Minister,
1588 1264 1621 1300 S.
1648 1264 1837 1299 Romanae
1864 1265 1933 1300 Ec-

195 1319 330 1354 clesiae
356 1318 569 1365 Episcopus
596 1318 827 1366 Cardinalis,
855 1319 943 1354 albo
970 1319 1193 1355 Sanctorum
1218 1333 1240 1354 a
1258 1320 1363 1356 Sixto
1380 1320 1445 1355 IV.
1465 1326 1502 1356 et
1519 1321 1725 1357 Doctorum
1741 1322 1933 1358 Ecclesiae

194 1390 216 1412 a
241 1376 346 1413 Sixto
372 1377 417 1412 V.
445 1378 515 1412 rite
541 1378 776 1425 adscriptus,
804 1378 989 1413 virtutum
1015 1378 1303 1425 splendoribus,
1331 1379 1442 1414 rebus
1468 1381 1600 1427 gestis,
1620 1381 1822 1427 praeclaris
1845 1382 1933 1416 scri-

194 1436 270 1482 ptis
295 1448 363 1482 per
387 1436 517 1471 orbem
542 1441 579 1471 et
604 1449 672 1482 per
697 1437 847 1471 saecula
877 1437 1166 1484 celeberrimus,
1201 1438 1393 1472 communi
1425 1438 1606 1484 suffragio
1636 1440 1934 1474 antonomastice

202 1507 296 1541 «pro
334 1494 596 1541 singularitate
622 1495 828 1541 sapientiae
854 1495 1069 1542 appellatus
1096 1500 1152 1530 cst
1177 1495 1318 1530 Doctor
1344 1495 1568 1542 Seraphicus
1584 1497 1591 1514 ¹
1607 1512 1639 1531 ³).
1666 1497 1773 1532 Licet
1805 1510 1933 1533 omnes

194 1553 314 1588 sancti
340 1552 531 1588 Ecclesiae
557 1552 738 1588 Doctores
765 1554 841 1589 sint
867 1554 1042 1588 lucernae
1073 1554 1246 1589 ardentes
1279 1555 1431 1589 caritate
1464 1559 1501 1589 et
1531 1555 1701 1590 lucentes
1733 1555 1933 1601 splendore

194 1612 383 1658 veritatis,
412 1624 615 1658 eorumque
643 1612 784 1658 scripta
808 1612 1017 1659 plurimum
1043 1612 1240 1647 conferant
1264 1613 1312 1647 ad
1338 1617 1503 1647 mentem
1530 1613 1681 1648 lectoris
1707 1614 1864 1649 scientia
1888 1614 1933 1648 il-

194 1670 454 1704 luminandam
479 1674 517 1704 et
541 1669 721 1704 affectum
747 1671 947 1705 devotione
973 1670 1309 1717 inflammandum,
1337 1676 1463 1705 tamen
1494 1684 1570 1706 non
1602 1672 1734 1706 eodem
1758 1672 1870 1707 modo
1896 1677 1933 1706 et

193 1728 313 1774 gradu
338 1732 541 1775 utrumque
566 1728 782 1763 immediate
809 1733 1011 1775 praestant.
1039 1728 1239 1764 Divisiones
1264 1730 1354 1764 enim
1378 1732 1459 1764 sunt
1478 1730 1697 1777 yi'atz'arum,
1715 1730 1804 1765 idem
1821 1733 1934 1765 autem

193 1786 351 1834 Spiritus
375 1786 531 1821 dividens
555 1786 707 1834 Si'nycclz's
738 1790 849 1834 prout
874 1787 980 1821 vult?
1008 1787 1189 1822 Doctores
1218 1792 1344 1821 autem
1370 1787 1593 1823 Scholastici
1623 1788 1809 1834 ceterique
1846 1793 1933 1834 post

193 1858 255 1881 eos
281 1845 450 1891 theologi
477 1844 553 1879 fere
579 1849 728 1879 tantum
754 1845 793 1879 in
819 1845 1072 1880 illuminando
1098 1845 1297 1879 intellectu
1315 1850 1520 1880 versantur.
1540 1845 1698 1881 Sanctus
1716 1850 1842 1880 autem
1860 1846 1930 1881 Bo-

192 1909 421 1951 naventura,
441 1904 612 1950 quicum
637 1903 797 1938 Doctore
822 1903 1009 1949 Angelico
1034 1903 1256 1950 primarium
1280 1904 1378 1938 inter
1400 1902 1651 1939 Scholasticos
1669 1904 1796 1939 10011111
1822 1916 1932 1939 00011-

193 1968 280 2009 pat,
307 1967 510 2009 utrumque
536 1962 771 2008 coniungens
809 1967 847 1996 et
883 1963 923 1996 in
962 1962 1092 1996 divina
1117 1961 1280 2008 quadam
1311 1962 1456 1996 animos
1489 1961 1751 1996 inflammandi
1776 1962 1815 1996 vi
1840 1974 1930 2008 prae

193 2021 325 2056 ceteris
351 2021 566 2056 doctoribus
592 2021 797 2067 excellens,
817 2021 896 2055 iure
914 2020 988 2055 sibi
1005 2020 1053 2055 ab
1070 2019 1363 2054 immemorabili
1380 2024 1549 2067 tempore
1566 2021 1774 2066 promeruit
1790 2033 1929 2055 nomen

192 2079 365 2115 Doctoris
392 2079 601 2126 Seraphici,
623 2092 855 2114 summorum
882 2078 1112 2114 Pontificum
1139 2078 1411 2125 diplomatibus
1431 2083 1468 2112 et
1486 2078 1720 2113 saeculorum
1748 2091 1931 2123 consensu

193 2135 466 2173 confirsnatum.
492 2137 649 2184 Insigne
674 2138 918 2184 praeconium
943 2137 1056 2172 unico
1081 2137 1153 2171 hoc
1179 2136 1365 2171 vocabulo
1396 2136 1593 2183 profertur.
1627 2136 1735 2183 Nam,
1766 2141 1860 2171 teste
1888 2136 1924 2172 S.

192 2196 376 2232 Bernardo
390 2197 400 2215 ³
434 2201 517 2231 «est
542 2201 691 2231 tantum
716 2196 842 2230 lucere
869 2208 1031 2242 vanum,
1060 2199 1209 2229 tantum
1234 2194 1361 2229 ardere
1386 2207 1542 2241 parum,
1576 2194 1701 2229 lucere
1734 2199 1771 2229 et
1800 2195 1928 2229 ardere

192 2255 404 2302 perfectum
417 2270 449 2290 n.
476 2254 580 2290 Haec
617 2255 736 2301 igitur
774 2254 942 2300 indoles,
982 2253 1074 2288 haec
1112 2253 1194 2287 laus
1221 2252 1412 2287 doctrinae
1438 2252 1472 2288 S.
1500 2253 1807 2300 Bonaventurae,
1835 2265 1929 2300 quae

192 2314 323 2360 paucis
348 2314 432 2349 aliis
457 2314 587 2360 datur,
615 2313 704 2360 quia
729 2313 890 2358 scilicet,
910 2316 952 2346 ut
974 2316 1133 2346 testatur
1163 2310 1376 2346 Tritlzemius
1389 2311 1411 2356 4,
1446 2311 1585 2345 «multi
1611 2311 1821 2346 doctrinam
1846 2323 1929 2357 pro-

193 2372 340 2418 ferunt,
369 2372 609 2407 devotionem
633 2371 854 2418 praedicant
871 2370 983 2406 multi
998 2383 1006 2416 3
1024 2370 1136 2416 pauci
1154 2369 1194 2403 in
1212 2369 1410 2404 scribendo
1428 2369 1544 2404 libros
1562 2369 1771 2404 docuerunt
1788 2373 1930 2404 utrum-

193 2444 276 2478 que.
304 2430 338 2466 8.
365 2430 629 2466 Bonaventura
653 2435 780 2465 autem
807 2434 844 2463 et
869 2428 1009 2463 multos
1040 2428 1231 2474 superavit
1262 2431 1300 2462 et
1330 2440 1492 2474 paucos,
1527 2428 1618 2462 dum
1650 2428 1729 2462 eius
1761 2427 1931 2462 doctrina

287 2571 293 2585 ¹
312 2571 342 2593 lta
358 2571 452 2593 loannes
469 2571 498 2593 de
515 2571 689 2593 Turrecremata
707 2570 761 2593 Orci.
780 2570 880 2592 Praedic.
898 2571 920 2592 in
938 2572 1033 2592 tractatu
1051 2569 1079 2591 de
1096 2569 1195 2591 Veritatc
1212 2568 1371 2596 conceptionis
1388 2569 1411 2590 B.
1430 2569 1457 2591 M.
1475 2568 1502 2590 V.
1520 2574 1542 2596 p.
1560 2568 1597 2590 Vl.
1615 2574 1634 2591 c.
1653 2568 1688 2590 30.
1701 2568 1741 2590 Hic
1760 2568 1839 2590 mulus
1858 2567 1931 2591 Sera—

191 2614 254 2644 phiec·
270 2614 403 2642 posterioris
419 2616 453 2636 est
470 2614 579 2642 originis,
597 2614 654 2636 dum
671 2614 692 2636 111
710 2614 786 2641 primo
804 2616 856 2641 post
872 2614 922 2635 eius
939 2615 1037 2635 mortem
1054 2612 1145 2634 saeculo
1162 2612 1313 2634 communiter
1330 2610 1456 2633 vocabatur
1474 2610 1560 2634 Doctor
1576 2610 1678 2633 devotus.
1696 2610 1802 2632 Sbaralea
1825 2610 1929 2639 (Supple-

193 2661 295 2680 mentum
312 2660 334 2679 et
351 2657 468 2684 castigatio
485 2656 513 2678 ad
531 2657 658 2684 Scriptores
675 2657 743 2678 trium
761 2655 814 2678 Ord.
833 2656 854 2677 S.
872 2655 999 2683 Francisci,
1017 2655 1103 2677 Romae
1121 2654 1192 2682 1806,
1210 2660 1263 2682 pag.
1282 2653 1336 2682 143)
1358 2654 1451 2681 asserit,
1468 2654 1585 2681 primum,
1602 2653 1642 2681 qui
1659 2653 1681 2674 S.
1698 2653 1880 2675 Bonaventuram
1892 2653 1928 2675 illo

191 2701 257 2723 titulo
274 2699 396 2722 decorasse
412 2700 556 2727 inveniatur,
574 2705 624 2722 csse
641 2699 782 2726 Ray-nerium
799 2699 918 2726 Pisanum,
937 2698 1008 2720 filium
1025 2698 1047 2719 S.
1064 2697 1191 2725 Dominici‚
1209 2697 1230 2718 in
1248 2702 1288 2718 sua
1306 2696 1400 2718 Summa
1417 2697 1466 2718 sive
1490 2695 1664 2723 Pantheologia,
1690 2700 1759 2724 quam
1784 2701 1843 2717 anno
1869 2695 1928 2717 ’1333

193 2743 315 2765 inchoavit.
335 2742 380 2765 Sed
397 2743 418 2764 in
436 2743 479 2764 hoc
497 2742 578 2764 fallitur
595 2742 676 2764 doctus
693 2743 741 2770 vir,
759 2742 812 2770 quia
830 2741 941 2769 Prologus
958 2740 1144 2768 Pantheologiae‚
1162 2740 1183 2761 in
1201 2745 1248 2768 quo
1265 2739 1379 2761 invenitur
1396 2738 1473 2761 titulus
1490 2737 1627 2767 Seraphici,
1646 2743 1691 2760 non
1709 2738 1871 2766 estRaynerii‚
1888 2737 1929 2760 sed

193 2786 286 2809 editoris
303 2786 361 2808 1111115
377 2786 469 2813 operis,
487 2785 527 2813 qui
543 2785 599 2807 vixit
615 2785 706 2807 saeculo
725 2785 774 2807 XV.

286 2829 295 2843 ⁴2
312 2829 327 2850 1.
345 2828 396 2851 Cor.
418 2828 455 2855 12,
475 2827 495 2849 4.
518 2828 551 2850 11.

287 2871 296 2886 3
313 2872 385 2893 Serm.
403 2872 425 2892 111
442 2871 511 2892 11111111.
529 2871 550 2892 S.
570 2870 627 2892 loan.
646 2870 708 2898 Bapt.
728 2876 749 2892 11.
768 2870 788 2891 3.
807 2869 852 2895 (cd.
870 2869 950 2891 Venct.
968 2874 1003 2890 an.
1022 2867 1097 2896 1765,
1115 2870 1168 2889 tom.
1187 2866 1209 2888 11,
1228 2866 1270 2888 col.
1289 2865 1358 2893 sim).

287 2913 295 2928 ⁴
312 2914 344 2936 Dc
361 2913 516 2941 Scriptoribus
533 2913 613 2935 eccles.
632 2913 668 2934 sol.
687 2913 727 2934 1101
748 2918 816 2934 verso
832 2911 868 2934 cd.
886 2912 955 2933 Paris.
978 2910 1046 2939 1512,
1064 2910 1100 2932 vol
1118 2915 1137 2932 c.
1156 2908 1199 2930 464
1222 2908 1294 2937 (apud
1310 2907 1397 2931 Fabric.
1414 2907 1470 2930 Bibl.
1488 2907 1567 2930 eccles.
1584 2913 1607 2936 p.
1626 2907 1686 2936 4⁴3).

381 2956 405 2979 S.
426 2956 511 2979 Bonae.
529 2968 561 2972 —
579 2955 644 2977 Toni.
662 2955 677 2976 1.
1819 2949 1835 2971 11
