<?xml version="1.0" encoding="UTF-8"?>
<!DOCTYPE html PUBLIC "-//W3C//DTD XHTML 1.0 Transitional//EN"
    "http://www.w3.org/TR/xhtml1/DTD/xhtml1-transitional.dtd">
<html xmlns="http://www.w3.org/1999/xhtml" xml:lang="en" lang="en">
 <head>
  <title>
</title>
<meta http-equiv="Content-Type" content="text/html;charset=utf-8" />
  <meta name='ocr-system' content='tesseract 3.04.00' />
  <meta name='ocr-capabilities' content='ocr_page ocr_carea ocr_par ocr_line ocrx_word'/>
</head>
<body>
  <div class='ocr_page' id='page_1' title='image "./doctorisseraphic11bona_0214.png"; bbox 0 0 2253 3317; ppageno 0'>
   <div class='ocr_carea' id='block_1_1' title="bbox 180 706 297 748">
    <p class='ocr_par' dir='ltr' id='par_1_1' title="bbox 180 706 297 748">
     <span class='ocr_line' id='line_1_1' title="bbox 180 706 297 729; baseline -0.009 -4"><span class='ocrx_word' id='word_1_1' title='bbox 180 706 210 725; x_wconf 87' lang='lat' dir='ltr'>Ad</span> <span class='ocrx_word' id='word_1_2' title='bbox 223 706 297 729; x_wconf 78' lang='lat' dir='ltr'>opposi-</span> 
     </span>
     <span class='ocr_line' id='line_1_2' title="bbox 216 731 262 748; baseline 0 0"><span class='ocrx_word' id='word_1_3' title='bbox 216 731 262 748; x_wconf 81' lang='lat' dir='ltr'>tum.</span> 
     </span>
    </p>
   </div>
   <div class='ocr_carea' id='block_1_2' title="bbox 316 110 370 137">
    <p class='ocr_par' dir='ltr' id='par_1_2' title="bbox 316 110 370 137">
     <span class='ocr_line' id='line_1_3' title="bbox 316 110 370 137; baseline 0 0"><span class='ocrx_word' id='word_1_4' title='bbox 316 110 370 137; x_wconf 75' lang='lat'>112</span> 
     </span>
    </p>
   </div>
   <div class='ocr_carea' id='block_1_3' title="bbox 308 184 1161 2085">
    <p class='ocr_par' dir='ltr' id='par_1_3' title="bbox 310 184 1158 314">
     <span class='ocr_line' id='line_1_4' title="bbox 310 184 1156 224; baseline -0.004 -9"><span class='ocrx_word' id='word_1_5' title='bbox 310 186 355 215; x_wconf 87' lang='lat' dir='ltr'>vel</span> <span class='ocrx_word' id='word_1_6' title='bbox 376 186 507 224; x_wconf 80' lang='lat' dir='ltr'>supponit</span> <span class='ocrx_word' id='word_1_7' title='bbox 527 193 691 223; x_wconf 78' lang='lat' dir='ltr'>personam3</span> <span class='ocrx_word' id='word_1_8' title='bbox 713 185 761 213; x_wconf 88' lang='lat' dir='ltr'>sed</span> <span class='ocrx_word' id='word_1_9' title='bbox 783 185 903 214; x_wconf 74' lang='lat' dir='ltr'>essentia</span> <span class='ocrx_word' id='word_1_10' title='bbox 924 193 978 213; x_wconf 90' lang='lat' dir='ltr'>non</span> <span class='ocrx_word' id='word_1_11' title='bbox 1001 184 1156 221; x_wconf 74' lang='lat' dir='ltr'>significat¹</span> 
     </span>
     <span class='ocr_line' id='line_1_5' title="bbox 311 231 1158 270; baseline -0.004 -8"><span class='ocrx_word' id='word_1_12' title='bbox 311 241 468 270; x_wconf 75' lang='lat' dir='ltr'>personam,</span> <span class='ocrx_word' id='word_1_13' title='bbox 490 241 554 261; x_wconf 85' lang='lat' dir='ltr'>cum</span> <span class='ocrx_word' id='word_1_14' title='bbox 577 231 611 260; x_wconf 88' lang='lat' dir='ltr'>sit</span> <span class='ocrx_word' id='word_1_15' title='bbox 626 231 797 263; x_wconf 73' lang='lat' dir='ltr'>communis,</span> <span class='ocrx_word' id='word_1_16' title='bbox 819 239 868 260; x_wconf 80' lang='lat' dir='ltr'>nec</span> <span class='ocrx_word' id='word_1_17' title='bbox 888 239 1035 268; x_wconf 76' lang='lat' dir='ltr'>personam</span> <span class='ocrx_word' id='word_1_18' title='bbox 1059 239 1158 268; x_wconf 88' lang='lat' dir='ltr'>suppo—</span> 
     </span>
     <span class='ocr_line' id='line_1_6' title="bbox 311 278 1012 314; baseline -0.004 -6"><span class='ocrx_word' id='word_1_19' title='bbox 311 280 366 313; x_wconf 82' lang='lat' dir='ltr'>nit,</span> <span class='ocrx_word' id='word_1_20' title='bbox 388 287 452 308; x_wconf 86' lang='lat' dir='ltr'>cum</span> <span class='ocrx_word' id='word_1_21' title='bbox 475 279 509 307; x_wconf 90' lang='lat' dir='ltr'>sit</span> <span class='ocrx_word' id='word_1_22' title='bbox 530 278 642 306; x_wconf 88' lang='lat' dir='ltr'>omnino</span> <span class='ocrx_word' id='word_1_23' title='bbox 663 278 851 306; x_wconf 87' lang='lat' dir='ltr'>abstractum:</span> <span class='ocrx_word' id='word_1_24' title='bbox 873 286 940 314; x_wconf 78' lang='lat' dir='ltr'>ergo</span> <span class='ocrx_word' id='word_1_25' title='bbox 961 280 1012 306; x_wconf 87' lang='lat' dir='ltr'>etc.</span> 
     </span>
    </p>

    <p class='ocr_par' dir='ltr' id='par_1_4' title="bbox 308 323 1158 641">
     <span class='ocr_line' id='line_1_7' title="bbox 388 323 1158 361; baseline -0.003 -8"><span class='ocrx_word' id='word_1_26' title='bbox 388 326 415 354; x_wconf 71' lang='grc' dir='ltr'>[ι.</span> <span class='ocrx_word' id='word_1_27' title='bbox 437 325 517 359; x_wconf 73' lang='lat' dir='ltr'>Item,</span> <span class='ocrx_word' id='word_1_28' title='bbox 539 332 673 361; x_wconf 69' lang='lat' dir='ltr'>generare</span> <span class='ocrx_word' id='word_1_29' title='bbox 694 327 736 352; x_wconf 91' lang='lat' dir='ltr'>est</span> <span class='ocrx_word' id='word_1_30' title='bbox 750 323 906 361; x_wconf 72' lang='lat' dir='ltr'>proprietas</span> <span class='ocrx_word' id='word_1_31' title='bbox 927 331 1071 360; x_wconf 75' lang='lat' dir='ltr'>personae,</span> <span class='ocrx_word' id='word_1_32' title='bbox 1086 330 1158 351; x_wconf 87' lang='lat' dir='ltr'>com-</span> 
     </span>
     <span class='ocr_line' id='line_1_8' title="bbox 310 370 1157 406; baseline -0.002 -6"><span class='ocrx_word' id='word_1_33' title='bbox 310 371 516 400; x_wconf 87' lang='lat' dir='ltr'>municabilitas</span> <span class='ocrx_word' id='word_1_34' title='bbox 529 371 537 384; x_wconf 70' lang='lat'><strong>²</strong></span> <span class='ocrx_word' id='word_1_35' title='bbox 553 374 595 399; x_wconf 82' lang='lat' dir='ltr'>est</span> <span class='ocrx_word' id='word_1_36' title='bbox 609 370 760 399; x_wconf 76' lang='lat' dir='ltr'>essentiae:</span> <span class='ocrx_word' id='word_1_37' title='bbox 776 378 843 406; x_wconf 79' lang='lat' dir='ltr'>ergo</span> <span class='ocrx_word' id='word_1_38' title='bbox 857 370 929 399; x_wconf 88' lang='lat' dir='ltr'>sicut</span> <span class='ocrx_word' id='word_1_39' title='bbox 944 378 973 399; x_wconf 91' lang='lat' dir='ltr'>se</span> <span class='ocrx_word' id='word_1_40' title='bbox 988 370 1072 398; x_wconf 86' lang='lat' dir='ltr'>habet</span> <span class='ocrx_word' id='word_1_41' title='bbox 1086 377 1157 398; x_wconf 87' lang='lat' dir='ltr'>com-</span> 
     </span>
     <span class='ocr_line' id='line_1_9' title="bbox 310 416 1157 454; baseline -0.004 -7"><span class='ocrx_word' id='word_1_42' title='bbox 310 419 515 447; x_wconf 78' lang='lat' dir='ltr'>municabilitas</span> <span class='ocrx_word' id='word_1_43' title='bbox 536 418 571 446; x_wconf 91' lang='lat' dir='ltr'>ad</span> <span class='ocrx_word' id='word_1_44' title='bbox 593 425 751 454; x_wconf 86' lang='lat' dir='ltr'>personam,</span> <span class='ocrx_word' id='word_1_45' title='bbox 773 417 810 445; x_wconf 86' lang='lat' dir='ltr'>ita</span> <span class='ocrx_word' id='word_1_46' title='bbox 825 417 981 454; x_wconf 78' lang='lat' dir='ltr'>proprietas</span> <span class='ocrx_word' id='word_1_47' title='bbox 1002 416 1157 454; x_wconf 88' lang='lat' dir='ltr'>personalis</span> 
     </span>
     <span class='ocr_line' id='line_1_10' title="bbox 309 463 1157 500; baseline -0.004 -6"><span class='ocrx_word' id='word_1_48' title='bbox 309 466 344 494; x_wconf 87' lang='lat' dir='ltr'>ad</span> <span class='ocrx_word' id='word_1_49' title='bbox 364 465 540 499; x_wconf 49' lang='grc' dir='ltr'>Ἰ0550011001ς</span> <span class='ocrx_word' id='word_1_50' title='bbox 566 464 615 493; x_wconf 84' lang='lat' dir='ltr'>sed</span> <span class='ocrx_word' id='word_1_51' title='bbox 643 463 911 493; x_wconf 83' lang='lat' dir='ltr'>communicabilitas</span> <span class='ocrx_word' id='word_1_52' title='bbox 939 471 1084 500; x_wconf 88' lang='lat' dir='ltr'>nunquam</span> <span class='ocrx_word' id='word_1_53' title='bbox 1116 466 1157 492; x_wconf 89' lang='lat' dir='ltr'>est</span> 
     </span>
     <span class='ocr_line' id='line_1_11' title="bbox 308 510 1158 549; baseline -0.002 -9"><span class='ocrx_word' id='word_1_54' title='bbox 308 519 452 549; x_wconf 77' lang='lat' dir='ltr'>personae.</span> <span class='ocrx_word' id='word_1_55' title='bbox 475 511 540 548; x_wconf 89' lang='lat' dir='ltr'>quia</span> <span class='ocrx_word' id='word_1_56' title='bbox 562 511 631 539; x_wconf 88' lang='lat' dir='ltr'>haec</span> <span class='ocrx_word' id='word_1_57' title='bbox 656 514 698 539; x_wconf 86' lang='lat' dir='ltr'>est</span> <span class='ocrx_word' id='word_1_58' title='bbox 719 510 802 539; x_wconf 83' lang='lat' dir='ltr'>salsa:</span> <span class='ocrx_word' id='word_1_59' title='bbox 835 511 914 539; x_wconf 87' lang='lat' dir='ltr'>Pater</span> <span class='ocrx_word' id='word_1_60' title='bbox 943 514 985 539; x_wconf 86' lang='lat' dir='ltr'>est</span> <span class='ocrx_word' id='word_1_61' title='bbox 1006 511 1158 539; x_wconf 91' lang='lat' dir='ltr'>communi-</span> 
     </span>
     <span class='ocr_line' id='line_1_12' title="bbox 310 557 1158 595; baseline -0.002 -8"><span class='ocrx_word' id='word_1_62' title='bbox 310 558 421 592; x_wconf 66' lang='lat' dir='ltr'>cabilis:</span> <span class='ocrx_word' id='word_1_63' title='bbox 443 566 509 594; x_wconf 79' lang='lat' dir='ltr'>ergo</span> <span class='ocrx_word' id='word_1_64' title='bbox 535 565 585 586; x_wconf 88' lang='lat' dir='ltr'>nec</span> <span class='ocrx_word' id='word_1_65' title='bbox 616 558 773 595; x_wconf 80' lang='lat' dir='ltr'>proprietas</span> <span class='ocrx_word' id='word_1_66' title='bbox 804 557 958 594; x_wconf 88' lang='lat' dir='ltr'>personalis</span> <span class='ocrx_word' id='word_1_67' title='bbox 993 557 1158 586; x_wconf 73' lang='grc'><strong>0111055011-</strong></span> 
     </span>
     <span class='ocr_line' id='line_1_13' title="bbox 310 604 1017 641; baseline 0 -8"><span class='ocrx_word' id='word_1_68' title='bbox 310 605 378 633; x_wconf 83' lang='lat' dir='ltr'>tiae:</span> <span class='ocrx_word' id='word_1_69' title='bbox 400 613 466 641; x_wconf 79' lang='lat' dir='ltr'>ergo</span> <span class='ocrx_word' id='word_1_70' title='bbox 487 612 538 633; x_wconf 86' lang='lat' dir='ltr'>nec</span> <span class='ocrx_word' id='word_1_71' title='bbox 560 612 710 641; x_wconf 81' lang='lat' dir='ltr'>generare,</span> <span class='ocrx_word' id='word_1_72' title='bbox 732 612 796 633; x_wconf 83' lang='lat' dir='ltr'>cum</span> <span class='ocrx_word' id='word_1_73' title='bbox 818 604 853 632; x_wconf 90' lang='lat' dir='ltr'>sit</span> <span class='ocrx_word' id='word_1_74' title='bbox 874 612 1017 641; x_wconf 83' lang='lat' dir='ltr'>personae.</span> 
     </span>
    </p>

    <p class='ocr_par' dir='ltr' id='par_1_5' title="bbox 308 650 1159 1392">
     <span class='ocr_line' id='line_1_14' title="bbox 387 650 1156 688; baseline -0.001 -9"><span class='ocrx_word' id='word_1_75' title='bbox 387 651 514 679; x_wconf 78' lang='lat' dir='ltr'><strong>CONTRA:</strong></span> <span class='ocrx_word' id='word_1_76' title='bbox 543 652 566 679; x_wconf 83' lang='lat'>1.</span> <span class='ocrx_word' id='word_1_77' title='bbox 589 651 788 688; x_wconf 78' lang='lat' dir='ltr'>Quaecumque</span> <span class='ocrx_word' id='word_1_78' title='bbox 813 650 852 679; x_wconf 91' lang='lat' dir='ltr'>sic</span> <span class='ocrx_word' id='word_1_79' title='bbox 880 658 910 679; x_wconf 90' lang='lat' dir='ltr'>se</span> <span class='ocrx_word' id='word_1_80' title='bbox 935 651 1053 684; x_wconf 83' lang='lat' dir='ltr'>habent,</span> <span class='ocrx_word' id='word_1_81' title='bbox 1081 650 1156 687; x_wconf 89' lang='lat' dir='ltr'>quod</span> 
     </span>
     <span class='ocr_line' id='line_1_15' title="bbox 309 697 1158 734; baseline -0.002 -7"><span class='ocrx_word' id='word_1_82' title='bbox 309 705 399 727; x_wconf 89' lang='lat' dir='ltr'>unum</span> <span class='ocrx_word' id='word_1_83' title='bbox 419 701 461 727; x_wconf 79' lang='lat' dir='ltr'>est</span> <span class='ocrx_word' id='word_1_84' title='bbox 482 698 557 727; x_wconf 87' lang='lat' dir='ltr'>idem</span> <span class='ocrx_word' id='word_1_85' title='bbox 578 697 637 732; x_wconf 89' lang='lat' dir='ltr'>alii,</span> <span class='ocrx_word' id='word_1_86' title='bbox 652 700 679 726; x_wconf 91' lang='lat' dir='ltr'>et</span> <span class='ocrx_word' id='word_1_87' title='bbox 694 705 748 725; x_wconf 88' lang='lat' dir='ltr'>non</span> <span class='ocrx_word' id='word_1_88' title='bbox 770 697 874 726; x_wconf 86' lang='lat' dir='ltr'>habent</span> <span class='ocrx_word' id='word_1_89' title='bbox 888 697 1014 726; x_wconf 89' lang='lat' dir='ltr'>diversas</span> <span class='ocrx_word' id='word_1_90' title='bbox 1034 697 1158 734; x_wconf 87' lang='lat' dir='ltr'>proprie-</span> 
     </span>
     <span class='ocr_line' id='line_1_16' title="bbox 310 743 1157 784; baseline -0.005 -8"><span class='ocrx_word' id='word_1_91' title='bbox 310 750 388 781; x_wconf 81' lang='lat' dir='ltr'>tates,</span> <span class='ocrx_word' id='word_1_92' title='bbox 410 746 548 784; x_wconf 89' lang='lat' dir='ltr'>quidquid</span> <span class='ocrx_word' id='word_1_93' title='bbox 576 745 679 774; x_wconf 87' lang='lat' dir='ltr'>dicitur</span> <span class='ocrx_word' id='word_1_94' title='bbox 704 745 739 774; x_wconf 92' lang='lat' dir='ltr'>de</span> <span class='ocrx_word' id='word_1_95' title='bbox 759 753 830 779; x_wconf 86' lang='lat' dir='ltr'>uno,</span> <span class='ocrx_word' id='word_1_96' title='bbox 852 748 880 773; x_wconf 88' lang='lat' dir='ltr'>et</span> <span class='ocrx_word' id='word_1_97' title='bbox 904 744 938 773; x_wconf 90' lang='lat' dir='ltr'>de</span> <span class='ocrx_word' id='word_1_98' title='bbox 963 744 1086 778; x_wconf 71' lang='lat' dir='ltr'>alter033</span> <span class='ocrx_word' id='word_1_99' title='bbox 1108 743 1157 772; x_wconf 89' lang='lat' dir='ltr'>sed</span> 
     </span>
     <span class='ocr_line' id='line_1_17' title="bbox 309 785 1158 832; baseline -0.006 -9"><span class='ocrx_word' id='word_1_100' title='bbox 309 802 427 832; x_wconf 88' lang='lat' dir='ltr'>persona</span> <span class='ocrx_word' id='word_1_101' title='bbox 443 796 470 822; x_wconf 84' lang='lat' dir='ltr'>et</span> <span class='ocrx_word' id='word_1_102' title='bbox 490 793 610 822; x_wconf 82' lang='lat' dir='ltr'>essentia</span> <span class='ocrx_word' id='word_1_103' title='bbox 624 796 690 821; x_wconf 87' lang='lat' dir='ltr'>sunt</span> <span class='ocrx_word' id='word_1_104' title='bbox 708 785 886 825; x_wconf 86' lang='lat' dir='ltr'>huiusmodi,</span> <span class='ocrx_word' id='word_1_105' title='bbox 902 791 968 828; x_wconf 86' lang='lat' dir='ltr'>quia</span> <span class='ocrx_word' id='word_1_106' title='bbox 982 799 1102 828; x_wconf 83' lang='lat' dir='ltr'>persona</span> <span class='ocrx_word' id='word_1_107' title='bbox 1116 793 1158 819; x_wconf 85' lang='lat' dir='ltr'>est</span> 
     </span>
     <span class='ocr_line' id='line_1_18' title="bbox 309 837 1158 875; baseline -0.006 -5"><span class='ocrx_word' id='word_1_108' title='bbox 309 841 437 875; x_wconf 73' lang='lat' dir='ltr'>essentia,</span> <span class='ocrx_word' id='word_1_109' title='bbox 456 848 509 869; x_wconf 64' lang='lat' dir='ltr'>&gt;nec</span> <span class='ocrx_word' id='word_1_110' title='bbox 530 840 633 868; x_wconf 86' lang='lat' dir='ltr'>habent</span> <span class='ocrx_word' id='word_1_111' title='bbox 653 839 779 868; x_wconf 86' lang='lat' dir='ltr'>diversas</span> <span class='ocrx_word' id='word_1_112' title='bbox 801 837 994 875; x_wconf 80' lang='lat' dir='ltr'>proprietates,</span> <span class='ocrx_word' id='word_1_113' title='bbox 1010 837 1076 874; x_wconf 82' lang='lat' dir='ltr'>quia</span> <span class='ocrx_word' id='word_1_114' title='bbox 1097 845 1158 874; x_wconf 90' lang='lat' dir='ltr'>pro-</span> 
     </span>
     <span class='ocr_line' id='line_1_19' title="bbox 308 883 1158 925; baseline -0.005 -9"><span class='ocrx_word' id='word_1_115' title='bbox 308 888 412 925; x_wconf 84' lang='lat' dir='ltr'>prietas</span> <span class='ocrx_word' id='word_1_116' title='bbox 434 888 461 916; x_wconf 88' lang='lat' dir='ltr'>in</span> <span class='ocrx_word' id='word_1_117' title='bbox 482 887 584 915; x_wconf 88' lang='lat' dir='ltr'>divinis</span> <span class='ocrx_word' id='word_1_118' title='bbox 604 889 646 915; x_wconf 92' lang='lat' dir='ltr'>est</span> <span class='ocrx_word' id='word_1_119' title='bbox 665 885 765 914; x_wconf 86' lang='lat' dir='ltr'>relatio</span> <span class='ocrx_word' id='word_1_120' title='bbox 791 885 981 922; x_wconf 80' lang='lat' dir='ltr'>distinguens:</span> <span class='ocrx_word' id='word_1_121' title='bbox 1003 884 1053 913; x_wconf 86' lang='lat' dir='ltr'>sed</span> <span class='ocrx_word' id='word_1_122' title='bbox 1074 883 1097 912; x_wconf 91' lang='lat' dir='ltr'>si</span> <span class='ocrx_word' id='word_1_123' title='bbox 1118 892 1158 912; x_wconf 88' lang='grc'>05-</span> 
     </span>
     <span class='ocr_line' id='line_1_20' title="bbox 308 931 1159 970; baseline -0.005 -7"><span class='ocrx_word' id='word_1_124' title='bbox 308 935 395 963; x_wconf 82' lang='lat' dir='ltr'>sentia</span> <span class='ocrx_word' id='word_1_125' title='bbox 411 934 527 963; x_wconf 84' lang='lat' dir='ltr'>haberet</span> <span class='ocrx_word' id='word_1_126' title='bbox 548 934 671 970; x_wconf 88' lang='lat' dir='ltr'>aliquam</span> <span class='ocrx_word' id='word_1_127' title='bbox 686 932 902 970; x_wconf 80' lang='lat' dir='ltr'>proprietatem,</span> <span class='ocrx_word' id='word_1_128' title='bbox 923 934 990 960; x_wconf 90' lang='lat' dir='ltr'>tunc</span> <span class='ocrx_word' id='word_1_129' title='bbox 1008 931 1159 967; x_wconf 83' lang='lat' dir='ltr'>distingue-</span> 
     </span>
     <span class='ocr_line' id='line_1_21' title="bbox 308 977 1158 1017; baseline -0.005 -7"><span class='ocrx_word' id='word_1_130' title='bbox 308 985 387 1011; x_wconf 87' lang='lat' dir='ltr'>retur</span> <span class='ocrx_word' id='word_1_131' title='bbox 402 984 429 1010; x_wconf 92' lang='lat' dir='ltr'>et</span> <span class='ocrx_word' id='word_1_132' title='bbox 441 981 605 1010; x_wconf 81' lang='lat' dir='ltr'>referretur:</span> <span class='ocrx_word' id='word_1_133' title='bbox 622 987 688 1017; x_wconf 85' lang='lat' dir='ltr'>ergo</span> <span class='ocrx_word' id='word_1_134' title='bbox 703 983 753 1008; x_wconf 82' lang='lat' dir='ltr'>etc.</span> <span class='ocrx_word' id='word_1_135' title='bbox 776 979 810 1008; x_wconf 88' lang='lat' dir='ltr'>Si</span> <span class='ocrx_word' id='word_1_136' title='bbox 823 979 919 1012; x_wconf 79' lang='lat' dir='ltr'>dicas,</span> <span class='ocrx_word' id='word_1_137' title='bbox 934 978 1010 1016; x_wconf 88' lang='lat' dir='ltr'>quod</span> <span class='ocrx_word' id='word_1_138' title='bbox 1029 977 1158 1015; x_wconf 89' lang='lat' dir='ltr'>quamvis</span> 
     </span>
     <span class='ocr_line' id='line_1_22' title="bbox 308 1025 1158 1065; baseline -0.004 -9"><span class='ocrx_word' id='word_1_139' title='bbox 308 1035 428 1065; x_wconf 87' lang='lat' dir='ltr'>persona</span> <span class='ocrx_word' id='word_1_140' title='bbox 442 1030 469 1056; x_wconf 87' lang='lat' dir='ltr'>et</span> <span class='ocrx_word' id='word_1_141' title='bbox 483 1027 602 1056; x_wconf 81' lang='lat' dir='ltr'>essentia</span> <span class='ocrx_word' id='word_1_142' title='bbox 614 1035 668 1055; x_wconf 93' lang='lat' dir='ltr'>non</span> <span class='ocrx_word' id='word_1_143' title='bbox 683 1026 805 1055; x_wconf 76' lang='lat' dir='ltr'>habeant</span> <span class='ocrx_word' id='word_1_144' title='bbox 816 1025 943 1054; x_wconf 89' lang='lat' dir='ltr'>diversas</span> <span class='ocrx_word' id='word_1_145' title='bbox 957 1025 1142 1062; x_wconf 82' lang='lat' dir='ltr'>proprietates</span> <span class='ocrx_word' id='word_1_146' title='bbox 1151 1047 1158 1059; x_wconf 85' lang='grc'>,</span> 
     </span>
     <span class='ocr_line' id='line_1_23' title="bbox 308 1066 1159 1110; baseline -0.005 -7"><span class='ocrx_word' id='word_1_147' title='bbox 308 1066 401 1103; x_wconf 83' lang='lat' dir='ltr'>tamen</span> <span class='ocrx_word' id='word_1_148' title='bbox 424 1074 557 1103; x_wconf 79' lang='lat' dir='ltr'>differunt</span> <span class='ocrx_word' id='word_1_149' title='bbox 578 1081 627 1110; x_wconf 90' lang='lat' dir='ltr'>per</span> <span class='ocrx_word' id='word_1_150' title='bbox 649 1072 754 1101; x_wconf 78' lang='lat' dir='ltr'>habere</span> <span class='ocrx_word' id='word_1_151' title='bbox 768 1072 968 1109; x_wconf 82' lang='lat' dir='ltr'>proprietatem</span> <span class='ocrx_word' id='word_1_152' title='bbox 983 1074 1010 1100; x_wconf 92' lang='lat' dir='ltr'>et</span> <span class='ocrx_word' id='word_1_153' title='bbox 1030 1079 1088 1099; x_wconf 84' lang='lat' dir='ltr'>non</span> <span class='ocrx_word' id='word_1_154' title='bbox 1110 1069 1159 1099; x_wconf 80' lang='lat' dir='ltr'>lta-</span> 
     </span>
     <span class='ocr_line' id='line_1_24' title="bbox 309 1117 1158 1156; baseline -0.005 -7"><span class='ocrx_word' id='word_1_155' title='bbox 309 1120 390 1153; x_wconf 67' lang='grc' dir='ltr'><strong>[κη-0,·</strong></span> <span class='ocrx_word' id='word_1_156' title='bbox 405 1124 519 1149; x_wconf 78' lang='lat' dir='ltr'>contra:</span> <span class='ocrx_word' id='word_1_157' title='bbox 543 1127 653 1148; x_wconf 88' lang='lat' dir='ltr'>summa</span> <span class='ocrx_word' id='word_1_158' title='bbox 668 1119 805 1156; x_wconf 90' lang='lat' dir='ltr'>oppositio</span> <span class='ocrx_word' id='word_1_159' title='bbox 818 1121 860 1147; x_wconf 86' lang='lat' dir='ltr'>est</span> <span class='ocrx_word' id='word_1_160' title='bbox 878 1118 1059 1147; x_wconf 79' lang='lat' dir='ltr'>contradictio</span> <span class='ocrx_word' id='word_1_161' title='bbox 1070 1117 1094 1151; x_wconf 66' lang='lat'>⁴3</span> <span class='ocrx_word' id='word_1_162' title='bbox 1109 1117 1158 1146; x_wconf 86' lang='lat' dir='ltr'>sed</span> 
     </span>
     <span class='ocr_line' id='line_1_25' title="bbox 309 1164 1158 1204; baseline -0.005 -8"><span class='ocrx_word' id='word_1_163' title='bbox 309 1168 372 1196; x_wconf 86' lang='lat' dir='ltr'>talis</span> <span class='ocrx_word' id='word_1_164' title='bbox 393 1167 541 1196; x_wconf 82' lang='lat' dir='ltr'>diversitas</span> <span class='ocrx_word' id='word_1_165' title='bbox 562 1169 603 1195; x_wconf 86' lang='lat' dir='ltr'>est</span> <span class='ocrx_word' id='word_1_166' title='bbox 624 1174 674 1204; x_wconf 89' lang='lat' dir='ltr'>per</span> <span class='ocrx_word' id='word_1_167' title='bbox 695 1165 957 1194; x_wconf 78' lang='lat' dir='ltr'>contradictionem:</span> <span class='ocrx_word' id='word_1_168' title='bbox 977 1173 1047 1202; x_wconf 82' lang='lat' dir='ltr'>ergo</span> <span class='ocrx_word' id='word_1_169' title='bbox 1069 1164 1158 1201; x_wconf 82' lang='lat' dir='ltr'>magis</span> 
     </span>
     <span class='ocr_line' id='line_1_26' title="bbox 308 1214 1159 1250; baseline -0.004 -7"><span class='ocrx_word' id='word_1_170' title='bbox 308 1215 442 1243; x_wconf 80' lang='lat' dir='ltr'>differunt</span> <span class='ocrx_word' id='word_1_171' title='bbox 462 1214 582 1243; x_wconf 88' lang='lat' dir='ltr'>essentia</span> <span class='ocrx_word' id='word_1_172' title='bbox 603 1216 630 1242; x_wconf 89' lang='lat' dir='ltr'>et</span> <span class='ocrx_word' id='word_1_173' title='bbox 651 1221 770 1250; x_wconf 86' lang='lat' dir='ltr'>persona</span> <span class='ocrx_word' id='word_1_174' title='bbox 795 1220 880 1250; x_wconf 89' lang='lat' dir='ltr'>quam</span> <span class='ocrx_word' id='word_1_175' title='bbox 909 1220 1029 1249; x_wconf 85' lang='lat' dir='ltr'>persona</span> <span class='ocrx_word' id='word_1_176' title='bbox 1050 1214 1078 1240; x_wconf 88' lang='lat' dir='ltr'>et</span> <span class='ocrx_word' id='word_1_177' title='bbox 1098 1219 1159 1248; x_wconf 89' lang='lat' dir='ltr'>per-</span> 
     </span>
     <span class='ocr_line' id='line_1_27' title="bbox 308 1260 1158 1299; baseline -0.005 -9"><span class='ocrx_word' id='word_1_178' title='bbox 308 1269 391 1295; x_wconf 82' lang='lat' dir='ltr'>sona3</span> <span class='ocrx_word' id='word_1_179' title='bbox 412 1262 461 1290; x_wconf 88' lang='lat' dir='ltr'>sed</span> <span class='ocrx_word' id='word_1_180' title='bbox 476 1269 595 1299; x_wconf 88' lang='lat' dir='ltr'>persona</span> <span class='ocrx_word' id='word_1_181' title='bbox 610 1269 664 1289; x_wconf 91' lang='lat' dir='ltr'>non</span> <span class='ocrx_word' id='word_1_182' title='bbox 686 1260 866 1298; x_wconf 86' lang='lat' dir='ltr'>praedicatur</span> <span class='ocrx_word' id='word_1_183' title='bbox 881 1260 915 1288; x_wconf 92' lang='lat' dir='ltr'>de</span> <span class='ocrx_word' id='word_1_184' title='bbox 937 1267 1070 1296; x_wconf 89' lang='lat' dir='ltr'>persona:</span> <span class='ocrx_word' id='word_1_185' title='bbox 1092 1266 1158 1295; x_wconf 81' lang='lat' dir='ltr'>ergo</span> 
     </span>
     <span class='ocr_line' id='line_1_28' title="bbox 308 1305 1156 1346; baseline -0.006 -8"><span class='ocrx_word' id='word_1_186' title='bbox 308 1317 359 1338; x_wconf 88' lang='lat' dir='ltr'>nec</span> <span class='ocrx_word' id='word_1_187' title='bbox 387 1316 506 1346; x_wconf 87' lang='lat' dir='ltr'>persona</span> <span class='ocrx_word' id='word_1_188' title='bbox 538 1308 572 1337; x_wconf 90' lang='lat' dir='ltr'>de</span> <span class='ocrx_word' id='word_1_189' title='bbox 601 1307 736 1341; x_wconf 86' lang='lat' dir='ltr'>essentia;</span> <span class='ocrx_word' id='word_1_190' title='bbox 768 1307 820 1335; x_wconf 91' lang='grc'><strong>1100</strong></span> <span class='ocrx_word' id='word_1_191' title='bbox 848 1309 943 1335; x_wconf 87' lang='lat' dir='ltr'>autem</span> <span class='ocrx_word' id='word_1_192' title='bbox 971 1309 1012 1334; x_wconf 91' lang='lat' dir='ltr'>est</span> <span class='ocrx_word' id='word_1_193' title='bbox 1040 1305 1156 1334; x_wconf 87' lang='lat' dir='ltr'>falsum:</span> 
     </span>
     <span class='ocr_line' id='line_1_29' title="bbox 309 1358 448 1392; baseline -0.007 -8"><span class='ocrx_word' id='word_1_194' title='bbox 309 1363 377 1392; x_wconf 82' lang='lat' dir='ltr'>ergo</span> <span class='ocrx_word' id='word_1_195' title='bbox 398 1358 448 1384; x_wconf 86' lang='lat' dir='ltr'>etc.</span> 
     </span>
    </p>

    <p class='ocr_par' dir='ltr' id='par_1_6' title="bbox 309 1399 1159 1673">
     <span class='ocr_line' id='line_1_30' title="bbox 389 1399 1158 1438; baseline -0.005 -8"><span class='ocrx_word' id='word_1_196' title='bbox 389 1403 414 1431; x_wconf 63' lang='grc' dir='ltr'><strong>ἓ.</strong></span> <span class='ocrx_word' id='word_1_197' title='bbox 437 1402 513 1436; x_wconf 77' lang='lat' dir='ltr'>Item,</span> <span class='ocrx_word' id='word_1_198' title='bbox 528 1408 722 1438; x_wconf 83' lang='lat' dir='ltr'>quaecumque</span> <span class='ocrx_word' id='word_1_199' title='bbox 737 1400 776 1429; x_wconf 90' lang='lat' dir='ltr'>sic</span> <span class='ocrx_word' id='word_1_200' title='bbox 798 1407 827 1428; x_wconf 87' lang='lat' dir='ltr'>se</span> <span class='ocrx_word' id='word_1_201' title='bbox 845 1399 957 1433; x_wconf 84' lang='lat' dir='ltr'>habent,</span> <span class='ocrx_word' id='word_1_202' title='bbox 978 1399 1052 1436; x_wconf 90' lang='lat' dir='ltr'>quod</span> <span class='ocrx_word' id='word_1_203' title='bbox 1068 1406 1158 1427; x_wconf 88' lang='lat' dir='ltr'>unum</span> 
     </span>
     <span class='ocr_line' id='line_1_31' title="bbox 309 1445 1159 1487; baseline -0.006 -9"><span class='ocrx_word' id='word_1_204' title='bbox 309 1449 489 1487; x_wconf 89' lang='lat' dir='ltr'>praedicatur</span> <span class='ocrx_word' id='word_1_205' title='bbox 500 1448 534 1477; x_wconf 90' lang='lat' dir='ltr'>de</span> <span class='ocrx_word' id='word_1_206' title='bbox 549 1448 646 1480; x_wconf 77' lang='lat' dir='ltr'>altero,</span> <span class='ocrx_word' id='word_1_207' title='bbox 662 1455 751 1476; x_wconf 91' lang='lat' dir='ltr'>unum</span> <span class='ocrx_word' id='word_1_208' title='bbox 763 1447 894 1484; x_wconf 87' lang='lat' dir='ltr'>supponit</span> <span class='ocrx_word' id='word_1_209' title='bbox 908 1454 960 1483; x_wconf 92' lang='lat' dir='ltr'>pro</span> <span class='ocrx_word' id='word_1_210' title='bbox 974 1446 1077 1480; x_wconf 84' lang='lat' dir='ltr'>altero,</span> <span class='ocrx_word' id='word_1_211' title='bbox 1093 1445 1159 1482; x_wconf 89' lang='lat' dir='ltr'>quia</span> 
     </span>
     <span class='ocr_line' id='line_1_32' title="bbox 309 1492 1157 1531; baseline -0.006 -6"><span class='ocrx_word' id='word_1_212' title='bbox 309 1496 467 1525; x_wconf 85' lang='lat' dir='ltr'>subiectum</span> <span class='ocrx_word' id='word_1_213' title='bbox 489 1503 555 1524; x_wconf 78' lang='lat' dir='ltr'>vere</span> <span class='ocrx_word' id='word_1_214' title='bbox 577 1494 725 1523; x_wconf 91' lang='lat' dir='ltr'>subiicitur</span> <span class='ocrx_word' id='word_1_215' title='bbox 746 1494 906 1531; x_wconf 80' lang='lat' dir='ltr'>praedicato</span> <span class='ocrx_word' id='word_1_216' title='bbox 919 1493 945 1528; x_wconf 78' lang='lat'>⁵3</span> <span class='ocrx_word' id='word_1_217' title='bbox 967 1493 1016 1521; x_wconf 92' lang='lat' dir='ltr'>sed</span> <span class='ocrx_word' id='word_1_218' title='bbox 1037 1492 1157 1528; x_wconf 82' lang='lat' dir='ltr'>essentia</span> 
     </span>
     <span class='ocr_line' id='line_1_33' title="bbox 310 1540 1159 1580; baseline -0.005 -8"><span class='ocrx_word' id='word_1_219' title='bbox 310 1551 376 1572; x_wconf 87' lang='lat' dir='ltr'>vere</span> <span class='ocrx_word' id='word_1_220' title='bbox 397 1542 576 1580; x_wconf 84' lang='lat' dir='ltr'>praedicatur</span> <span class='ocrx_word' id='word_1_221' title='bbox 598 1542 632 1571; x_wconf 88' lang='lat' dir='ltr'>de</span> <span class='ocrx_word' id='word_1_222' title='bbox 654 1542 733 1570; x_wconf 83' lang='lat' dir='ltr'>Patre</span> <span class='ocrx_word' id='word_1_223' title='bbox 741 1553 748 1576; x_wconf 82' lang='grc'>;</span> <span class='ocrx_word' id='word_1_224' title='bbox 770 1541 845 1570; x_wconf 91' lang='lat' dir='ltr'>unde</span> <span class='ocrx_word' id='word_1_225' title='bbox 864 1541 932 1569; x_wconf 86' lang='grc'><strong>11000</strong></span> <span class='ocrx_word' id='word_1_226' title='bbox 953 1543 995 1569; x_wconf 86' lang='grc'>051</span> <span class='ocrx_word' id='word_1_227' title='bbox 1016 1548 1097 1569; x_wconf 83' lang='lat' dir='ltr'>vera:</span> <span class='ocrx_word' id='word_1_228' title='bbox 1114 1540 1159 1568; x_wconf 86' lang='lat' dir='ltr'>Pa-</span> 
     </span>
     <span class='ocr_line' id='line_1_34' title="bbox 309 1587 1159 1625; baseline -0.005 -6"><span class='ocrx_word' id='word_1_229' title='bbox 309 1593 352 1619; x_wconf 93' lang='lat' dir='ltr'>ter</span> <span class='ocrx_word' id='word_1_230' title='bbox 374 1593 416 1619; x_wconf 91' lang='grc'>051</span> <span class='ocrx_word' id='word_1_231' title='bbox 438 1589 571 1618; x_wconf 82' lang='lat' dir='ltr'>essentia:</span> <span class='ocrx_word' id='word_1_232' title='bbox 595 1597 661 1625; x_wconf 86' lang='lat' dir='ltr'>ergo</span> <span class='ocrx_word' id='word_1_233' title='bbox 683 1592 710 1617; x_wconf 88' lang='lat' dir='ltr'>et</span> <span class='ocrx_word' id='word_1_234' title='bbox 730 1588 875 1625; x_wconf 86' lang='lat' dir='ltr'>supponit:</span> <span class='ocrx_word' id='word_1_235' title='bbox 904 1596 970 1624; x_wconf 85' lang='lat' dir='ltr'>ergo</span> <span class='ocrx_word' id='word_1_236' title='bbox 992 1588 1063 1616; x_wconf 87' lang='lat' dir='ltr'>sicut</span> <span class='ocrx_word' id='word_1_237' title='bbox 1083 1587 1159 1616; x_wconf 85' lang='lat' dir='ltr'>Deus</span> 
     </span>
     <span class='ocr_line' id='line_1_35' title="bbox 309 1634 1079 1673; baseline -0.004 -8"><span class='ocrx_word' id='word_1_238' title='bbox 309 1637 389 1665; x_wconf 86' lang='lat' dir='ltr'>Pater</span> <span class='ocrx_word' id='word_1_239' title='bbox 410 1639 533 1673; x_wconf 81' lang='lat' dir='ltr'>generat,</span> <span class='ocrx_word' id='word_1_240' title='bbox 555 1636 594 1664; x_wconf 88' lang='lat' dir='ltr'>sic</span> <span class='ocrx_word' id='word_1_241' title='bbox 615 1638 705 1672; x_wconf 89' lang='lat' dir='ltr'>potest</span> <span class='ocrx_word' id='word_1_242' title='bbox 726 1635 793 1669; x_wconf 81' lang='lat' dir='ltr'>dici,</span> <span class='ocrx_word' id='word_1_243' title='bbox 816 1634 935 1663; x_wconf 85' lang='lat' dir='ltr'>essentia</span> <span class='ocrx_word' id='word_1_244' title='bbox 957 1637 1079 1670; x_wconf 81' lang='lat' dir='ltr'>generat.</span> 
     </span>
    </p>

    <p class='ocr_par' dir='ltr' id='par_1_7' title="bbox 309 1681 1159 1859">
     <span class='ocr_line' id='line_1_36' title="bbox 390 1681 1158 1718; baseline -0.003 -7"><span class='ocrx_word' id='word_1_245' title='bbox 390 1683 415 1711; x_wconf 85' lang='lat'>3.</span> <span class='ocrx_word' id='word_1_246' title='bbox 438 1683 513 1716; x_wconf 76' lang='lat' dir='ltr'>ltem,</span> <span class='ocrx_word' id='word_1_247' title='bbox 536 1682 570 1711; x_wconf 90' lang='lat' dir='ltr'>de</span> <span class='ocrx_word' id='word_1_248' title='bbox 591 1689 770 1718; x_wconf 88' lang='lat' dir='ltr'>quocumque</span> <span class='ocrx_word' id='word_1_249' title='bbox 792 1681 970 1718; x_wconf 84' lang='lat' dir='ltr'>praedicatur</span> <span class='ocrx_word' id='word_1_250' title='bbox 992 1681 1158 1715; x_wconf 77' lang='lat' dir='ltr'>subiectum,</span> 
     </span>
     <span class='ocr_line' id='line_1_37' title="bbox 310 1728 1159 1767; baseline -0.004 -9"><span class='ocrx_word' id='word_1_251' title='bbox 310 1733 337 1758; x_wconf 93' lang='lat' dir='ltr'>et</span> <span class='ocrx_word' id='word_1_252' title='bbox 358 1729 472 1767; x_wconf 89' lang='lat' dir='ltr'>propria</span> <span class='ocrx_word' id='word_1_253' title='bbox 499 1728 626 1766; x_wconf 71' lang='lat' dir='ltr'>passio⁶;</span> <span class='ocrx_word' id='word_1_254' title='bbox 649 1728 697 1757; x_wconf 88' lang='lat' dir='ltr'>sed</span> <span class='ocrx_word' id='word_1_255' title='bbox 720 1736 854 1765; x_wconf 84' lang='lat' dir='ltr'>generare</span> <span class='ocrx_word' id='word_1_256' title='bbox 882 1731 924 1756; x_wconf 86' lang='lat' dir='ltr'>est</span> <span class='ocrx_word' id='word_1_257' title='bbox 948 1728 1020 1756; x_wconf 88' lang='lat' dir='ltr'>sicut</span> <span class='ocrx_word' id='word_1_258' title='bbox 1045 1728 1159 1764; x_wconf 90' lang='lat' dir='ltr'>propria</span> 
     </span>
     <span class='ocr_line' id='line_1_38' title="bbox 309 1774 1159 1814; baseline -0.004 -9"><span class='ocrx_word' id='word_1_259' title='bbox 309 1776 401 1814; x_wconf 83' lang='lat' dir='ltr'>passio</span> <span class='ocrx_word' id='word_1_260' title='bbox 422 1776 525 1810; x_wconf 67' lang='lat' dir='ltr'>Patris:</span> <span class='ocrx_word' id='word_1_261' title='bbox 540 1775 590 1804; x_wconf 87' lang='lat' dir='ltr'>sed</span> <span class='ocrx_word' id='word_1_262' title='bbox 604 1776 673 1804; x_wconf 88' lang='lat' dir='ltr'>haec</span> <span class='ocrx_word' id='word_1_263' title='bbox 694 1778 736 1803; x_wconf 91' lang='lat' dir='ltr'>est</span> <span class='ocrx_word' id='word_1_264' title='bbox 758 1782 838 1803; x_wconf 75' lang='lat' dir='ltr'>vera:</span> <span class='ocrx_word' id='word_1_265' title='bbox 861 1775 956 1803; x_wconf 88' lang='lat' dir='ltr'>divina</span> <span class='ocrx_word' id='word_1_266' title='bbox 976 1774 1096 1803; x_wconf 84' lang='lat' dir='ltr'>essentia</span> <span class='ocrx_word' id='word_1_267' title='bbox 1118 1777 1159 1803; x_wconf 91' lang='lat' dir='ltr'>est</span> 
     </span>
     <span class='ocr_line' id='line_1_39' title="bbox 309 1821 1158 1859; baseline -0.002 -8"><span class='ocrx_word' id='word_1_268' title='bbox 309 1824 403 1852; x_wconf 84' lang='lat' dir='ltr'>Pater:</span> <span class='ocrx_word' id='word_1_269' title='bbox 419 1830 486 1859; x_wconf 83' lang='lat' dir='ltr'>ergo</span> <span class='ocrx_word' id='word_1_270' title='bbox 500 1825 527 1850; x_wconf 88' lang='lat' dir='ltr'>et</span> <span class='ocrx_word' id='word_1_271' title='bbox 548 1822 616 1850; x_wconf 86' lang='lat' dir='ltr'>haee</span> <span class='ocrx_word' id='word_1_272' title='bbox 631 1821 773 1850; x_wconf 88' lang='lat' dir='ltr'>similiter:</span> <span class='ocrx_word' id='word_1_273' title='bbox 790 1821 884 1850; x_wconf 90' lang='lat' dir='ltr'>divina</span> <span class='ocrx_word' id='word_1_274' title='bbox 898 1821 1018 1850; x_wconf 89' lang='lat' dir='ltr'>essentia</span> <span class='ocrx_word' id='word_1_275' title='bbox 1036 1824 1158 1858; x_wconf 83' lang='lat' dir='ltr'>generat.</span> 
     </span>
    </p>

    <p class='ocr_par' dir='ltr' id='par_1_8' title="bbox 311 1868 1161 2085">
     <span class='ocr_line' id='line_1_40' title="bbox 389 1868 1160 1906; baseline -0.003 -8"><span class='ocrx_word' id='word_1_276' title='bbox 389 1870 415 1898; x_wconf 75' lang='grc' dir='ltr'>[ι.</span> <span class='ocrx_word' id='word_1_277' title='bbox 438 1870 521 1903; x_wconf 84' lang='lat' dir='ltr'>Item,</span> <span class='ocrx_word' id='word_1_278' title='bbox 544 1869 580 1898; x_wconf 90' lang='lat' dir='ltr'>de</span> <span class='ocrx_word' id='word_1_279' title='bbox 601 1876 779 1906; x_wconf 88' lang='lat' dir='ltr'>quocumque</span> <span class='ocrx_word' id='word_1_280' title='bbox 804 1868 983 1905; x_wconf 88' lang='lat' dir='ltr'>praedicatur</span> <span class='ocrx_word' id='word_1_281' title='bbox 1004 1868 1160 1901; x_wconf 88' lang='lat' dir='ltr'>definitum,</span> 
     </span>
     <span class='ocr_line' id='line_1_41' title="bbox 311 1914 1159 1952; baseline -0.004 -7"><span class='ocrx_word' id='word_1_282' title='bbox 311 1920 338 1946; x_wconf 88' lang='lat' dir='ltr'>et</span> <span class='ocrx_word' id='word_1_283' title='bbox 352 1917 476 1945; x_wconf 83' lang='lat' dir='ltr'>definitio</span> <span class='ocrx_word' id='word_1_284' title='bbox 486 1917 495 1931; x_wconf 91' lang='lat'><em>⁷</em></span> <span class='ocrx_word' id='word_1_285' title='bbox 504 1927 510 1950; x_wconf 89' lang='grc'>;</span> <span class='ocrx_word' id='word_1_286' title='bbox 532 1916 581 1945; x_wconf 89' lang='lat' dir='ltr'>sed</span> <span class='ocrx_word' id='word_1_287' title='bbox 604 1915 727 1944; x_wconf 82' lang='lat' dir='ltr'>definitio</span> <span class='ocrx_word' id='word_1_288' title='bbox 741 1915 841 1952; x_wconf 76' lang='lat' dir='ltr'>patris</span> <span class='ocrx_word' id='word_1_289' title='bbox 855 1918 897 1943; x_wconf 88' lang='lat' dir='ltr'>est</span> <span class='ocrx_word' id='word_1_290' title='bbox 910 1914 967 1951; x_wconf 77' lang='lat' dir='ltr'>filii</span> <span class='ocrx_word' id='word_1_291' title='bbox 980 1918 1074 1951; x_wconf 79' lang='lat' dir='ltr'>pater.</span> <span class='ocrx_word' id='word_1_292' title='bbox 1090 1914 1159 1943; x_wconf 91' lang='lat' dir='ltr'>Cum</span> 
     </span>
     <span class='ocr_line' id='line_1_42' title="bbox 311 1961 1161 2000; baseline -0.004 -9"><span class='ocrx_word' id='word_1_293' title='bbox 311 1963 395 2000; x_wconf 78' lang='lat' dir='ltr'>igitur</span> <span class='ocrx_word' id='word_1_294' title='bbox 421 1963 489 1991; x_wconf 88' lang='lat' dir='ltr'>haec</span> <span class='ocrx_word' id='word_1_295' title='bbox 514 1962 549 1991; x_wconf 89' lang='lat' dir='ltr'>sit</span> <span class='ocrx_word' id='word_1_296' title='bbox 570 1970 650 1990; x_wconf 86' lang='lat' dir='ltr'>vera:</span> <span class='ocrx_word' id='word_1_297' title='bbox 678 1962 772 1990; x_wconf 86' lang='lat' dir='ltr'>divina</span> <span class='ocrx_word' id='word_1_298' title='bbox 804 1961 922 1990; x_wconf 80' lang='lat' dir='ltr'>essentia</span> <span class='ocrx_word' id='word_1_299' title='bbox 951 1964 992 1989; x_wconf 90' lang='lat' dir='ltr'>est</span> <span class='ocrx_word' id='word_1_300' title='bbox 1025 1961 1113 1994; x_wconf 89' lang='lat' dir='ltr'>Pater,</span> <span class='ocrx_word' id='word_1_301' title='bbox 1134 1963 1161 1989; x_wconf 92' lang='lat' dir='ltr'>et</span> 
     </span>
     <span class='ocr_line' id='line_1_43' title="bbox 311 2007 1161 2044; baseline -0.004 -6"><span class='ocrx_word' id='word_1_302' title='bbox 311 2010 379 2038; x_wconf 86' lang='lat' dir='ltr'>haec</span> <span class='ocrx_word' id='word_1_303' title='bbox 394 2009 447 2038; x_wconf 92' lang='lat' dir='ltr'>erit</span> <span class='ocrx_word' id='word_1_304' title='bbox 468 2016 548 2037; x_wconf 82' lang='lat' dir='ltr'>vera:</span> <span class='ocrx_word' id='word_1_305' title='bbox 565 2008 659 2037; x_wconf 85' lang='lat' dir='ltr'>divina</span> <span class='ocrx_word' id='word_1_306' title='bbox 674 2008 793 2037; x_wconf 87' lang='lat' dir='ltr'>essentia</span> <span class='ocrx_word' id='word_1_307' title='bbox 807 2011 849 2036; x_wconf 86' lang='lat' dir='ltr'>est</span> <span class='ocrx_word' id='word_1_308' title='bbox 867 2008 925 2035; x_wconf 88' lang='lat' dir='ltr'>Filii</span> <span class='ocrx_word' id='word_1_309' title='bbox 940 2007 1034 2036; x_wconf 87' lang='lat' dir='ltr'>Pater:</span> <span class='ocrx_word' id='word_1_310' title='bbox 1056 2015 1123 2044; x_wconf 83' lang='lat' dir='ltr'>ergo</span> <span class='ocrx_word' id='word_1_311' title='bbox 1145 2015 1161 2035; x_wconf 91' lang='lat' dir='ltr'>a</span> 
     </span>
     <span class='ocr_line' id='line_1_44' title="bbox 312 2054 940 2085; baseline -0.005 0"><span class='ocrx_word' id='word_1_312' title='bbox 312 2055 500 2085; x_wconf 85' lang='lat' dir='ltr'>convertibili:</span> <span class='ocrx_word' id='word_1_313' title='bbox 522 2055 606 2084; x_wconf 84' lang='lat' dir='ltr'>Filius</span> <span class='ocrx_word' id='word_1_314' title='bbox 627 2058 669 2083; x_wconf 89' lang='lat' dir='ltr'>est</span> <span class='ocrx_word' id='word_1_315' title='bbox 690 2055 774 2083; x_wconf 90' lang='lat' dir='ltr'>Filius</span> <span class='ocrx_word' id='word_1_316' title='bbox 795 2054 940 2083; x_wconf 85' lang='lat' dir='ltr'>essentiae.</span> 
     </span>
    </p>
   </div>
   <div class='ocr_carea' id='block_1_4' title="bbox 1008 106 1380 135">
    <p class='ocr_par' dir='ltr' id='par_1_9' title="bbox 1008 106 1380 135">
     <span class='ocr_line' id='line_1_45' title="bbox 1008 106 1380 135; baseline -0.003 0"><span class='ocrx_word' id='word_1_317' title='bbox 1008 106 1259 135; x_wconf 73' lang='lat' dir='ltr'>SENTENTIARUM</span> <span class='ocrx_word' id='word_1_318' title='bbox 1281 106 1339 135; x_wconf 88' lang='lat' dir='ltr'>LIB.</span> <span class='ocrx_word' id='word_1_319' title='bbox 1362 106 1380 134; x_wconf 91' lang='lat' dir='ltr'>l.</span> 
     </span>
    </p>
   </div>
   <div class='ocr_carea' id='block_1_5' title="bbox 1520 192 1756 213">
    <p class='ocr_par' dir='ltr' id='par_1_10' title="bbox 1520 192 1756 213">
     <span class='ocr_line' id='line_1_46' title="bbox 1520 192 1756 213; baseline 0 -1"><span class='ocrx_word' id='word_1_320' title='bbox 1520 192 1756 213; x_wconf 87' lang='lat' dir='ltr'>CONCLUSIO.</span> 
     </span>
    </p>
   </div>
   <div class='ocr_carea' id='block_1_6' title="bbox 1214 277 2061 399">
    <p class='ocr_par' dir='ltr' id='par_1_11' title="bbox 1214 277 2061 399">
     <span class='ocr_line' id='line_1_47' title="bbox 1214 277 2061 315; baseline 0 -10"><span class='ocrx_word' id='word_1_321' title='bbox 1214 277 1293 306; x_wconf 80' lang='lat' dir='ltr'>Haec</span> <span class='ocrx_word' id='word_1_322' title='bbox 1308 277 1430 305; x_wconf 75' lang='lat' dir='ltr'>locatio:</span> <span class='ocrx_word' id='word_1_323' title='bbox 1453 277 1556 305; x_wconf 65' lang='lat' dir='ltr'>(licina</span> <span class='ocrx_word' id='word_1_324' title='bbox 1580 277 1703 306; x_wconf 74' lang='lat' dir='ltr'>essentia</span> <span class='ocrx_word' id='word_1_325' title='bbox 1722 281 1859 315; x_wconf 71' lang='lat' dir='ltr'>ycncrat,</span> <span class='ocrx_word' id='word_1_326' title='bbox 1880 281 1921 305; x_wconf 76' lang='lat' dir='ltr'>cst</span> <span class='ocrx_word' id='word_1_327' title='bbox 1942 277 2061 305; x_wconf 76' lang='lat' dir='ltr'>omnino</span> 
     </span>
     <span class='ocr_line' id='line_1_48' title="bbox 1293 323 2058 361; baseline 0 -9"><span class='ocrx_word' id='word_1_328' title='bbox 1293 323 1460 360; x_wconf 74' lang='lat' dir='ltr'>impropria</span> <span class='ocrx_word' id='word_1_329' title='bbox 1487 327 1512 352; x_wconf 78' lang='lat' dir='ltr'>ct</span> <span class='ocrx_word' id='word_1_330' title='bbox 1531 324 1684 360; x_wconf 61' lang='lat' dir='ltr'>neganda,</span> <span class='ocrx_word' id='word_1_331' title='bbox 1712 324 1755 352; x_wconf 75' lang='lat' dir='ltr'>vel</span> <span class='ocrx_word' id='word_1_332' title='bbox 1781 323 1883 352; x_wconf 78' lang='lat' dir='ltr'>saltent</span> <span class='ocrx_word' id='word_1_333' title='bbox 1901 324 1950 361; x_wconf 80' lang='lat' dir='ltr'>pic</span> <span class='ocrx_word' id='word_1_334' title='bbox 1976 332 2058 361; x_wconf 64' lang='lat' dir='ltr'>cmpo-</span> 
     </span>
     <span class='ocr_line' id='line_1_49' title="bbox 1292 371 1397 399; baseline 0 -1"><span class='ocrx_word' id='word_1_335' title='bbox 1292 371 1397 399; x_wconf 73' lang='lat' dir='ltr'>nenda.</span> 
     </span>
    </p>
   </div>
   <div class='ocr_carea' id='block_1_7' title="bbox 1214 463 2070 2089">
    <p class='ocr_par' dir='ltr' id='par_1_12' title="bbox 1214 463 2066 1154">
     <span class='ocr_line' id='line_1_50' title="bbox 1293 463 2063 501; baseline 0.001 -9"><span class='ocrx_word' id='word_1_336' title='bbox 1293 464 1468 493; x_wconf 64' lang='lat' dir='ltr'>Rsssponnsso:</span> <span class='ocrx_word' id='word_1_337' title='bbox 1491 464 1530 492; x_wconf 83' lang='lat' dir='ltr'>Ad</span> <span class='ocrx_word' id='word_1_338' title='bbox 1552 463 1761 501; x_wconf 88' lang='lat' dir='ltr'>praedictorum</span> <span class='ocrx_word' id='word_1_339' title='bbox 1787 464 1998 500; x_wconf 70' lang='lat' dir='ltr'>intelligentiam</span> <span class='ocrx_word' id='word_1_340' title='bbox 2020 467 2063 493; x_wconf 90' lang='lat' dir='ltr'>est</span> 
     </span>
     <span class='ocr_line' id='line_1_51' title="bbox 1214 510 2061 548; baseline -0.001 -9"><span class='ocrx_word' id='word_1_341' title='bbox 1214 511 1377 545; x_wconf 89' lang='lat' dir='ltr'>notandum,</span> <span class='ocrx_word' id='word_1_342' title='bbox 1389 511 1464 548; x_wconf 89' lang='grc'><strong>(10011</strong></span> <span class='ocrx_word' id='word_1_343' title='bbox 1479 510 1549 539; x_wconf 89' lang='lat' dir='ltr'>fides</span> <span class='ocrx_word' id='word_1_344' title='bbox 1563 510 1648 539; x_wconf 77' lang='lat' dir='ltr'>veraS</span> <span class='ocrx_word' id='word_1_345' title='bbox 1662 510 1728 539; x_wconf 89' lang='lat' dir='ltr'>dicit</span> <span class='ocrx_word' id='word_1_346' title='bbox 1743 510 1822 547; x_wconf 86' lang='lat' dir='ltr'>quasi</span> <span class='ocrx_word' id='word_1_347' title='bbox 1837 510 2061 545; x_wconf 81' lang='lat' dir='ltr'>fundamentum,</span> 
     </span>
     <span class='ocr_line' id='line_1_52' title="bbox 1214 557 2061 594; baseline 0.001 -9"><span class='ocrx_word' id='word_1_348' title='bbox 1214 558 1304 586; x_wconf 89' lang='lat' dir='ltr'>Deum</span> <span class='ocrx_word' id='word_1_349' title='bbox 1332 565 1393 586; x_wconf 87' lang='lat' dir='ltr'>esse</span> <span class='ocrx_word' id='word_1_350' title='bbox 1414 557 1520 585; x_wconf 89' lang='lat' dir='ltr'>trinum</span> <span class='ocrx_word' id='word_1_351' title='bbox 1549 560 1576 586; x_wconf 89' lang='lat' dir='ltr'>et</span> <span class='ocrx_word' id='word_1_352' title='bbox 1597 565 1702 591; x_wconf 89' lang='lat' dir='ltr'>unum,</span> <span class='ocrx_word' id='word_1_353' title='bbox 1723 560 1750 586; x_wconf 91' lang='lat' dir='ltr'>et</span> <span class='ocrx_word' id='word_1_354' title='bbox 1778 557 1816 585; x_wconf 92' lang='lat' dir='ltr'>ita</span> <span class='ocrx_word' id='word_1_355' title='bbox 1838 557 1958 591; x_wconf 86' lang='lat' dir='ltr'>trinum,</span> <span class='ocrx_word' id='word_1_356' title='bbox 1986 557 2061 594; x_wconf 86' lang='lat' dir='ltr'>quod</span> 
     </span>
     <span class='ocr_line' id='line_1_53' title="bbox 1215 603 2063 640; baseline -0.001 -8"><span class='ocrx_word' id='word_1_357' title='bbox 1215 604 1324 632; x_wconf 84' lang='lat' dir='ltr'>trinitas</span> <span class='ocrx_word' id='word_1_358' title='bbox 1345 612 1400 632; x_wconf 90' lang='lat' dir='ltr'>non</span> <span class='ocrx_word' id='word_1_359' title='bbox 1425 604 1621 638; x_wconf 82' lang='lat' dir='ltr'>confunditur,</span> <span class='ocrx_word' id='word_1_360' title='bbox 1643 606 1669 632; x_wconf 89' lang='lat' dir='ltr'>et</span> <span class='ocrx_word' id='word_1_361' title='bbox 1691 604 1728 632; x_wconf 89' lang='lat' dir='ltr'>ita</span> <span class='ocrx_word' id='word_1_362' title='bbox 1746 611 1852 637; x_wconf 92' lang='lat' dir='ltr'>unum,</span> <span class='ocrx_word' id='word_1_363' title='bbox 1873 603 1949 640; x_wconf 90' lang='lat' dir='ltr'>quod</span> <span class='ocrx_word' id='word_1_364' title='bbox 1970 603 2063 632; x_wconf 85' lang='lat' dir='ltr'>unitas</span> 
     </span>
     <span class='ocr_line' id='line_1_54' title="bbox 1214 650 2065 687; baseline -0.001 -8"><span class='ocrx_word' id='word_1_365' title='bbox 1214 658 1269 679; x_wconf 93' lang='lat' dir='ltr'>non</span> <span class='ocrx_word' id='word_1_366' title='bbox 1296 650 1507 687; x_wconf 88' lang='lat' dir='ltr'>multiplicatur.</span> <span class='ocrx_word' id='word_1_367' title='bbox 1529 651 1556 678; x_wconf 88' lang='lat' dir='ltr'>Si</span> <span class='ocrx_word' id='word_1_368' title='bbox 1577 658 1644 687; x_wconf 83' lang='lat' dir='ltr'>ergo</span> <span class='ocrx_word' id='word_1_369' title='bbox 1672 650 1747 686; x_wconf 87' lang='lat' dir='ltr'>quod</span> <span class='ocrx_word' id='word_1_370' title='bbox 1769 650 1911 678; x_wconf 91' lang='lat' dir='ltr'>credimus</span> <span class='ocrx_word' id='word_1_371' title='bbox 1939 650 2065 687; x_wconf 85' lang='lat' dir='ltr'>oportuit</span> 
     </span>
     <span class='ocr_line' id='line_1_55' title="bbox 1215 696 2062 734; baseline -0.001 -9"><span class='ocrx_word' id='word_1_372' title='bbox 1215 696 1380 733; x_wconf 67' lang='lat' dir='ltr'>significare,</span> <span class='ocrx_word' id='word_1_373' title='bbox 1396 699 1552 734; x_wconf 88' lang='lat' dir='ltr'>opportune</span> <span class='ocrx_word' id='word_1_374' title='bbox 1568 697 1679 725; x_wconf 89' lang='lat' dir='ltr'>inventa</span> <span class='ocrx_word' id='word_1_375' title='bbox 1694 699 1760 725; x_wconf 90' lang='lat' dir='ltr'>sunt</span> <span class='ocrx_word' id='word_1_376' title='bbox 1774 696 1887 724; x_wconf 89' lang='lat' dir='ltr'>nomina</span> <span class='ocrx_word' id='word_1_377' title='bbox 1902 696 1929 724; x_wconf 94' lang='lat' dir='ltr'>in</span> <span class='ocrx_word' id='word_1_378' title='bbox 1945 696 2062 731; x_wconf 63' lang='lat' dir='ltr'>divinis,</span> 
     </span>
     <span class='ocr_line' id='line_1_56' title="bbox 1215 743 2064 780; baseline 0 -9"><span class='ocrx_word' id='word_1_379' title='bbox 1215 743 1300 772; x_wconf 91' lang='lat' dir='ltr'>immo</span> <span class='ocrx_word' id='word_1_380' title='bbox 1321 752 1337 771; x_wconf 89' lang='lat' dir='ltr'>a</span> <span class='ocrx_word' id='word_1_381' title='bbox 1358 743 1415 772; x_wconf 89' lang='lat' dir='ltr'>Deo</span> <span class='ocrx_word' id='word_1_382' title='bbox 1436 744 1516 772; x_wconf 90' lang='lat' dir='ltr'>nobis</span> <span class='ocrx_word' id='word_1_383' title='bbox 1538 743 1727 776; x_wconf 72' lang='lat' dir='ltr'>manifestata,</span> <span class='ocrx_word' id='word_1_384' title='bbox 1749 751 1821 780; x_wconf 88' lang='lat' dir='ltr'>quae</span> <span class='ocrx_word' id='word_1_385' title='bbox 1843 743 1998 780; x_wconf 84' lang='lat' dir='ltr'>significent</span> <span class='ocrx_word' id='word_1_386' title='bbox 2019 743 2064 772; x_wconf 91' lang='lat' dir='ltr'>tri-</span> 
     </span>
     <span class='ocr_line' id='line_1_57' title="bbox 1214 789 2064 819; baseline 0 -1"><span class='ocrx_word' id='word_1_387' title='bbox 1214 790 1329 818; x_wconf 88' lang='lat' dir='ltr'>nitatem</span> <span class='ocrx_word' id='word_1_388' title='bbox 1352 790 1405 819; x_wconf 81' lang='grc'><strong>501)</strong></span> <span class='ocrx_word' id='word_1_389' title='bbox 1420 789 1595 819; x_wconf 89' lang='lat' dir='ltr'>distinctione</span> <span class='ocrx_word' id='word_1_390' title='bbox 1617 793 1644 818; x_wconf 86' lang='lat' dir='ltr'>et</span> <span class='ocrx_word' id='word_1_391' title='bbox 1664 790 1799 818; x_wconf 88' lang='lat' dir='ltr'>unitatem</span> <span class='ocrx_word' id='word_1_392' title='bbox 1825 790 1883 818; x_wconf 87' lang='lat' dir='ltr'>sine</span> <span class='ocrx_word' id='word_1_393' title='bbox 1905 789 1980 818; x_wconf 88' lang='lat' dir='ltr'>omni</span> <span class='ocrx_word' id='word_1_394' title='bbox 1994 789 2064 818; x_wconf 90' lang='lat' dir='ltr'>mul-</span> 
     </span>
     <span class='ocr_line' id='line_1_58' title="bbox 1214 836 2064 874; baseline 0 -9"><span class='ocrx_word' id='word_1_395' title='bbox 1214 837 1392 874; x_wconf 86' lang='lat' dir='ltr'>tiplicatione.</span> <span class='ocrx_word' id='word_1_396' title='bbox 1422 837 1498 866; x_wconf 88' lang='lat' dir='ltr'>Sicut</span> <span class='ocrx_word' id='word_1_397' title='bbox 1525 837 1610 874; x_wconf 84' lang='lat' dir='ltr'>igitur</span> <span class='ocrx_word' id='word_1_398' title='bbox 1638 837 1751 865; x_wconf 88' lang='lat' dir='ltr'>nomina</span> <span class='ocrx_word' id='word_1_399' title='bbox 1780 837 1909 874; x_wconf 88' lang='lat' dir='ltr'>imposita</span> <span class='ocrx_word' id='word_1_400' title='bbox 1936 836 2064 874; x_wconf 86' lang='lat' dir='ltr'>personis</span> 
     </span>
     <span class='ocr_line' id='line_1_59' title="bbox 1215 883 2065 920; baseline -0.001 -8"><span class='ocrx_word' id='word_1_401' title='bbox 1215 884 1328 913; x_wconf 90' lang='lat' dir='ltr'>omnino</span> <span class='ocrx_word' id='word_1_402' title='bbox 1343 887 1409 913; x_wconf 87' lang='lat' dir='ltr'>sunt</span> <span class='ocrx_word' id='word_1_403' title='bbox 1426 884 1700 913; x_wconf 87' lang='lat' dir='ltr'>incommunicabilia</span> <span class='ocrx_word' id='word_1_404' title='bbox 1714 886 1741 913; x_wconf 92' lang='lat' dir='ltr'>et</span> <span class='ocrx_word' id='word_1_405' title='bbox 1761 886 1899 920; x_wconf 90' lang='lat' dir='ltr'>quantum</span> <span class='ocrx_word' id='word_1_406' title='bbox 1913 883 1950 912; x_wconf 82' lang='lat' dir='ltr'>ad</span> <span class='ocrx_word' id='word_1_407' title='bbox 1965 891 2065 920; x_wconf 87' lang='lat' dir='ltr'>suppo·</span> 
     </span>
     <span class='ocr_line' id='line_1_60' title="bbox 1216 929 2065 968; baseline -0.002 -8"><span class='ocrx_word' id='word_1_408' title='bbox 1216 932 1301 960; x_wconf 88' lang='lat' dir='ltr'>situm</span> <span class='ocrx_word' id='word_1_409' title='bbox 1319 934 1346 960; x_wconf 88' lang='lat' dir='ltr'>et</span> <span class='ocrx_word' id='word_1_410' title='bbox 1360 933 1498 968; x_wconf 88' lang='lat' dir='ltr'>quantum</span> <span class='ocrx_word' id='word_1_411' title='bbox 1513 931 1548 960; x_wconf 88' lang='lat' dir='ltr'>ad</span> <span class='ocrx_word' id='word_1_412' title='bbox 1564 931 1766 968; x_wconf 78' lang='lat' dir='ltr'>significatum3</span> <span class='ocrx_word' id='word_1_413' title='bbox 1781 930 1857 959; x_wconf 90' lang='lat' dir='ltr'>unde</span> <span class='ocrx_word' id='word_1_414' title='bbox 1874 931 1943 959; x_wconf 87' lang='lat' dir='ltr'>haec</span> <span class='ocrx_word' id='word_1_415' title='bbox 1957 930 2045 958; x_wconf 91' lang='lat' dir='ltr'>oratio</span> <span class='ocrx_word' id='word_1_416' title='bbox 2055 929 2065 945; x_wconf 74' lang='lat'>⁹</span> 
     </span>
     <span class='ocr_line' id='line_1_61' title="bbox 1215 976 2066 1012; baseline -0.002 -5"><span class='ocrx_word' id='word_1_417' title='bbox 1215 981 1257 1007; x_wconf 89' lang='lat' dir='ltr'>est</span> <span class='ocrx_word' id='word_1_418' title='bbox 1277 978 1360 1007; x_wconf 84' lang='lat' dir='ltr'>falsa:</span> <span class='ocrx_word' id='word_1_419' title='bbox 1382 978 1462 1007; x_wconf 87' lang='lat' dir='ltr'>Pater</span> <span class='ocrx_word' id='word_1_420' title='bbox 1483 981 1524 1006; x_wconf 88' lang='lat' dir='ltr'>est</span> <span class='ocrx_word' id='word_1_421' title='bbox 1540 977 1638 1012; x_wconf 87' lang='lat' dir='ltr'>Filius,</span> <span class='ocrx_word' id='word_1_422' title='bbox 1654 977 1699 1006; x_wconf 86' lang='lat' dir='ltr'>vel</span> <span class='ocrx_word' id='word_1_423' title='bbox 1720 977 1800 1006; x_wconf 86' lang='lat' dir='ltr'>Pater</span> <span class='ocrx_word' id='word_1_424' title='bbox 1818 980 1860 1005; x_wconf 88' lang='lat' dir='ltr'>est</span> <span class='ocrx_word' id='word_1_425' title='bbox 1881 976 2066 1006; x_wconf 85' lang='lat' dir='ltr'>communica-</span> 
     </span>
     <span class='ocr_line' id='line_1_62' title="bbox 1216 1023 2065 1062; baseline -0.002 -9"><span class='ocrx_word' id='word_1_426' title='bbox 1216 1025 1294 1059; x_wconf 87' lang='lat' dir='ltr'>bilis;</span> <span class='ocrx_word' id='word_1_427' title='bbox 1321 1025 1359 1053; x_wconf 86' lang='lat' dir='ltr'>ita</span> <span class='ocrx_word' id='word_1_428' title='bbox 1387 1032 1424 1053; x_wconf 85' lang='lat' dir='ltr'>ex</span> <span class='ocrx_word' id='word_1_429' title='bbox 1451 1027 1530 1062; x_wconf 87' lang='lat' dir='ltr'>parte</span> <span class='ocrx_word' id='word_1_430' title='bbox 1558 1024 1694 1053; x_wconf 80' lang='lat' dir='ltr'>essentiae</span> <span class='ocrx_word' id='word_1_431' title='bbox 1723 1024 1767 1052; x_wconf 89' lang='lat' dir='ltr'>vel</span> <span class='ocrx_word' id='word_1_432' title='bbox 1795 1026 1913 1052; x_wconf 87' lang='lat' dir='ltr'>naturae</span> <span class='ocrx_word' id='word_1_433' title='bbox 1941 1023 2065 1060; x_wconf 91' lang='lat' dir='ltr'>oportuit</span> 
     </span>
     <span class='ocr_line' id='line_1_63' title="bbox 1216 1070 2065 1108; baseline -0.001 -9"><span class='ocrx_word' id='word_1_434' title='bbox 1216 1071 1329 1099; x_wconf 90' lang='lat' dir='ltr'>nomina</span> <span class='ocrx_word' id='word_1_435' title='bbox 1350 1071 1468 1108; x_wconf 88' lang='lat' dir='ltr'>imponi⁷</span> <span class='ocrx_word' id='word_1_436' title='bbox 1483 1079 1554 1108; x_wconf 89' lang='lat' dir='ltr'>quae</span> <span class='ocrx_word' id='word_1_437' title='bbox 1576 1079 1630 1099; x_wconf 91' lang='lat' dir='ltr'>non</span> <span class='ocrx_word' id='word_1_438' title='bbox 1652 1070 1893 1107; x_wconf 75' lang='lat' dir='ltr'>distinguerentur</span> <span class='ocrx_word' id='word_1_439' title='bbox 1914 1077 1965 1098; x_wconf 88' lang='lat' dir='ltr'>nec</span> <span class='ocrx_word' id='word_1_440' title='bbox 1979 1077 2065 1106; x_wconf 89' lang='lat' dir='ltr'>quan-</span> 
     </span>
     <span class='ocr_line' id='line_1_64' title="bbox 1216 1117 2025 1154; baseline -0.004 -8"><span class='ocrx_word' id='word_1_441' title='bbox 1216 1119 1275 1146; x_wconf 85' lang='lat' dir='ltr'>tum</span> <span class='ocrx_word' id='word_1_442' title='bbox 1298 1118 1333 1146; x_wconf 83' lang='lat' dir='ltr'>ad</span> <span class='ocrx_word' id='word_1_443' title='bbox 1356 1117 1541 1154; x_wconf 81' lang='lat' dir='ltr'>significatum</span> <span class='ocrx_word' id='word_1_444' title='bbox 1556 1125 1607 1146; x_wconf 92' lang='lat' dir='ltr'>nec</span> <span class='ocrx_word' id='word_1_445' title='bbox 1627 1120 1764 1154; x_wconf 89' lang='lat' dir='ltr'>quantum</span> <span class='ocrx_word' id='word_1_446' title='bbox 1785 1117 1821 1145; x_wconf 86' lang='lat' dir='ltr'>ad</span> <span class='ocrx_word' id='word_1_447' title='bbox 1840 1117 2025 1154; x_wconf 88' lang='lat' dir='ltr'>suppositum.</span> 
     </span>
    </p>

    <p class='ocr_par' dir='ltr' id='par_1_13' title="bbox 1215 1163 2068 1809">
     <span class='ocr_line' id='line_1_65' title="bbox 1294 1163 2066 1201; baseline -0.003 -8"><span class='ocrx_word' id='word_1_448' title='bbox 1294 1165 1452 1193; x_wconf 86' lang='lat' dir='ltr'>Notandum</span> <span class='ocrx_word' id='word_1_449' title='bbox 1470 1168 1573 1199; x_wconf 85' lang='lat' dir='ltr'>autem,</span> <span class='ocrx_word' id='word_1_450' title='bbox 1592 1164 1667 1201; x_wconf 89' lang='lat' dir='ltr'>quod</span> <span class='ocrx_word' id='word_1_451' title='bbox 1687 1164 1790 1201; x_wconf 86' lang='lat' dir='ltr'>triplex</span> <span class='ocrx_word' id='word_1_452' title='bbox 1812 1167 1854 1193; x_wconf 89' lang='lat' dir='ltr'>est</span> <span class='ocrx_word' id='word_1_453' title='bbox 1872 1171 1960 1201; x_wconf 84' lang='lat' dir='ltr'>genus</span> <span class='ocrx_word' id='word_1_454' title='bbox 1980 1163 2066 1192; x_wconf 89' lang='lat' dir='ltr'>nomi-</span> 
     </span>
     <span class='ocr_line' id='line_1_66' title="bbox 1215 1209 2067 1249; baseline -0.002 -9"><span class='ocrx_word' id='word_1_455' title='bbox 1215 1220 1284 1240; x_wconf 91' lang='lat' dir='ltr'>num</span> <span class='ocrx_word' id='word_1_456' title='bbox 1303 1211 1519 1249; x_wconf 83' lang='lat' dir='ltr'>significantium</span> <span class='ocrx_word' id='word_1_457' title='bbox 1542 1211 1699 1240; x_wconf 89' lang='lat' dir='ltr'>essentiam.</span> <span class='ocrx_word' id='word_1_458' title='bbox 1715 1211 1858 1247; x_wconf 83' lang='lat' dir='ltr'>Quaedam</span> <span class='ocrx_word' id='word_1_459' title='bbox 1876 1211 1950 1239; x_wconf 89' lang='lat' dir='ltr'>enim</span> <span class='ocrx_word' id='word_1_460' title='bbox 1965 1209 2067 1246; x_wconf 74' lang='lat' dir='ltr'>signifi-</span> 
     </span>
     <span class='ocr_line' id='line_1_67' title="bbox 1216 1257 2065 1294; baseline -0.002 -7"><span class='ocrx_word' id='word_1_461' title='bbox 1216 1261 1279 1287; x_wconf 83' lang='lat' dir='ltr'>cant</span> <span class='ocrx_word' id='word_1_462' title='bbox 1300 1258 1327 1286; x_wconf 92' lang='lat' dir='ltr'>in</span> <span class='ocrx_word' id='word_1_463' title='bbox 1349 1258 1538 1291; x_wconf 75' lang='lat' dir='ltr'>concretione,</span> <span class='ocrx_word' id='word_1_464' title='bbox 1559 1260 1592 1286; x_wconf 92' lang='lat' dir='ltr'>ut</span> <span class='ocrx_word' id='word_1_465' title='bbox 1612 1258 1666 1286; x_wconf 89' lang='lat' dir='ltr'>hoc</span> <span class='ocrx_word' id='word_1_466' title='bbox 1686 1265 1787 1286; x_wconf 88' lang='lat' dir='ltr'>nomen</span> <span class='ocrx_word' id='word_1_467' title='bbox 1809 1257 1906 1291; x_wconf 79' lang='lat' dir='ltr'>Dcns,·</span> <span class='ocrx_word' id='word_1_468' title='bbox 1926 1257 2065 1294; x_wconf 82' lang='lat' dir='ltr'>quaedam</span> 
     </span>
     <span class='ocr_line' id='line_1_68' title="bbox 1217 1303 2065 1337; baseline -0.002 -4"><span class='ocrx_word' id='word_1_469' title='bbox 1217 1306 1244 1333; x_wconf 93' lang='lat' dir='ltr'>in</span> <span class='ocrx_word' id='word_1_470' title='bbox 1266 1305 1435 1333; x_wconf 73' lang='lat' dir='ltr'>omnimoda</span> <span class='ocrx_word' id='word_1_471' title='bbox 1456 1304 1663 1337; x_wconf 73' lang='lat' dir='ltr'>abstractione,</span> <span class='ocrx_word' id='word_1_472' title='bbox 1685 1307 1716 1332; x_wconf 88' lang='grc'>01</span> <span class='ocrx_word' id='word_1_473' title='bbox 1731 1304 1783 1332; x_wconf 88' lang='grc'><strong>1100</strong></span> <span class='ocrx_word' id='word_1_474' title='bbox 1801 1311 1903 1332; x_wconf 91' lang='lat' dir='ltr'>nomen</span> <span class='ocrx_word' id='word_1_475' title='bbox 1924 1303 2065 1337; x_wconf 79' lang='lat' dir='ltr'>esscntia;</span> 
     </span>
     <span class='ocr_line' id='line_1_69' title="bbox 1216 1349 2066 1388; baseline -0.004 -8"><span class='ocrx_word' id='word_1_476' title='bbox 1216 1351 1353 1388; x_wconf 88' lang='lat' dir='ltr'>quaedam</span> <span class='ocrx_word' id='word_1_477' title='bbox 1366 1350 1459 1379; x_wconf 77' lang='lat' dir='ltr'>medio</span> <span class='ocrx_word' id='word_1_478' title='bbox 1474 1351 1573 1384; x_wconf 71' lang='lat' dir='ltr'>inodo,</span> <span class='ocrx_word' id='word_1_479' title='bbox 1588 1353 1619 1379; x_wconf 92' lang='lat' dir='ltr'>ut</span> <span class='ocrx_word' id='word_1_480' title='bbox 1631 1350 1741 1384; x_wconf 75' lang='lat' dir='ltr'>lamen,</span> <span class='ocrx_word' id='word_1_481' title='bbox 1753 1350 1914 1387; x_wconf 72' lang='lat' dir='ltr'>sapientia,</span> <span class='ocrx_word' id='word_1_482' title='bbox 1929 1349 2066 1378; x_wconf 76' lang='lat' dir='ltr'>voluntas</span> 
     </span>
     <span class='ocr_line' id='line_1_70' title="bbox 1216 1396 2065 1433; baseline -0.002 -7"><span class='ocrx_word' id='word_1_483' title='bbox 1216 1400 1243 1426; x_wconf 87' lang='lat' dir='ltr'>et</span> <span class='ocrx_word' id='word_1_484' title='bbox 1257 1396 1427 1430; x_wconf 78' lang='lat' dir='ltr'>consimilia3</span> <span class='ocrx_word' id='word_1_485' title='bbox 1439 1400 1466 1426; x_wconf 88' lang='lat' dir='ltr'>et</span> <span class='ocrx_word' id='word_1_486' title='bbox 1477 1397 1529 1425; x_wconf 88' lang='lat' dir='ltr'>ista</span> <span class='ocrx_word' id='word_1_487' title='bbox 1544 1397 1676 1425; x_wconf 86' lang='lat' dir='ltr'>dicuntur</span> <span class='ocrx_word' id='word_1_488' title='bbox 1691 1397 1784 1426; x_wconf 90' lang='lat' dir='ltr'>medio</span> <span class='ocrx_word' id='word_1_489' title='bbox 1798 1396 1882 1425; x_wconf 89' lang='lat' dir='ltr'>modo</span> <span class='ocrx_word' id='word_1_490' title='bbox 1900 1396 2065 1433; x_wconf 87' lang='lat' dir='ltr'>significare,</span> 
     </span>
     <span class='ocr_line' id='line_1_71' title="bbox 1216 1443 2067 1482; baseline -0.002 -9"><span class='ocrx_word' id='word_1_491' title='bbox 1216 1445 1282 1482; x_wconf 89' lang='lat' dir='ltr'>quia</span> <span class='ocrx_word' id='word_1_492' title='bbox 1304 1452 1358 1473; x_wconf 91' lang='lat' dir='ltr'>non</span> <span class='ocrx_word' id='word_1_493' title='bbox 1381 1447 1552 1473; x_wconf 87' lang='lat' dir='ltr'>concernunt</span> <span class='ocrx_word' id='word_1_494' title='bbox 1574 1444 1751 1482; x_wconf 86' lang='lat' dir='ltr'>suppositum</span> <span class='ocrx_word' id='word_1_495' title='bbox 1772 1451 1822 1481; x_wconf 88' lang='lat' dir='ltr'>per</span> <span class='ocrx_word' id='word_1_496' title='bbox 1843 1443 1960 1472; x_wconf 88' lang='lat' dir='ltr'>modum</span> <span class='ocrx_word' id='word_1_497' title='bbox 1974 1443 2067 1472; x_wconf 85' lang='lat' dir='ltr'>inhae-</span> 
     </span>
     <span class='ocr_line' id='line_1_72' title="bbox 1217 1490 2065 1528; baseline -0.001 -8"><span class='ocrx_word' id='word_1_498' title='bbox 1217 1492 1338 1527; x_wconf 80' lang='lat' dir='ltr'>rentiae,</span> <span class='ocrx_word' id='word_1_499' title='bbox 1368 1492 1417 1521; x_wconf 85' lang='lat' dir='ltr'>sed</span> <span class='ocrx_word' id='word_1_500' title='bbox 1445 1494 1618 1520; x_wconf 86' lang='lat' dir='ltr'>concernunt</span> <span class='ocrx_word' id='word_1_501' title='bbox 1650 1491 1826 1528; x_wconf 90' lang='lat' dir='ltr'>suppositum</span> <span class='ocrx_word' id='word_1_502' title='bbox 1855 1491 1962 1519; x_wconf 90' lang='lat' dir='ltr'>ratione</span> <span class='ocrx_word' id='word_1_503' title='bbox 1989 1490 2065 1525; x_wconf 78' lang='lat' dir='ltr'>eius,</span> 
     </span>
     <span class='ocr_line' id='line_1_73' title="bbox 1216 1537 2065 1576; baseline -0.002 -9"><span class='ocrx_word' id='word_1_504' title='bbox 1216 1539 1292 1576; x_wconf 90' lang='lat' dir='ltr'>quod</span> <span class='ocrx_word' id='word_1_505' title='bbox 1313 1538 1411 1567; x_wconf 85' lang='lat' dir='ltr'>dicunt</span> <span class='ocrx_word' id='word_1_506' title='bbox 1439 1538 1562 1575; x_wconf 90' lang='lat' dir='ltr'>aliquam</span> <span class='ocrx_word' id='word_1_507' title='bbox 1590 1538 1727 1567; x_wconf 90' lang='lat' dir='ltr'>rationem</span> <span class='ocrx_word' id='word_1_508' title='bbox 1758 1540 1837 1566; x_wconf 86' lang='lat' dir='ltr'>actus</span> <span class='ocrx_word' id='word_1_509' title='bbox 1865 1537 1910 1566; x_wconf 86' lang='lat' dir='ltr'>vel</span> <span class='ocrx_word' id='word_1_510' title='bbox 1935 1537 2065 1574; x_wconf 83' lang='lat' dir='ltr'>originis,</span> 
     </span>
     <span class='ocr_line' id='line_1_74' title="bbox 1216 1582 2067 1623; baseline -0.002 -8"><span class='ocrx_word' id='word_1_511' title='bbox 1216 1594 1288 1623; x_wconf 88' lang='lat' dir='ltr'>quae</span> <span class='ocrx_word' id='word_1_512' title='bbox 1316 1589 1381 1615; x_wconf 89' lang='lat' dir='ltr'>sunt</span> <span class='ocrx_word' id='word_1_513' title='bbox 1402 1586 1529 1623; x_wconf 90' lang='lat' dir='ltr'>ipsorum</span> <span class='ocrx_word' id='word_1_514' title='bbox 1558 1585 1777 1622; x_wconf 87' lang='lat' dir='ltr'>suppositorum.</span> <span class='ocrx_word' id='word_1_515' title='bbox 1800 1585 1870 1614; x_wconf 87' lang='lat' dir='ltr'>Cum</span> <span class='ocrx_word' id='word_1_516' title='bbox 1896 1582 1981 1622; x_wconf 71' lang='lat' dir='ltr'>igitur</span> <span class='ocrx_word' id='word_1_517' title='bbox 2009 1587 2067 1613; x_wconf 87' lang='lat' dir='ltr'>tres</span> 
     </span>
     <span class='ocr_line' id='line_1_75' title="bbox 1217 1632 2068 1668; baseline -0.001 -8"><span class='ocrx_word' id='word_1_518' title='bbox 1217 1633 1271 1661; x_wconf 89' lang='lat' dir='ltr'>sint</span> <span class='ocrx_word' id='word_1_519' title='bbox 1299 1633 1444 1661; x_wconf 89' lang='lat' dir='ltr'>nominum</span> <span class='ocrx_word' id='word_1_520' title='bbox 1473 1632 1660 1667; x_wconf 81' lang='lat' dir='ltr'>differentiae,</span> <span class='ocrx_word' id='word_1_521' title='bbox 1689 1639 1790 1660; x_wconf 85' lang='lat' dir='ltr'>nomen</span> <span class='ocrx_word' id='word_1_522' title='bbox 1817 1635 1983 1660; x_wconf 76' lang='lat' dir='ltr'>concretum</span> <span class='ocrx_word' id='word_1_523' title='bbox 2004 1639 2068 1668; x_wconf 87' lang='lat' dir='ltr'>sup-</span> 
     </span>
     <span class='ocr_line' id='line_1_76' title="bbox 1216 1678 2068 1716; baseline -0.001 -9"><span class='ocrx_word' id='word_1_524' title='bbox 1216 1679 1294 1716; x_wconf 89' lang='lat' dir='ltr'>ponit</span> <span class='ocrx_word' id='word_1_525' title='bbox 1308 1687 1359 1716; x_wconf 92' lang='lat' dir='ltr'>pro</span> <span class='ocrx_word' id='word_1_526' title='bbox 1381 1686 1500 1715; x_wconf 88' lang='lat' dir='ltr'>persona</span> <span class='ocrx_word' id='word_1_527' title='bbox 1515 1678 1643 1715; x_wconf 74' lang='lat' dir='ltr'>proprie,</span> <span class='ocrx_word' id='word_1_528' title='bbox 1665 1686 1767 1707; x_wconf 89' lang='lat' dir='ltr'>nomen</span> <span class='ocrx_word' id='word_1_529' title='bbox 1785 1678 1914 1707; x_wconf 71' lang='lat' dir='ltr'>inediam</span> <span class='ocrx_word' id='word_1_530' title='bbox 1936 1678 2068 1716; x_wconf 88' lang='lat' dir='ltr'>supponit</span> 
     </span>
     <span class='ocr_line' id='line_1_77' title="bbox 1216 1725 2068 1763; baseline 0 -9"><span class='ocrx_word' id='word_1_531' title='bbox 1216 1726 1319 1763; x_wconf 88' lang='lat' dir='ltr'>partim</span> <span class='ocrx_word' id='word_1_532' title='bbox 1331 1726 1456 1763; x_wconf 81' lang='lat' dir='ltr'>proprie,</span> <span class='ocrx_word' id='word_1_533' title='bbox 1472 1726 1574 1763; x_wconf 91' lang='lat' dir='ltr'>partim</span> <span class='ocrx_word' id='word_1_534' title='bbox 1586 1726 1753 1762; x_wconf 75' lang='lat' dir='ltr'>improprie:</span> <span class='ocrx_word' id='word_1_535' title='bbox 1768 1733 1869 1754; x_wconf 83' lang='lat' dir='ltr'>nomen</span> <span class='ocrx_word' id='word_1_536' title='bbox 1884 1725 2068 1754; x_wconf 73' lang='lat' dir='ltr'>abstractum</span> 
     </span>
     <span class='ocr_line' id='line_1_78' title="bbox 1217 1771 2067 1809; baseline -0.001 -8"><span class='ocrx_word' id='word_1_537' title='bbox 1217 1775 1244 1801; x_wconf 91' lang='lat' dir='ltr'>et</span> <span class='ocrx_word' id='word_1_538' title='bbox 1264 1773 1425 1801; x_wconf 88' lang='lat' dir='ltr'>absolutum</span> <span class='ocrx_word' id='word_1_539' title='bbox 1446 1781 1501 1801; x_wconf 91' lang='lat' dir='ltr'>non</span> <span class='ocrx_word' id='word_1_540' title='bbox 1523 1772 1654 1809; x_wconf 89' lang='lat' dir='ltr'>supponit</span> <span class='ocrx_word' id='word_1_541' title='bbox 1668 1772 1721 1800; x_wconf 88' lang='lat' dir='ltr'>nisi</span> <span class='ocrx_word' id='word_1_542' title='bbox 1740 1772 1853 1800; x_wconf 87' lang='lat' dir='ltr'>omnino</span> <span class='ocrx_word' id='word_1_543' title='bbox 1874 1771 2028 1809; x_wconf 87' lang='lat' dir='ltr'>improprie</span> <span class='ocrx_word' id='word_1_544' title='bbox 2040 1771 2067 1799; x_wconf 88' lang='lat'>¹⁰.</span> 
     </span>
    </p>

    <p class='ocr_par' dir='ltr' id='par_1_14' title="bbox 1217 1818 2070 2089">
     <span class='ocr_line' id='line_1_79' title="bbox 1298 1818 2067 1856; baseline -0.001 -8"><span class='ocrx_word' id='word_1_545' title='bbox 1298 1820 1373 1848; x_wconf 88' lang='lat' dir='ltr'>Unde</span> <span class='ocrx_word' id='word_1_546' title='bbox 1388 1819 1456 1848; x_wconf 85' lang='lat' dir='ltr'>haec</span> <span class='ocrx_word' id='word_1_547' title='bbox 1471 1822 1513 1848; x_wconf 86' lang='lat' dir='ltr'>est</span> <span class='ocrx_word' id='word_1_548' title='bbox 1528 1819 1655 1856; x_wconf 86' lang='lat' dir='ltr'>propria:</span> <span class='ocrx_word' id='word_1_549' title='bbox 1671 1819 1746 1847; x_wconf 88' lang='lat' dir='ltr'>Deus</span> <span class='ocrx_word' id='word_1_550' title='bbox 1761 1821 1890 1855; x_wconf 83' lang='lat' dir='ltr'>generat,</span> <span class='ocrx_word' id='word_1_551' title='bbox 1905 1821 1932 1847; x_wconf 91' lang='lat' dir='ltr'>et</span> <span class='ocrx_word' id='word_1_552' title='bbox 1943 1818 1971 1846; x_wconf 92' lang='lat' dir='ltr'>in</span> <span class='ocrx_word' id='word_1_553' title='bbox 1982 1826 2067 1847; x_wconf 90' lang='lat' dir='ltr'>usum</span> 
     </span>
     <span class='ocr_line' id='line_1_80' title="bbox 1217 1865 2069 1902; baseline -0.002 -7"><span class='ocrx_word' id='word_1_554' title='bbox 1217 1866 1399 1901; x_wconf 77' lang='lat' dir='ltr'>adducenda;</span> <span class='ocrx_word' id='word_1_555' title='bbox 1419 1866 1489 1895; x_wconf 87' lang='lat' dir='ltr'>haec</span> <span class='ocrx_word' id='word_1_556' title='bbox 1509 1869 1619 1894; x_wconf 86' lang='lat' dir='ltr'>autem:</span> <span class='ocrx_word' id='word_1_557' title='bbox 1647 1865 1782 1902; x_wconf 85' lang='lat' dir='ltr'>sapientia</span> <span class='ocrx_word' id='word_1_558' title='bbox 1802 1868 1917 1902; x_wconf 87' lang='lat' dir='ltr'>generat</span> <span class='ocrx_word' id='word_1_559' title='bbox 1930 1865 1950 1878; x_wconf 84' lang='lat'>¹¹</span> <span class='ocrx_word' id='word_1_560' title='bbox 1973 1865 2008 1894; x_wconf 89' lang='lat' dir='ltr'>de</span> <span class='ocrx_word' id='word_1_561' title='bbox 2029 1873 2069 1894; x_wconf 85' lang='lat' dir='ltr'>sa-</span> 
     </span>
     <span class='ocr_line' id='line_1_81' title="bbox 1217 1911 2070 1950; baseline -0.001 -9"><span class='ocrx_word' id='word_1_562' title='bbox 1217 1912 1329 1950; x_wconf 88' lang='lat' dir='ltr'>pientia,</span> <span class='ocrx_word' id='word_1_563' title='bbox 1351 1913 1453 1949; x_wconf 87' lang='lat' dir='ltr'>partim</span> <span class='ocrx_word' id='word_1_564' title='bbox 1474 1912 1597 1950; x_wconf 83' lang='lat' dir='ltr'>propria,</span> <span class='ocrx_word' id='word_1_565' title='bbox 1623 1912 1726 1949; x_wconf 86' lang='lat' dir='ltr'>partim</span> <span class='ocrx_word' id='word_1_566' title='bbox 1747 1911 1916 1949; x_wconf 85' lang='lat' dir='ltr'>impropria;</span> <span class='ocrx_word' id='word_1_567' title='bbox 1944 1911 2007 1940; x_wconf 81' lang='lat' dir='ltr'>ideo</span> <span class='ocrx_word' id='word_1_568' title='bbox 2027 1914 2070 1940; x_wconf 87' lang='lat' dir='ltr'>est</span> 
     </span>
     <span class='ocr_line' id='line_1_82' title="bbox 1218 1959 2069 1994; baseline -0.002 -5"><span class='ocrx_word' id='word_1_569' title='bbox 1218 1961 1397 1994; x_wconf 88' lang='lat' dir='ltr'>sustinenda,</span> <span class='ocrx_word' id='word_1_570' title='bbox 1419 1960 1468 1988; x_wconf 90' lang='lat' dir='ltr'>sed</span> <span class='ocrx_word' id='word_1_571' title='bbox 1484 1968 1539 1988; x_wconf 90' lang='lat' dir='ltr'>non</span> <span class='ocrx_word' id='word_1_572' title='bbox 1554 1959 1747 1993; x_wconf 75' lang='lat' dir='ltr'>extendenda:</span> <span class='ocrx_word' id='word_1_573' title='bbox 1770 1959 1838 1988; x_wconf 87' lang='lat' dir='ltr'>haec</span> <span class='ocrx_word' id='word_1_574' title='bbox 1852 1962 1961 1987; x_wconf 87' lang='lat' dir='ltr'>autern:</span> <span class='ocrx_word' id='word_1_575' title='bbox 1977 1966 2069 1987; x_wconf 90' lang='lat' dir='ltr'>essen-</span> 
     </span>
     <span class='ocr_line' id='line_1_83' title="bbox 1218 2005 2070 2043; baseline -0.001 -8"><span class='ocrx_word' id='word_1_576' title='bbox 1218 2007 1257 2035; x_wconf 88' lang='lat' dir='ltr'>tia</span> <span class='ocrx_word' id='word_1_577' title='bbox 1285 2010 1415 2043; x_wconf 82' lang='lat' dir='ltr'>generat,</span> <span class='ocrx_word' id='word_1_578' title='bbox 1443 2006 1556 2034; x_wconf 91' lang='lat' dir='ltr'>omnino</span> <span class='ocrx_word' id='word_1_579' title='bbox 1585 2005 1767 2042; x_wconf 75' lang='lat' dir='ltr'>impropria,</span> <span class='ocrx_word' id='word_1_580' title='bbox 1797 2008 1824 2034; x_wconf 91' lang='lat' dir='ltr'>et</span> <span class='ocrx_word' id='word_1_581' title='bbox 1852 2005 1914 2034; x_wconf 87' lang='lat' dir='ltr'>ideo</span> <span class='ocrx_word' id='word_1_582' title='bbox 1941 2005 2070 2042; x_wconf 84' lang='lat' dir='ltr'>neganda</span> 
     </span>
     <span class='ocr_line' id='line_1_84' title="bbox 1219 2051 2070 2089; baseline -0.001 -8"><span class='ocrx_word' id='word_1_583' title='bbox 1219 2056 1269 2087; x_wconf 82' lang='lat' dir='ltr'>est,</span> <span class='ocrx_word' id='word_1_584' title='bbox 1285 2056 1312 2081; x_wconf 90' lang='lat' dir='ltr'>et</span> <span class='ocrx_word' id='word_1_585' title='bbox 1326 2053 1349 2081; x_wconf 89' lang='lat' dir='ltr'>si</span> <span class='ocrx_word' id='word_1_586' title='bbox 1370 2053 1480 2089; x_wconf 84' lang='lat' dir='ltr'>legatur</span> <span class='ocrx_word' id='word_1_587' title='bbox 1494 2052 1613 2086; x_wconf 83' lang='lat' dir='ltr'>alicubi,</span> <span class='ocrx_word' id='word_1_588' title='bbox 1636 2055 1678 2080; x_wconf 89' lang='lat' dir='ltr'>est</span> <span class='ocrx_word' id='word_1_589' title='bbox 1698 2052 1873 2088; x_wconf 83' lang='lat' dir='ltr'>exponenda.</span> <span class='ocrx_word' id='word_1_590' title='bbox 1889 2052 1980 2080; x_wconf 87' lang='lat' dir='ltr'>Sancti</span> <span class='ocrx_word' id='word_1_591' title='bbox 1994 2051 2070 2080; x_wconf 89' lang='lat' dir='ltr'>enim</span> 
     </span>
    </p>
   </div>
   <div class='ocr_carea' id='block_1_8' title="bbox 908 2131 1471 2136">
    <p class='ocr_par' dir='ltr' id='par_1_15' title="bbox 908 2131 1471 2136">
     <span class='ocr_line' id='line_1_85' title="bbox 908 2131 1471 2136; baseline 0 0"><span class='ocrx_word' id='word_1_592' title='bbox 908 2131 1471 2136; x_wconf 95' lang='lat' dir='ltr'> </span> 
     </span>
    </p>
   </div>
   <div class='ocr_carea' id='block_1_9' title="bbox 312 2170 1164 2550">
    <p class='ocr_par' dir='ltr' id='par_1_16' title="bbox 312 2170 1161 2272">
     <span class='ocr_line' id='line_1_86' title="bbox 378 2170 1161 2200; baseline -0.003 -6"><span class='ocrx_word' id='word_1_593' title='bbox 378 2172 385 2186; x_wconf 75' lang='lat'>¹</span> <span class='ocrx_word' id='word_1_594' title='bbox 404 2172 454 2194; x_wconf 75' lang='lat' dir='ltr'>Vat.</span> <span class='ocrx_word' id='word_1_595' title='bbox 474 2178 528 2194; x_wconf 88' lang='lat' dir='ltr'>cum</span> <span class='ocrx_word' id='word_1_596' title='bbox 546 2171 596 2194; x_wconf 83' lang='lat' dir='ltr'>cod.</span> <span class='ocrx_word' id='word_1_597' title='bbox 615 2177 641 2193; x_wconf 83' lang='lat' dir='ltr'>cc</span> <span class='ocrx_word' id='word_1_598' title='bbox 659 2170 739 2193; x_wconf 87' lang='lat' dir='ltr'>ordine</span> <span class='ocrx_word' id='word_1_599' title='bbox 757 2171 849 2193; x_wconf 69' lang='lat' dir='ltr'>inverso</span> <span class='ocrx_word' id='word_1_600' title='bbox 867 2171 931 2199; x_wconf 86' lang='lat' dir='ltr'>ponit</span> <span class='ocrx_word' id='word_1_601' title='bbox 942 2171 979 2193; x_wconf 82' lang='grc'><strong>1110</strong></span> <span class='ocrx_word' id='word_1_602' title='bbox 990 2170 1101 2200; x_wconf 76' lang='lat' dir='ltr'>supponit</span> <span class='ocrx_word' id='word_1_603' title='bbox 1117 2176 1161 2199; x_wconf 86' lang='lat' dir='ltr'>pro</span> 
     </span>
     <span class='ocr_line' id='line_1_87' title="bbox 312 2209 1161 2241; baseline -0.004 -7"><span class='ocrx_word' id='word_1_604' title='bbox 312 2210 432 2241; x_wconf 61' lang='lat' dir='ltr'>significat</span> <span class='ocrx_word' id='word_1_605' title='bbox 448 2214 470 2233; x_wconf 86' lang='lat' dir='ltr'>et</span> <span class='ocrx_word' id='word_1_606' title='bbox 486 2217 539 2232; x_wconf 85' lang='lat' dir='ltr'>mox</span> <span class='ocrx_word' id='word_1_607' title='bbox 556 2209 675 2240; x_wconf 67' lang='lat' dir='ltr'>sigynz&#39;ficat</span> <span class='ocrx_word' id='word_1_608' title='bbox 691 2216 733 2238; x_wconf 82' lang='lat' dir='ltr'>pro</span> <span class='ocrx_word' id='word_1_609' title='bbox 745 2209 870 2239; x_wconf 76' lang='lat' dir='ltr'>supponit,</span> <span class='ocrx_word' id='word_1_610' title='bbox 885 2209 926 2231; x_wconf 76' lang='lat' dir='ltr'>scd</span> <span class='ocrx_word' id='word_1_611' title='bbox 943 2209 1034 2232; x_wconf 82' lang='lat' dir='ltr'>obstant</span> <span class='ocrx_word' id='word_1_612' title='bbox 1051 2210 1161 2237; x_wconf 80' lang='lat' dir='ltr'>antiquio-</span> 
     </span>
     <span class='ocr_line' id='line_1_88' title="bbox 312 2249 602 2272; baseline -0.003 0"><span class='ocrx_word' id='word_1_613' title='bbox 312 2257 350 2272; x_wconf 88' lang='lat' dir='ltr'>res</span> <span class='ocrx_word' id='word_1_614' title='bbox 367 2250 434 2272; x_wconf 85' lang='lat' dir='ltr'>codd.</span> <span class='ocrx_word' id='word_1_615' title='bbox 455 2256 508 2272; x_wconf 85' lang='lat' dir='ltr'>cum</span> <span class='ocrx_word' id='word_1_616' title='bbox 526 2249 562 2272; x_wconf 88' lang='lat' dir='ltr'>ed.</span> <span class='ocrx_word' id='word_1_617' title='bbox 582 2250 602 2271; x_wconf 82' lang='lat' dir='ltr'>l.</span> 
     </span>
    </p>

    <p class='ocr_par' dir='ltr' id='par_1_17' title="bbox 313 2287 1162 2355">
     <span class='ocr_line' id='line_1_89' title="bbox 375 2287 1162 2311; baseline -0.003 0"><span class='ocrx_word' id='word_1_618' title='bbox 375 2289 384 2303; x_wconf 78' lang='lat'>‘³</span> <span class='ocrx_word' id='word_1_619' title='bbox 402 2289 464 2311; x_wconf 82' lang='lat' dir='ltr'>Multi</span> <span class='ocrx_word' id='word_1_620' title='bbox 482 2288 549 2311; x_wconf 88' lang='lat' dir='ltr'>codd.</span> <span class='ocrx_word' id='word_1_621' title='bbox 567 2291 592 2310; x_wconf 92' lang='lat' dir='ltr'>ut</span> <span class='ocrx_word' id='word_1_622' title='bbox 609 2288 626 2310; x_wconf 79' lang='grc' dir='ltr'>Α</span> <span class='ocrx_word' id='word_1_623' title='bbox 636 2288 700 2310; x_wconf 89' lang='lat' dir='ltr'>CFG</span> <span class='ocrx_word' id='word_1_624' title='bbox 710 2288 716 2309; x_wconf 94' lang='lat'>1</span> <span class='ocrx_word' id='word_1_625' title='bbox 727 2289 746 2310; x_wconf 78' lang='lat' dir='ltr'>K</span> <span class='ocrx_word' id='word_1_626' title='bbox 757 2288 773 2309; x_wconf 98' lang='lat' dir='ltr'>L</span> <span class='ocrx_word' id='word_1_627' title='bbox 783 2287 825 2309; x_wconf 80' lang='lat' dir='ltr'>OS</span> <span class='ocrx_word' id='word_1_628' title='bbox 835 2288 852 2309; x_wconf 92' lang='lat' dir='ltr'>T</span> <span class='ocrx_word' id='word_1_629' title='bbox 864 2288 882 2309; x_wconf 94' lang='lat' dir='ltr'><strong>U</strong></span> <span class='ocrx_word' id='word_1_630' title='bbox 892 2288 921 2309; x_wconf 91' lang='lat' dir='ltr'>W</span> <span class='ocrx_word' id='word_1_631' title='bbox 931 2287 952 2309; x_wconf 83' lang='lat' dir='ltr'>X</span> <span class='ocrx_word' id='word_1_632' title='bbox 976 2290 1018 2310; x_wconf 87' lang='lat' dir='ltr'>cte.</span> <span class='ocrx_word' id='word_1_633' title='bbox 1044 2290 1077 2309; x_wconf 81' lang='lat' dir='ltr'>ter</span> <span class='ocrx_word' id='word_1_634' title='bbox 1102 2292 1162 2310; x_wconf 85' lang='lat' dir='ltr'>com-</span> 
     </span>
     <span class='ocr_line' id='line_1_90' title="bbox 313 2326 985 2355; baseline -0.004 -4"><span class='ocrx_word' id='word_1_635' title='bbox 313 2327 419 2351; x_wconf 78' lang='lat' dir='ltr'>munitas</span> <span class='ocrx_word' id='word_1_636' title='bbox 436 2328 486 2350; x_wconf 91' lang='lat' dir='ltr'>loco</span> <span class='ocrx_word' id='word_1_637' title='bbox 504 2326 747 2355; x_wconf 75' lang='lat' dir='ltr'>comntzmicabilitas,</span> <span class='ocrx_word' id='word_1_638' title='bbox 767 2327 808 2349; x_wconf 87' lang='lat' dir='ltr'>sed</span> <span class='ocrx_word' id='word_1_639' title='bbox 825 2327 902 2349; x_wconf 89' lang='lat' dir='ltr'>minus</span> <span class='ocrx_word' id='word_1_640' title='bbox 918 2326 985 2349; x_wconf 83' lang='lat' dir='ltr'>hene.</span> 
     </span>
    </p>

    <p class='ocr_par' dir='ltr' id='par_1_18' title="bbox 314 2364 1162 2436">
     <span class='ocr_line' id='line_1_91' title="bbox 375 2364 1162 2395; baseline -0.003 -6"><span class='ocrx_word' id='word_1_641' title='bbox 375 2366 385 2381; x_wconf 80' lang='lat'>³</span> <span class='ocrx_word' id='word_1_642' title='bbox 403 2368 512 2394; x_wconf 64' lang='lat' dir='ltr'>Ariston,</span> <span class='ocrx_word' id='word_1_643' title='bbox 536 2367 581 2388; x_wconf 83' lang='lat' dir='ltr'>Vll.</span> <span class='ocrx_word' id='word_1_644' title='bbox 608 2366 688 2394; x_wconf 84' lang='lat' dir='ltr'>Topic.</span> <span class='ocrx_word' id='word_1_645' title='bbox 714 2372 733 2388; x_wconf 89' lang='lat' dir='ltr'>c.</span> <span class='ocrx_word' id='word_1_646' title='bbox 755 2367 773 2387; x_wconf 96' lang='grc'>1.</span> <span class='ocrx_word' id='word_1_647' title='bbox 789 2377 822 2382; x_wconf 84' lang='lat'>-—</span> <span class='ocrx_word' id='word_1_648' title='bbox 838 2366 887 2387; x_wconf 85' lang='lat' dir='ltr'>Mox</span> <span class='ocrx_word' id='word_1_649' title='bbox 912 2368 964 2393; x_wconf 89' lang='lat' dir='ltr'>post</span> <span class='ocrx_word' id='word_1_650' title='bbox 987 2365 1044 2395; x_wconf 81' lang='lat' dir='ltr'>qaia</span> <span class='ocrx_word' id='word_1_651' title='bbox 1069 2365 1120 2387; x_wconf 71' lang='lat' dir='ltr'>cod,</span> <span class='ocrx_word' id='word_1_652' title='bbox 1144 2364 1162 2387; x_wconf 93' lang='grc' dir='ltr'>Ο</span> 
     </span>
     <span class='ocr_line' id='line_1_92' title="bbox 314 2405 566 2436; baseline -0.004 -7"><span class='ocrx_word' id='word_1_653' title='bbox 314 2406 377 2429; x_wconf 80' lang='lat' dir='ltr'>addit</span> <span class='ocrx_word' id='word_1_654' title='bbox 394 2405 509 2436; x_wconf 72' lang='lat' dir='ltr'>quidquid</span> <span class='ocrx_word' id='word_1_655' title='bbox 525 2406 566 2428; x_wconf 79' lang='lat' dir='ltr'>est.</span> 
     </span>
    </p>

    <p class='ocr_par' dir='ltr' id='par_1_19' title="bbox 315 2443 1164 2512">
     <span class='ocr_line' id='line_1_93' title="bbox 377 2443 1164 2472; baseline -0.003 -5"><span class='ocrx_word' id='word_1_656' title='bbox 377 2444 385 2459; x_wconf 70' lang='lat'><strong><em>⁴</em></strong></span> <span class='ocrx_word' id='word_1_657' title='bbox 403 2445 509 2472; x_wconf 64' lang='lat' dir='ltr'>Ariston,</span> <span class='ocrx_word' id='word_1_658' title='bbox 528 2444 556 2466; x_wconf 79' lang='lat' dir='ltr'>X.</span> <span class='ocrx_word' id='word_1_659' title='bbox 575 2444 672 2471; x_wconf 80' lang='lat' dir='ltr'>Metapn.</span> <span class='ocrx_word' id='word_1_660' title='bbox 691 2446 742 2465; x_wconf 83' lang='lat' dir='ltr'>text.</span> <span class='ocrx_word' id='word_1_661' title='bbox 765 2443 797 2465; x_wconf 91' lang='grc'><strong>1“5.</strong></span> <span class='ocrx_word' id='word_1_662' title='bbox 817 2443 863 2468; x_wconf 82' lang='lat' dir='ltr'>(IX.</span> <span class='ocrx_word' id='word_1_663' title='bbox 883 2449 901 2465; x_wconf 89' lang='lat' dir='ltr'>c.</span> <span class='ocrx_word' id='word_1_664' title='bbox 921 2443 964 2471; x_wconf 71' lang='lat'>4.):</span> <span class='ocrx_word' id='word_1_665' title='bbox 978 2443 1065 2465; x_wconf 89' lang='lat' dir='ltr'>Horum</span> <span class='ocrx_word' id='word_1_666' title='bbox 1083 2443 1164 2471; x_wconf 81' lang='lat' dir='ltr'>(oppo-</span> 
     </span>
     <span class='ocr_line' id='line_1_94' title="bbox 315 2483 714 2512; baseline -0.008 -5"><span class='ocrx_word' id='word_1_667' title='bbox 315 2486 420 2510; x_wconf 84' lang='lat' dir='ltr'>sitorum)</span> <span class='ocrx_word' id='word_1_668' title='bbox 440 2485 540 2512; x_wconf 85' lang='lat' dir='ltr'>primum</span> <span class='ocrx_word' id='word_1_669' title='bbox 558 2483 714 2506; x_wconf 79' lang='lat' dir='ltr'>contradictio.</span> 
     </span>
    </p>

    <p class='ocr_par' dir='ltr' id='par_1_20' title="bbox 378 2521 1163 2550">
     <span class='ocr_line' id='line_1_95' title="bbox 378 2521 1163 2550; baseline -0.001 -6"><span class='ocrx_word' id='word_1_670' title='bbox 378 2523 387 2537; x_wconf 80' lang='grc'><strong>5</strong></span> <span class='ocrx_word' id='word_1_671' title='bbox 399 2524 489 2545; x_wconf 76' lang='lat' dir='ltr'>Aristot.</span> <span class='ocrx_word' id='word_1_672' title='bbox 500 2540 505 2550; x_wconf 91' lang='lat'><strong>‚</strong></span> <span class='ocrx_word' id='word_1_673' title='bbox 519 2522 563 2544; x_wconf 81' lang='lat' dir='ltr'>vn.</span> <span class='ocrx_word' id='word_1_674' title='bbox 577 2522 673 2549; x_wconf 83' lang='lat' dir='ltr'>Metapli.</span> <span class='ocrx_word' id='word_1_675' title='bbox 687 2524 738 2544; x_wconf 81' lang='lat' dir='ltr'>text.</span> <span class='ocrx_word' id='word_1_676' title='bbox 751 2521 773 2543; x_wconf 94' lang='lat'>7.</span> <span class='ocrx_word' id='word_1_677' title='bbox 787 2521 832 2549; x_wconf 87' lang='lat' dir='ltr'>(Vl.</span> <span class='ocrx_word' id='word_1_678' title='bbox 850 2527 869 2543; x_wconf 90' lang='lat' dir='ltr'>c.</span> <span class='ocrx_word' id='word_1_679' title='bbox 883 2521 926 2549; x_wconf 82' lang='lat'>3.):</span> <span class='ocrx_word' id='word_1_680' title='bbox 940 2521 1075 2543; x_wconf 79' lang='lat' dir='ltr'>Subiectum</span> <span class='ocrx_word' id='word_1_681' title='bbox 1087 2524 1163 2543; x_wconf 81' lang='lat' dir='ltr'>autem</span> 
     </span>
    </p>
   </div>
   <div class='ocr_carea' id='block_1_10' title="bbox 316 2560 1194 2590">
    <p class='ocr_par' dir='ltr' id='par_1_21' title="bbox 316 2560 1194 2590">
     <span class='ocr_line' id='line_1_96' title="bbox 316 2560 1194 2590; baseline -0.003 -6"><span class='ocrx_word' id='word_1_682' title='bbox 316 2566 364 2589; x_wconf 83' lang='grc'><strong>051,</strong></span> <span class='ocrx_word' id='word_1_683' title='bbox 382 2562 411 2584; x_wconf 83' lang='grc'>(10</span> <span class='ocrx_word' id='word_1_684' title='bbox 423 2568 470 2590; x_wconf 83' lang='lat' dir='ltr'>quo</span> <span class='ocrx_word' id='word_1_685' title='bbox 487 2564 561 2584; x_wconf 81' lang='lat' dir='ltr'>cetera</span> <span class='ocrx_word' id='word_1_686' title='bbox 579 2561 694 2583; x_wconf 87' lang='lat' dir='ltr'>dicuntur.</span> <span class='ocrx_word' id='word_1_687' title='bbox 707 2560 752 2583; x_wconf 85' lang='lat' dir='ltr'>Csr.</span> <span class='ocrx_word' id='word_1_688' title='bbox 765 2563 787 2582; x_wconf 82' lang='lat' dir='ltr'>et</span> <span class='ocrx_word' id='word_1_689' title='bbox 798 2560 848 2582; x_wconf 87' lang='lat' dir='ltr'>libr.</span> <span class='ocrx_word' id='word_1_690' title='bbox 861 2560 1002 2582; x_wconf 81' lang='lat' dir='ltr'>Prachcam.</span> <span class='ocrx_word' id='word_1_691' title='bbox 1014 2561 1037 2581; x_wconf 86' lang='lat' dir='ltr'>in</span> <span class='ocrx_word' id='word_1_692' title='bbox 1049 2561 1121 2587; x_wconf 79' lang='lat' dir='ltr'>prInc.</span> <span class='ocrx_word' id='word_1_693' title='bbox 1134 2571 1165 2575; x_wconf 93' lang='lat'>—</span> <span class='ocrx_word' id='word_1_694' title='bbox 1192 2572 1194 2583; x_wconf 83' lang='lat'><em>.</em></span> 
     </span>
    </p>
   </div>
   <div class='ocr_carea' id='block_1_11' title="bbox 316 2598 1165 2667">
    <p class='ocr_par' dir='ltr' id='par_1_22' title="bbox 316 2598 1165 2667">
     <span class='ocr_line' id='line_1_97' title="bbox 316 2598 1165 2630; baseline -0.002 -7"><span class='ocrx_word' id='word_1_695' title='bbox 316 2602 386 2623; x_wconf 79' lang='lat' dir='ltr'>Paulo</span> <span class='ocrx_word' id='word_1_696' title='bbox 398 2604 449 2623; x_wconf 78' lang='lat' dir='ltr'>ante</span> <span class='ocrx_word' id='word_1_697' title='bbox 463 2603 514 2628; x_wconf 87' lang='lat' dir='ltr'>post</span> <span class='ocrx_word' id='word_1_698' title='bbox 526 2600 590 2630; x_wconf 77' lang='lat' dir='ltr'>qnod</span> <span class='ocrx_word' id='word_1_699' title='bbox 600 2606 678 2622; x_wconf 78' lang='lat' dir='ltr'>unum</span> <span class='ocrx_word' id='word_1_700' title='bbox 691 2600 742 2622; x_wconf 83' lang='lat' dir='ltr'>cod.</span> <span class='ocrx_word' id='word_1_701' title='bbox 755 2600 771 2621; x_wconf 82' lang='lat' dir='ltr'>Z</span> <span class='ocrx_word' id='word_1_702' title='bbox 784 2599 888 2627; x_wconf 82' lang='lat' dir='ltr'>adiungit</span> <span class='ocrx_word' id='word_1_703' title='bbox 898 2605 951 2622; x_wconf 76' lang='lat' dir='ltr'>vere</span> <span class='ocrx_word' id='word_1_704' title='bbox 963 2600 984 2621; x_wconf 75' lang='lat' dir='ltr'>et</span> <span class='ocrx_word' id='word_1_705' title='bbox 995 2598 1165 2626; x_wconf 71' lang='lat' dir='ltr'>essentialiter,-</span> 
     </span>
     <span class='ocr_line' id='line_1_98' title="bbox 316 2637 1163 2667; baseline -0.004 -5"><span class='ocrx_word' id='word_1_706' title='bbox 316 2640 367 2662; x_wconf 90' lang='lat' dir='ltr'>cod.</span> <span class='ocrx_word' id='word_1_707' title='bbox 386 2639 403 2661; x_wconf 91' lang='lat' dir='ltr'>O</span> <span class='ocrx_word' id='word_1_708' title='bbox 421 2646 476 2661; x_wconf 74' lang='lat' dir='ltr'>vcro</span> <span class='ocrx_word' id='word_1_709' title='bbox 495 2640 563 2667; x_wconf 81' lang='lat' dir='ltr'>paulo</span> <span class='ocrx_word' id='word_1_710' title='bbox 581 2640 636 2661; x_wconf 82' lang='lat' dir='ltr'>infra</span> <span class='ocrx_word' id='word_1_711' title='bbox 655 2642 708 2667; x_wconf 86' lang='lat' dir='ltr'>post</span> <span class='ocrx_word' id='word_1_712' title='bbox 719 2638 746 2661; x_wconf 75' lang='lat' dir='ltr'>cle</span> <span class='ocrx_word' id='word_1_713' title='bbox 758 2638 834 2661; x_wconf 79' lang='lat' dir='ltr'>altero</span> <span class='ocrx_word' id='word_1_714' title='bbox 852 2638 915 2660; x_wconf 85' lang='lat' dir='ltr'>addit</span> <span class='ocrx_word' id='word_1_715' title='bbox 931 2637 1087 2661; x_wconf 74' lang='lat' dir='ltr'>essentialiter</span> <span class='ocrx_word' id='word_1_716' title='bbox 1103 2640 1125 2660; x_wconf 83' lang='lat' dir='ltr'>ct</span> <span class='ocrx_word' id='word_1_717' title='bbox 1141 2639 1163 2659; x_wconf 91' lang='lat' dir='ltr'>in</span> 
     </span>
    </p>
   </div>
   <div class='ocr_carea' id='block_1_12' title="bbox 317 2677 1195 2711">
    <p class='ocr_par' dir='ltr' id='par_1_23' title="bbox 317 2677 1195 2711">
     <span class='ocr_line' id='line_1_99' title="bbox 317 2677 1195 2711; baseline -0.002 -10"><span class='ocrx_word' id='word_1_718' title='bbox 317 2679 361 2701; x_wconf 81' lang='lat' dir='ltr'>fine</span> <span class='ocrx_word' id='word_1_719' title='bbox 371 2680 501 2706; x_wconf 74' lang='lat' dir='ltr'>argumenti</span> <span class='ocrx_word' id='word_1_720' title='bbox 512 2678 579 2700; x_wconf 78' lang='lat' dir='ltr'>habet</span> <span class='ocrx_word' id='word_1_721' title='bbox 589 2684 645 2707; x_wconf 68' lang='lat' dir='ltr'>erqo</span> <span class='ocrx_word' id='word_1_722' title='bbox 655 2678 717 2701; x_wconf 78' lang='lat' dir='ltr'>sicut</span> <span class='ocrx_word' id='word_1_723' title='bbox 726 2678 788 2700; x_wconf 77' lang='lat' dir='ltr'>Dens</span> <span class='ocrx_word' id='word_1_724' title='bbox 797 2678 901 2706; x_wconf 65' lang='lat' dir='ltr'>penei-ul,</span> <span class='ocrx_word' id='word_1_725' title='bbox 914 2677 971 2706; x_wconf 79' lang='lat' dir='ltr'>qnia</span> <span class='ocrx_word' id='word_1_726' title='bbox 979 2677 1051 2700; x_wconf 78' lang='lat' dir='ltr'>Pater</span> <span class='ocrx_word' id='word_1_727' title='bbox 1059 2678 1164 2706; x_wconf 71' lang='lat' dir='ltr'>ycnerat.</span> <span class='ocrx_word' id='word_1_728' title='bbox 1193 2705 1195 2711; x_wconf 55' lang='lat'>‚</span> 
     </span>
    </p>
   </div>
   <div class='ocr_carea' id='block_1_13' title="bbox 318 2717 1167 2897">
    <p class='ocr_par' dir='ltr' id='par_1_24' title="bbox 318 2717 1167 2897">
     <span class='ocr_line' id='line_1_100' title="bbox 380 2717 1166 2745; baseline -0.003 -6"><span class='ocrx_word' id='word_1_729' title='bbox 380 2718 545 2745; x_wconf 53' lang='lat' dir='ltr'>⁶1x1·istot.‚l.</span> <span class='ocrx_word' id='word_1_730' title='bbox 574 2718 654 2745; x_wconf 88' lang='lat' dir='ltr'>Topic.</span> <span class='ocrx_word' id='word_1_731' title='bbox 683 2724 702 2739; x_wconf 82' lang='lat' dir='ltr'>c.</span> <span class='ocrx_word' id='word_1_732' title='bbox 731 2717 753 2739; x_wconf 84' lang='lat'>7.</span> <span class='ocrx_word' id='word_1_733' title='bbox 782 2717 811 2743; x_wconf 85' lang='lat' dir='ltr'>(c.</span> <span class='ocrx_word' id='word_1_734' title='bbox 830 2717 868 2744; x_wconf 85' lang='lat'>6.)</span> <span class='ocrx_word' id='word_1_735' title='bbox 887 2717 931 2738; x_wconf 83' lang='lat' dir='ltr'>ait:</span> <span class='ocrx_word' id='word_1_736' title='bbox 959 2717 1007 2738; x_wconf 86' lang='lat' dir='ltr'>Hoc</span> <span class='ocrx_word' id='word_1_737' title='bbox 1032 2717 1093 2738; x_wconf 74' lang='lat' dir='ltr'>enim</span> <span class='ocrx_word' id='word_1_738' title='bbox 1118 2718 1166 2738; x_wconf 82' lang='lat' dir='ltr'>erat</span> 
     </span>
     <span class='ocr_line' id='line_1_101' title="bbox 318 2755 1165 2785; baseline -0.004 -6"><span class='ocrx_word' id='word_1_739' title='bbox 318 2758 454 2785; x_wconf 70' lang='lat' dir='ltr'>propriumy</span> <span class='ocrx_word' id='word_1_740' title='bbox 473 2757 536 2785; x_wconf 85' lang='lat' dir='ltr'>quod</span> <span class='ocrx_word' id='word_1_741' title='bbox 552 2758 682 2779; x_wconf 69' lang='lat' dir='ltr'>conversiin</span> <span class='ocrx_word' id='word_1_742' title='bbox 702 2756 748 2783; x_wconf 86' lang='lat' dir='ltr'>(de</span> <span class='ocrx_word' id='word_1_743' title='bbox 766 2762 790 2778; x_wconf 84' lang='lat' dir='ltr'>re</span> <span class='ocrx_word' id='word_1_744' title='bbox 807 2757 856 2778; x_wconf 66' lang='lat' dir='ltr'>sive</span> <span class='ocrx_word' id='word_1_745' title='bbox 873 2755 994 2783; x_wconf 81' lang='lat' dir='ltr'>subiecto)</span> <span class='ocrx_word' id='word_1_746' title='bbox 1012 2755 1165 2783; x_wconf 81' lang='lat' dir='ltr'>praedicatur.</span> 
     </span>
     <span class='ocr_line' id='line_1_102' title="bbox 318 2794 1166 2822; baseline -0.004 -4"><span class='ocrx_word' id='word_1_747' title='bbox 318 2808 349 2812; x_wconf 90' lang='lat'>—</span> <span class='ocrx_word' id='word_1_748' title='bbox 367 2796 423 2818; x_wconf 83' lang='lat' dir='ltr'>Cod.</span> <span class='ocrx_word' id='word_1_749' title='bbox 442 2796 459 2817; x_wconf 76' lang='lat' dir='ltr'>M</span> <span class='ocrx_word' id='word_1_750' title='bbox 479 2796 543 2818; x_wconf 89' lang='lat' dir='ltr'>addit</span> <span class='ocrx_word' id='word_1_751' title='bbox 560 2797 595 2818; x_wconf 78' lang='lat' dir='ltr'>liic</span> <span class='ocrx_word' id='word_1_752' title='bbox 613 2795 677 2818; x_wconf 76' lang='lat' dir='ltr'>illius</span> <span class='ocrx_word' id='word_1_753' title='bbox 694 2794 797 2817; x_wconf 68' lang='lat' dir='ltr'>subiecti.</span> <span class='ocrx_word' id='word_1_754' title='bbox 821 2795 842 2816; x_wconf 90' lang='lat' dir='ltr'>ln</span> <span class='ocrx_word' id='word_1_755' title='bbox 855 2794 898 2816; x_wconf 77' lang='lat' dir='ltr'>tine</span> <span class='ocrx_word' id='word_1_756' title='bbox 911 2795 1040 2822; x_wconf 74' lang='lat' dir='ltr'>argumenti</span> <span class='ocrx_word' id='word_1_757' title='bbox 1053 2794 1103 2816; x_wconf 87' lang='lat' dir='ltr'>Vat.</span> <span class='ocrx_word' id='word_1_758' title='bbox 1116 2800 1166 2815; x_wconf 65' lang='lat' dir='ltr'>con&lt;</span> 
     </span>
     <span class='ocr_line' id='line_1_103' title="bbox 318 2833 1167 2863; baseline -0.004 -6"><span class='ocrx_word' id='word_1_759' title='bbox 318 2839 351 2857; x_wconf 81' lang='lat' dir='ltr'>tra</span> <span class='ocrx_word' id='word_1_760' title='bbox 370 2841 424 2856; x_wconf 80' lang='lat' dir='ltr'>mss.</span> <span class='ocrx_word' id='word_1_761' title='bbox 443 2838 464 2856; x_wconf 79' lang='lat' dir='ltr'>ct</span> <span class='ocrx_word' id='word_1_762' title='bbox 481 2834 518 2856; x_wconf 81' lang='lat' dir='ltr'>cd.</span> <span class='ocrx_word' id='word_1_763' title='bbox 541 2835 545 2856; x_wconf 85' lang='lat' dir='ltr'>t</span> <span class='ocrx_word' id='word_1_764' title='bbox 567 2840 623 2863; x_wconf 65' lang='lat' dir='ltr'>erpo</span> <span class='ocrx_word' id='word_1_765' title='bbox 641 2835 662 2857; x_wconf 74' lang='lat' dir='ltr'>ct</span> <span class='ocrx_word' id='word_1_766' title='bbox 678 2833 787 2856; x_wconf 71' lang='lat' dir='ltr'>similiter</span> <span class='ocrx_word' id='word_1_767' title='bbox 805 2833 847 2855; x_wconf 79' lang='lat' dir='ltr'>illa</span> <span class='ocrx_word' id='word_1_768' title='bbox 864 2834 899 2855; x_wconf 79' lang='lat' dir='ltr'>cst</span> <span class='ocrx_word' id='word_1_769' title='bbox 916 2839 970 2855; x_wconf 76' lang='lat' dir='ltr'>reru</span> <span class='ocrx_word' id='word_1_770' title='bbox 997 2839 1039 2861; x_wconf 89' lang='lat' dir='ltr'>pro</span> <span class='ocrx_word' id='word_1_771' title='bbox 1065 2838 1120 2861; x_wconf 65' lang='lat' dir='ltr'>erqo</span> <span class='ocrx_word' id='word_1_772' title='bbox 1146 2833 1167 2854; x_wconf 82' lang='lat' dir='ltr'>ct</span> 
     </span>
     <span class='ocr_line' id='line_1_104' title="bbox 319 2873 509 2897; baseline -0.005 0"><span class='ocrx_word' id='word_1_773' title='bbox 319 2874 375 2897; x_wconf 79' lang='lat' dir='ltr'>hacc</span> <span class='ocrx_word' id='word_1_774' title='bbox 392 2873 509 2896; x_wconf 69' lang='lat' dir='ltr'>similiter.</span> 
     </span>
    </p>
   </div>
   <div class='ocr_carea' id='block_1_14' title="bbox 1194 2168 2072 2899">
    <p class='ocr_par' dir='ltr' id='par_1_25' title="bbox 1218 2168 2072 2431">
     <span class='ocr_line' id='line_1_105' title="bbox 1280 2168 2068 2197; baseline -0.003 -5"><span class='ocrx_word' id='word_1_775' title='bbox 1280 2169 1290 2184; x_wconf 92' lang='lat'><strong>⁷</strong></span> <span class='ocrx_word' id='word_1_776' title='bbox 1307 2169 1352 2192; x_wconf 85' lang='lat' dir='ltr'>Csr.</span> <span class='ocrx_word' id='word_1_777' title='bbox 1370 2170 1477 2196; x_wconf 75' lang='lat' dir='ltr'>Aristot.,</span> <span class='ocrx_word' id='word_1_778' title='bbox 1496 2169 1532 2190; x_wconf 76' lang='lat' dir='ltr'>Vl.</span> <span class='ocrx_word' id='word_1_779' title='bbox 1551 2168 1631 2196; x_wconf 85' lang='lat' dir='ltr'>Topie.</span> <span class='ocrx_word' id='word_1_780' title='bbox 1649 2174 1668 2190; x_wconf 89' lang='lat' dir='ltr'>c.</span> <span class='ocrx_word' id='word_1_781' title='bbox 1687 2169 1707 2190; x_wconf 67' lang='lat' dir='ltr'>rl.</span> <span class='ocrx_word' id='word_1_782' title='bbox 1726 2168 1755 2196; x_wconf 88' lang='lat' dir='ltr'>(c.</span> <span class='ocrx_word' id='word_1_783' title='bbox 1779 2168 1826 2197; x_wconf 82' lang='lat'>3.),</span> <span class='ocrx_word' id='word_1_784' title='bbox 1852 2168 1892 2190; x_wconf 90' lang='lat' dir='ltr'>ubi</span> <span class='ocrx_word' id='word_1_785' title='bbox 1918 2168 2017 2191; x_wconf 84' lang='lat' dir='ltr'>ostendit</span> <span class='ocrx_word' id='word_1_786' title='bbox 2037 2168 2068 2190; x_wconf 90' lang='lat' dir='ltr'>ad</span> 
     </span>
     <span class='ocr_line' id='line_1_106' title="bbox 1218 2206 2070 2236; baseline -0.001 -6"><span class='ocrx_word' id='word_1_787' title='bbox 1218 2208 1304 2230; x_wconf 87' lang='lat' dir='ltr'>bonam</span> <span class='ocrx_word' id='word_1_788' title='bbox 1326 2208 1481 2230; x_wconf 79' lang='lat' dir='ltr'>definitionem</span> <span class='ocrx_word' id='word_1_789' title='bbox 1499 2208 1584 2236; x_wconf 79' lang='lat' dir='ltr'>requiri</span> <span class='ocrx_word' id='word_1_790' title='bbox 1597 2225 1602 2235; x_wconf 84' lang='lat'>,</span> <span class='ocrx_word' id='word_1_791' title='bbox 1620 2207 1683 2236; x_wconf 88' lang='lat' dir='ltr'>quod</span> <span class='ocrx_word' id='word_1_792' title='bbox 1708 2208 1758 2234; x_wconf 88' lang='lat' dir='ltr'>ipsa</span> <span class='ocrx_word' id='word_1_793' title='bbox 1784 2206 1916 2230; x_wconf 73' lang='lat' dir='ltr'>conversim</span> <span class='ocrx_word' id='word_1_794' title='bbox 1941 2207 2070 2235; x_wconf 85' lang='lat' dir='ltr'>praedicari</span> 
     </span>
     <span class='ocr_line' id='line_1_107' title="bbox 1219 2246 2070 2275; baseline -0.001 -6"><span class='ocrx_word' id='word_1_795' title='bbox 1219 2248 1291 2275; x_wconf 87' lang='lat' dir='ltr'>possit</span> <span class='ocrx_word' id='word_1_796' title='bbox 1308 2247 1337 2269; x_wconf 92' lang='lat' dir='ltr'>de</span> <span class='ocrx_word' id='word_1_797' title='bbox 1354 2246 1461 2274; x_wconf 76' lang='lat' dir='ltr'>definito3</span> <span class='ocrx_word' id='word_1_798' title='bbox 1479 2249 1501 2268; x_wconf 88' lang='lat' dir='ltr'>et</span> <span class='ocrx_word' id='word_1_799' title='bbox 1518 2247 1575 2268; x_wconf 86' lang='lat' dir='ltr'>Petr.</span> <span class='ocrx_word' id='word_1_800' title='bbox 1593 2246 1693 2274; x_wconf 35' lang='lat' dir='ltr'>Hispana</span> <span class='ocrx_word' id='word_1_801' title='bbox 1712 2246 1832 2268; x_wconf 70' lang='lat' dir='ltr'>summula</span> <span class='ocrx_word' id='word_1_802' title='bbox 1850 2248 1913 2268; x_wconf 86' lang='lat' dir='ltr'>tract.</span> <span class='ocrx_word' id='word_1_803' title='bbox 1932 2246 1960 2268; x_wconf 87' lang='lat' dir='ltr'>de</span> <span class='ocrx_word' id='word_1_804' title='bbox 1982 2246 2070 2274; x_wconf 71' lang='lat' dir='ltr'>Syllog.</span> 
     </span>
     <span class='ocr_line' id='line_1_108' title="bbox 1219 2284 2070 2315; baseline 0 -8"><span class='ocrx_word' id='word_1_805' title='bbox 1219 2287 1302 2314; x_wconf 82' lang='lat' dir='ltr'>topice.</span> <span class='ocrx_word' id='word_1_806' title='bbox 1323 2298 1355 2302; x_wconf 97' lang='lat'><strong>—</strong></span> <span class='ocrx_word' id='word_1_807' title='bbox 1371 2286 1420 2308; x_wconf 85' lang='lat' dir='ltr'>Vat.</span> <span class='ocrx_word' id='word_1_808' title='bbox 1439 2288 1517 2308; x_wconf 85' lang='lat' dir='ltr'>contra</span> <span class='ocrx_word' id='word_1_809' title='bbox 1536 2286 1649 2313; x_wconf 88' lang='lat' dir='ltr'>plurimos</span> <span class='ocrx_word' id='word_1_810' title='bbox 1667 2285 1735 2307; x_wconf 87' lang='lat' dir='ltr'>codd.</span> <span class='ocrx_word' id='word_1_811' title='bbox 1753 2288 1775 2308; x_wconf 83' lang='lat' dir='ltr'>ct</span> <span class='ocrx_word' id='word_1_812' title='bbox 1792 2285 1828 2308; x_wconf 88' lang='lat' dir='ltr'>ed.</span> <span class='ocrx_word' id='word_1_813' title='bbox 1848 2286 1855 2307; x_wconf 77' lang='lat' dir='ltr'>t</span> <span class='ocrx_word' id='word_1_814' title='bbox 1877 2284 1980 2315; x_wconf 72' lang='lat' dir='ltr'>definitio</span> <span class='ocrx_word' id='word_1_815' title='bbox 1997 2286 2018 2308; x_wconf 78' lang='lat' dir='ltr'>et</span> <span class='ocrx_word' id='word_1_816' title='bbox 2034 2284 2070 2308; x_wconf 82' lang='lat' dir='ltr'>de-</span> 
     </span>
     <span class='ocr_line' id='line_1_109' title="bbox 1218 2323 2069 2355; baseline -0.001 -8"><span class='ocrx_word' id='word_1_817' title='bbox 1218 2324 1332 2355; x_wconf 79' lang='lat' dir='ltr'>finitnm;</span> <span class='ocrx_word' id='word_1_818' title='bbox 1349 2325 1390 2347; x_wconf 86' lang='lat' dir='ltr'>sed</span> <span class='ocrx_word' id='word_1_819' title='bbox 1407 2327 1502 2352; x_wconf 86' lang='lat' dir='ltr'>propter</span> <span class='ocrx_word' id='word_1_820' title='bbox 1520 2325 1617 2346; x_wconf 81' lang='lat' dir='ltr'>sormam</span> <span class='ocrx_word' id='word_1_821' title='bbox 1635 2325 1765 2352; x_wconf 81' lang='lat' dir='ltr'>argumenti</span> <span class='ocrx_word' id='word_1_822' title='bbox 1783 2325 1860 2346; x_wconf 85' lang='lat' dir='ltr'>minus</span> <span class='ocrx_word' id='word_1_823' title='bbox 1876 2324 1942 2346; x_wconf 85' lang='lat' dir='ltr'>bene.</span> <span class='ocrx_word' id='word_1_824' title='bbox 1961 2323 2033 2347; x_wconf 85' lang='lat' dir='ltr'>Codd.</span> <span class='ocrx_word' id='word_1_825' title='bbox 2051 2323 2069 2346; x_wconf 92' lang='grc' dir='ltr'>Ο</span> 
     </span>
     <span class='ocr_line' id='line_1_110' title="bbox 1220 2363 2072 2390; baseline -0.001 -4"><span class='ocrx_word' id='word_1_826' title='bbox 1220 2364 1236 2385; x_wconf 86' lang='grc' dir='ltr'><strong>Ζ</strong></span> <span class='ocrx_word' id='word_1_827' title='bbox 1246 2364 1334 2386; x_wconf 91' lang='lat' dir='ltr'>addunt</span> <span class='ocrx_word' id='word_1_828' title='bbox 1343 2364 1364 2386; x_wconf 76' lang='lat' dir='ltr'>ct</span> <span class='ocrx_word' id='word_1_829' title='bbox 1373 2369 1384 2386; x_wconf 81' lang='lat' dir='ltr'>e</span> <span class='ocrx_word' id='word_1_830' title='bbox 1393 2369 1513 2386; x_wconf 77' lang='lat' dir='ltr'>converso.</span> <span class='ocrx_word' id='word_1_831' title='bbox 1531 2363 1601 2385; x_wconf 87' lang='lat' dir='ltr'>Paulo</span> <span class='ocrx_word' id='word_1_832' title='bbox 1618 2363 1676 2385; x_wconf 80' lang='lat' dir='ltr'>intra</span> <span class='ocrx_word' id='word_1_833' title='bbox 1688 2363 1753 2385; x_wconf 87' lang='lat' dir='ltr'>multi</span> <span class='ocrx_word' id='word_1_834' title='bbox 1766 2363 1833 2385; x_wconf 89' lang='lat' dir='ltr'>codd.</span> <span class='ocrx_word' id='word_1_835' title='bbox 1846 2369 1900 2385; x_wconf 89' lang='lat' dir='ltr'>cum</span> <span class='ocrx_word' id='word_1_836' title='bbox 1911 2363 1948 2385; x_wconf 87' lang='lat' dir='ltr'>ed.</span> <span class='ocrx_word' id='word_1_837' title='bbox 1962 2363 1970 2384; x_wconf 77' lang='lat' dir='ltr'>i</span> <span class='ocrx_word' id='word_1_838' title='bbox 1986 2363 2072 2390; x_wconf 77' lang='lat' dir='ltr'>postet</span> 
     </span>
     <span class='ocr_line' id='line_1_111' title="bbox 1220 2401 2070 2431; baseline -0.001 -6"><span class='ocrx_word' id='word_1_839' title='bbox 1220 2402 1278 2426; x_wconf 77' lang='lat' dir='ltr'>liaeo</span> <span class='ocrx_word' id='word_1_840' title='bbox 1295 2403 1402 2425; x_wconf 87' lang='lat' dir='ltr'>omittunt</span> <span class='ocrx_word' id='word_1_841' title='bbox 1418 2402 1462 2425; x_wconf 78' lang='lat' dir='ltr'>crit</span> <span class='ocrx_word' id='word_1_842' title='bbox 1480 2408 1549 2425; x_wconf 77' lang='lat' dir='ltr'>vera:</span> <span class='ocrx_word' id='word_1_843' title='bbox 1568 2402 1618 2424; x_wconf 85' lang='lat' dir='ltr'>cod.</span> <span class='ocrx_word' id='word_1_844' title='bbox 1631 2403 1649 2424; x_wconf 87' lang='lat' dir='ltr'>H</span> <span class='ocrx_word' id='word_1_845' title='bbox 1662 2402 1731 2424; x_wconf 83' lang='lat' dir='ltr'>babet</span> <span class='ocrx_word' id='word_1_846' title='bbox 1747 2408 1803 2431; x_wconf 73' lang='lat' dir='ltr'>erqo</span> <span class='ocrx_word' id='word_1_847' title='bbox 1816 2403 1838 2425; x_wconf 81' lang='lat' dir='ltr'>et</span> <span class='ocrx_word' id='word_1_848' title='bbox 1848 2401 1922 2425; x_wconf 85' lang='lat' dir='ltr'>haec:</span> <span class='ocrx_word' id='word_1_849' title='bbox 1934 2401 2015 2424; x_wconf 72' lang='lat' dir='ltr'>dit-ina</span> <span class='ocrx_word' id='word_1_850' title='bbox 2026 2404 2070 2424; x_wconf 85' lang='grc'><strong>010.</strong></span> 
     </span>
    </p>

    <p class='ocr_par' dir='ltr' id='par_1_26' title="bbox 1220 2439 2071 2588">
     <span class='ocr_line' id='line_1_112' title="bbox 1285 2439 2068 2469; baseline -0.001 -5"><span class='ocrx_word' id='word_1_851' title='bbox 1285 2441 1295 2456; x_wconf 74' lang='lat'><strong>⁸</strong></span> <span class='ocrx_word' id='word_1_852' title='bbox 1313 2442 1352 2464; x_wconf 87' lang='lat' dir='ltr'>Ed.</span> <span class='ocrx_word' id='word_1_853' title='bbox 1375 2442 1379 2463; x_wconf 96' lang='grc'>1</span> <span class='ocrx_word' id='word_1_854' title='bbox 1401 2443 1485 2464; x_wconf 75' lang='lat' dir='ltr'>nostra</span> <span class='ocrx_word' id='word_1_855' title='bbox 1502 2448 1545 2469; x_wconf 85' lang='lat' dir='ltr'>pro</span> <span class='ocrx_word' id='word_1_856' title='bbox 1564 2447 1625 2464; x_wconf 70' lang='lat' dir='ltr'>vera.</span> <span class='ocrx_word' id='word_1_857' title='bbox 1644 2442 1713 2463; x_wconf 84' lang='lat' dir='ltr'>Paulo</span> <span class='ocrx_word' id='word_1_858' title='bbox 1730 2442 1786 2463; x_wconf 78' lang='lat' dir='ltr'>infra</span> <span class='ocrx_word' id='word_1_859' title='bbox 1804 2441 1872 2464; x_wconf 89' lang='lat' dir='ltr'>codd.</span> <span class='ocrx_word' id='word_1_860' title='bbox 1890 2442 1909 2463; x_wconf 77' lang='lat' dir='ltr'>V</span> <span class='ocrx_word' id='word_1_861' title='bbox 1921 2441 1981 2463; x_wconf 77' lang='lat' dir='ltr'>WX</span> <span class='ocrx_word' id='word_1_862' title='bbox 1999 2443 2020 2463; x_wconf 86' lang='lat' dir='ltr'>et</span> <span class='ocrx_word' id='word_1_863' title='bbox 2036 2439 2068 2463; x_wconf 75' lang='lat' dir='ltr'>ica</span> 
     </span>
     <span class='ocr_line' id='line_1_113' title="bbox 1220 2478 2071 2510; baseline -0.001 -7"><span class='ocrx_word' id='word_1_864' title='bbox 1220 2487 1314 2509; x_wconf 70' lang='lat' dir='ltr'>unam,</span> <span class='ocrx_word' id='word_1_865' title='bbox 1334 2480 1398 2510; x_wconf 77' lang='lat' dir='ltr'>qaod</span> <span class='ocrx_word' id='word_1_866' title='bbox 1415 2480 1508 2503; x_wconf 80' lang='lat' dir='ltr'>trinitas</span> <span class='ocrx_word' id='word_1_867' title='bbox 1525 2486 1573 2503; x_wconf 82' lang='lat' dir='ltr'>non</span> <span class='ocrx_word' id='word_1_868' title='bbox 1590 2480 1761 2510; x_wconf 75' lang='lat' dir='ltr'>confunditur,</span> <span class='ocrx_word' id='word_1_869' title='bbox 1779 2481 1801 2503; x_wconf 76' lang='lat' dir='ltr'>et</span> <span class='ocrx_word' id='word_1_870' title='bbox 1816 2480 1851 2503; x_wconf 82' lang='lat' dir='ltr'>ita</span> <span class='ocrx_word' id='word_1_871' title='bbox 1873 2479 1980 2508; x_wconf 78' lang='lat' dir='ltr'>trinum,</span> <span class='ocrx_word' id='word_1_872' title='bbox 2008 2478 2071 2509; x_wconf 81' lang='lat' dir='ltr'>quod</span> 
     </span>
     <span class='ocr_line' id='line_1_114' title="bbox 1220 2518 2070 2548; baseline -0.002 -6"><span class='ocrx_word' id='word_1_873' title='bbox 1220 2519 1301 2543; x_wconf 80' lang='lat' dir='ltr'>unitas</span> <span class='ocrx_word' id='word_1_874' title='bbox 1310 2529 1319 2548; x_wconf 57' lang='grc' dir='ltr'><strong><em>ς</em></strong></span> <span class='ocrx_word' id='word_1_875' title='bbox 1336 2520 1401 2542; x_wconf 82' lang='lat' dir='ltr'>lectio</span> <span class='ocrx_word' id='word_1_876' title='bbox 1420 2522 1479 2542; x_wconf 82' lang='lat' dir='ltr'>certe</span> <span class='ocrx_word' id='word_1_877' title='bbox 1498 2519 1575 2548; x_wconf 88' lang='lat' dir='ltr'>quoad</span> <span class='ocrx_word' id='word_1_878' title='bbox 1592 2525 1686 2542; x_wconf 80' lang='lat' dir='ltr'>sensum</span> <span class='ocrx_word' id='word_1_879' title='bbox 1700 2519 1856 2547; x_wconf 79' lang='lat' dir='ltr'>praeferenda.</span> <span class='ocrx_word' id='word_1_880' title='bbox 1869 2519 1918 2541; x_wconf 83' lang='lat' dir='ltr'>Mox</span> <span class='ocrx_word' id='word_1_881' title='bbox 1930 2518 1981 2541; x_wconf 91' lang='lat' dir='ltr'>cod.</span> <span class='ocrx_word' id='word_1_882' title='bbox 1997 2518 2070 2540; x_wconf 85' lang='lat' dir='ltr'>icum</span> 
     </span>
     <span class='ocr_line' id='line_1_115' title="bbox 1222 2557 1580 2588; baseline 0.003 -8"><span class='ocrx_word' id='word_1_883' title='bbox 1222 2559 1258 2581; x_wconf 85' lang='lat' dir='ltr'>ed.</span> <span class='ocrx_word' id='word_1_884' title='bbox 1281 2559 1286 2580; x_wconf 97' lang='grc'>1</span> <span class='ocrx_word' id='word_1_885' title='bbox 1309 2561 1360 2586; x_wconf 80' lang='lat' dir='ltr'>post</span> <span class='ocrx_word' id='word_1_886' title='bbox 1376 2564 1432 2588; x_wconf 68' lang='lat' dir='ltr'>erpo</span> <span class='ocrx_word' id='word_1_887' title='bbox 1450 2558 1514 2580; x_wconf 80' lang='lat' dir='ltr'>addit</span> <span class='ocrx_word' id='word_1_888' title='bbox 1530 2557 1580 2581; x_wconf 83' lang='lat' dir='ltr'>hoc.</span> 
     </span>
    </p>

    <p class='ocr_par' dir='ltr' id='par_1_27' title="bbox 1222 2595 2072 2704">
     <span class='ocr_line' id='line_1_116' title="bbox 1284 2595 2069 2625; baseline -0.003 -5"><span class='ocrx_word' id='word_1_889' title='bbox 1284 2598 1294 2612; x_wconf 69' lang='lat'><strong>9</strong></span> <span class='ocrx_word' id='word_1_890' title='bbox 1310 2597 1382 2620; x_wconf 89' lang='lat' dir='ltr'>Codd.</span> <span class='ocrx_word' id='word_1_891' title='bbox 1401 2597 1472 2619; x_wconf 82' lang='lat' dir='ltr'>VXZ</span> <span class='ocrx_word' id='word_1_892' title='bbox 1490 2597 1585 2620; x_wconf 79' lang='lat' dir='ltr'>omnino</span> <span class='ocrx_word' id='word_1_893' title='bbox 1604 2603 1646 2625; x_wconf 86' lang='lat' dir='ltr'>pro</span> <span class='ocrx_word' id='word_1_894' title='bbox 1664 2596 1749 2620; x_wconf 79' lang='lat' dir='ltr'>oratio.</span> <span class='ocrx_word' id='word_1_895' title='bbox 1767 2597 1837 2619; x_wconf 83' lang='lat' dir='ltr'>Paulo</span> <span class='ocrx_word' id='word_1_896' title='bbox 1855 2597 1912 2619; x_wconf 83' lang='lat' dir='ltr'>infra</span> <span class='ocrx_word' id='word_1_897' title='bbox 1930 2596 1981 2619; x_wconf 88' lang='lat' dir='ltr'>cod.</span> <span class='ocrx_word' id='word_1_898' title='bbox 2000 2596 2017 2618; x_wconf 93' lang='lat' dir='ltr'>T</span> <span class='ocrx_word' id='word_1_899' title='bbox 2032 2595 2069 2623; x_wconf 88' lang='lat' dir='ltr'>(ab</span> 
     </span>
     <span class='ocr_line' id='line_1_117' title="bbox 1222 2635 2072 2665; baseline -0.002 -6"><span class='ocrx_word' id='word_1_900' title='bbox 1222 2637 1291 2659; x_wconf 82' lang='lat' dir='ltr'>altera</span> <span class='ocrx_word' id='word_1_901' title='bbox 1309 2643 1377 2658; x_wconf 87' lang='lat' dir='ltr'>manu</span> <span class='ocrx_word' id='word_1_902' title='bbox 1396 2638 1522 2664; x_wconf 80' lang='lat' dir='ltr'>correctus)</span> <span class='ocrx_word' id='word_1_903' title='bbox 1535 2635 1620 2665; x_wconf 74' lang='lat' dir='ltr'>quibus</span> <span class='ocrx_word' id='word_1_904' title='bbox 1632 2642 1679 2659; x_wconf 86' lang='lat' dir='ltr'>non</span> <span class='ocrx_word' id='word_1_905' title='bbox 1692 2635 1879 2665; x_wconf 74' lang='lat' dir='ltr'>distinyzterctw·</span> <span class='ocrx_word' id='word_1_906' title='bbox 1890 2636 1939 2657; x_wconf 83' lang='lat' dir='ltr'>loco</span> <span class='ocrx_word' id='word_1_907' title='bbox 1951 2641 2011 2664; x_wconf 81' lang='lat' dir='ltr'>quac</span> <span class='ocrx_word' id='word_1_908' title='bbox 2022 2640 2072 2657; x_wconf 77' lang='lat' dir='ltr'>non</span> 
     </span>
     <span class='ocr_line' id='line_1_118' title="bbox 1222 2675 1432 2704; baseline -0.01 -6"><span class='ocrx_word' id='word_1_909' title='bbox 1222 2675 1432 2704; x_wconf 69' lang='lat' dir='ltr'>distinqnercntnr.</span> 
     </span>
    </p>

    <p class='ocr_par' dir='ltr' id='par_1_28' title="bbox 1222 2713 2070 2782">
     <span class='ocr_line' id='line_1_119' title="bbox 1285 2713 2070 2742; baseline -0.003 -6"><span class='ocrx_word' id='word_1_910' title='bbox 1285 2714 1304 2728; x_wconf 81' lang='lat'>¹0</span> <span class='ocrx_word' id='word_1_911' title='bbox 1321 2714 1371 2736; x_wconf 77' lang='lat' dir='ltr'>Vat.</span> <span class='ocrx_word' id='word_1_912' title='bbox 1389 2717 1467 2736; x_wconf 78' lang='lat' dir='ltr'>contra</span> <span class='ocrx_word' id='word_1_913' title='bbox 1485 2715 1625 2742; x_wconf 83' lang='lat' dir='ltr'>antiquiores</span> <span class='ocrx_word' id='word_1_914' title='bbox 1642 2720 1696 2736; x_wconf 86' lang='lat' dir='ltr'>mss.</span> <span class='ocrx_word' id='word_1_915' title='bbox 1714 2717 1737 2736; x_wconf 81' lang='lat' dir='ltr'>et</span> <span class='ocrx_word' id='word_1_916' title='bbox 1753 2714 1790 2735; x_wconf 80' lang='lat' dir='ltr'>cd.</span> <span class='ocrx_word' id='word_1_917' title='bbox 1813 2714 1817 2735; x_wconf 98' lang='grc' dir='ltr'>Ι</span> <span class='ocrx_word' id='word_1_918' title='bbox 1840 2713 1966 2741; x_wconf 83' lang='lat' dir='ltr'>transponit</span> <span class='ocrx_word' id='word_1_919' title='bbox 1983 2718 2027 2734; x_wconf 90' lang='lat' dir='ltr'>non</span> <span class='ocrx_word' id='word_1_920' title='bbox 2040 2713 2070 2734; x_wconf 87' lang='lat' dir='ltr'>ita</span> 
     </span>
     <span class='ocr_line' id='line_1_120' title="bbox 1222 2752 1802 2782; baseline -0.002 -7"><span class='ocrx_word' id='word_1_921' title='bbox 1222 2753 1280 2775; x_wconf 80' lang='lat' dir='ltr'>bene</span> <span class='ocrx_word' id='word_1_922' title='bbox 1298 2759 1344 2776; x_wconf 79' lang='lat' dir='ltr'>nori</span> <span class='ocrx_word' id='word_1_923' title='bbox 1362 2752 1474 2782; x_wconf 75' lang='lat' dir='ltr'>supponit</span> <span class='ocrx_word' id='word_1_924' title='bbox 1489 2752 1585 2775; x_wconf 69' lang='lat' dir='ltr'>ommino</span> <span class='ocrx_word' id='word_1_925' title='bbox 1602 2752 1649 2775; x_wconf 82' lang='lat' dir='ltr'>nisi</span> <span class='ocrx_word' id='word_1_926' title='bbox 1665 2752 1802 2781; x_wconf 75' lang='lat' dir='ltr'>improprie.</span> 
     </span>
    </p>

    <p class='ocr_par' dir='ltr' id='par_1_29' title="bbox 1194 2790 2070 2899">
     <span class='ocr_line' id='line_1_121' title="bbox 1194 2790 2070 2828; baseline -0.003 -14"><span class='ocrx_word' id='word_1_927' title='bbox 1194 2817 1196 2828; x_wconf 19' lang='grc' dir='ltr'>ἱ</span> <span class='ocrx_word' id='word_1_928' title='bbox 1287 2791 1304 2805; x_wconf 82' lang='lat'>1¹</span> <span class='ocrx_word' id='word_1_929' title='bbox 1323 2791 1394 2814; x_wconf 86' lang='lat' dir='ltr'>Codd.</span> <span class='ocrx_word' id='word_1_930' title='bbox 1413 2792 1431 2813; x_wconf 81' lang='lat' dir='ltr'><strong>M</strong></span> <span class='ocrx_word' id='word_1_931' title='bbox 1443 2792 1487 2813; x_wconf 78' lang='lat' dir='ltr'>YZ</span> <span class='ocrx_word' id='word_1_932' title='bbox 1505 2793 1541 2814; x_wconf 82' lang='lat' dir='ltr'>hic</span> <span class='ocrx_word' id='word_1_933' title='bbox 1558 2792 1646 2814; x_wconf 88' lang='lat' dir='ltr'>addunt</span> <span class='ocrx_word' id='word_1_934' title='bbox 1662 2791 1700 2814; x_wconf 72' lang='lat' dir='ltr'>vel</span> <span class='ocrx_word' id='word_1_935' title='bbox 1716 2791 1838 2820; x_wconf 77' lang='lat' dir='ltr'>sapientia.</span> <span class='ocrx_word' id='word_1_936' title='bbox 1857 2791 1906 2813; x_wconf 83' lang='lat' dir='ltr'>Mox</span> <span class='ocrx_word' id='word_1_937' title='bbox 1923 2790 1973 2812; x_wconf 85' lang='lat' dir='ltr'>Vat.</span> <span class='ocrx_word' id='word_1_938' title='bbox 1991 2792 2070 2812; x_wconf 88' lang='lat' dir='ltr'>contra</span> 
     </span>
     <span class='ocr_line' id='line_1_122' title="bbox 1194 2828 2070 2860; baseline -0.002 -8"><span class='ocrx_word' id='word_1_939' title='bbox 1194 2835 1196 2860; x_wconf 52' lang='lat' dir='ltr'>j</span> <span class='ocrx_word' id='word_1_940' title='bbox 1224 2832 1361 2853; x_wconf 67' lang='lat' dir='ltr'>vetustiores</span> <span class='ocrx_word' id='word_1_941' title='bbox 1383 2831 1450 2853; x_wconf 85' lang='lat' dir='ltr'>codd.</span> <span class='ocrx_word' id='word_1_942' title='bbox 1468 2834 1488 2853; x_wconf 86' lang='lat' dir='ltr'>ct</span> <span class='ocrx_word' id='word_1_943' title='bbox 1506 2831 1541 2853; x_wconf 79' lang='lat' dir='ltr'>cd.</span> <span class='ocrx_word' id='word_1_944' title='bbox 1565 2832 1568 2852; x_wconf 97' lang='grc' dir='ltr'>Ι</span> <span class='ocrx_word' id='word_1_945' title='bbox 1591 2832 1672 2853; x_wconf 81' lang='lat' dir='ltr'>omittit</span> <span class='ocrx_word' id='word_1_946' title='bbox 1688 2830 1729 2853; x_wconf 80' lang='lat' dir='ltr'>sed</span> <span class='ocrx_word' id='word_1_947' title='bbox 1748 2836 1794 2853; x_wconf 83' lang='lat' dir='ltr'>non</span> <span class='ocrx_word' id='word_1_948' title='bbox 1814 2828 1976 2857; x_wconf 51' lang='lat' dir='ltr'>extenderam</span> <span class='ocrx_word' id='word_1_949' title='bbox 1988 2828 2038 2851; x_wconf 90' lang='lat' dir='ltr'>cod.</span> <span class='ocrx_word' id='word_1_950' title='bbox 2052 2828 2070 2850; x_wconf 93' lang='grc' dir='ltr'><strong>Ο</strong></span> 
     </span>
     <span class='ocr_line' id='line_1_123' title="bbox 1194 2868 1779 2899; baseline 0 -8"><span class='ocrx_word' id='word_1_951' title='bbox 1194 2868 1196 2891; x_wconf 79' lang='lat' dir='ltr'>i</span> <span class='ocrx_word' id='word_1_952' title='bbox 1224 2870 1274 2893; x_wconf 73' lang='lat' dir='ltr'>ideo</span> <span class='ocrx_word' id='word_1_953' title='bbox 1291 2871 1324 2892; x_wconf 76' lang='lat' dir='ltr'>est</span> <span class='ocrx_word' id='word_1_954' title='bbox 1341 2869 1505 2899; x_wconf 69' lang='lat' dir='ltr'>dt‘stinyiwmlo</span> <span class='ocrx_word' id='word_1_955' title='bbox 1524 2871 1545 2892; x_wconf 75' lang='lat' dir='ltr'>et</span> <span class='ocrx_word' id='word_1_956' title='bbox 1562 2875 1607 2892; x_wconf 80' lang='lat' dir='ltr'>non</span> <span class='ocrx_word' id='word_1_957' title='bbox 1626 2869 1779 2892; x_wconf 56' lang='lat' dir='ltr'>erlendemla.</span> 
     </span>
    </p>
   </div>
   <div class='ocr_carea' id='block_1_15' title="bbox 1186 186 1197 2816">
    <p class='ocr_par' dir='ltr' id='par_1_30' title="bbox 1186 186 1197 2816">
     <span class='ocr_line' id='line_1_124' title="bbox 1186 186 1197 2816; baseline 0 0"><span class='ocrx_word' id='word_1_958' title='bbox 1186 186 1197 2816; x_wconf 95' lang='lat' dir='ltr'> </span> 
     </span>
    </p>
   </div>
   <div class='ocr_carea' id='block_1_16' title="bbox 2075 1164 2211 1229">
    <p class='ocr_par' dir='ltr' id='par_1_31' title="bbox 2075 1164 2211 1229">
     <span class='ocr_line' id='line_1_125' title="bbox 2078 1164 2207 1190; baseline 0 -8"><span class='ocrx_word' id='word_1_959' title='bbox 2078 1164 2124 1190; x_wconf 73' lang='lat' dir='ltr'>Tria</span> <span class='ocrx_word' id='word_1_960' title='bbox 2136 1168 2207 1186; x_wconf 72' lang='lat' dir='ltr'>genera</span> 
     </span>
     <span class='ocr_line' id='line_1_126' title="bbox 2075 1192 2211 1214; baseline 0.007 -9"><span class='ocrx_word' id='word_1_961' title='bbox 2075 1192 2211 1214; x_wconf 47' lang='lat' dir='ltr'>nominumgs-</span> 
     </span>
     <span class='ocr_line' id='line_1_127' title="bbox 2079 1213 2195 1229; baseline 0.009 -1"><span class='ocrx_word' id='word_1_962' title='bbox 2079 1213 2158 1229; x_wconf 68' lang='lat' dir='ltr'>sennam</span> <span class='ocrx_word' id='word_1_963' title='bbox 2170 1216 2195 1229; x_wconf 81' lang='lat'>51—</span> 
     </span>
    </p>
   </div>
   <div class='ocr_carea' id='block_1_17' title="bbox 2090 1234 2179 1277">
    <p class='ocr_par' dir='ltr' id='par_1_32' title="bbox 2090 1234 2179 1277">
     <span class='ocr_line' id='line_1_128' title="bbox 2091 1234 2179 1261; baseline 0.011 -9"><span class='ocrx_word' id='word_1_964' title='bbox 2091 1234 2179 1261; x_wconf 76' lang='lat' dir='ltr'>gnifican-</span> 
     </span>
     <span class='ocr_line' id='line_1_129' title="bbox 2090 1260 2144 1277; baseline 0 -1"><span class='ocrx_word' id='word_1_965' title='bbox 2090 1260 2144 1277; x_wconf 82' lang='lat' dir='ltr'>tium.</span> 
     </span>
    </p>
   </div>
   <div class='ocr_carea' id='block_1_18' title="bbox 2081 1818 2188 1862">
    <p class='ocr_par' dir='ltr' id='par_1_33' title="bbox 2081 1818 2188 1862">
     <span class='ocr_line' id='line_1_130' title="bbox 2088 1818 2186 1837; baseline 0.01 -1"><span class='ocrx_word' id='word_1_966' title='bbox 2088 1818 2186 1837; x_wconf 80' lang='lat' dir='ltr'>Conclusio</span> 
     </span>
     <span class='ocr_line' id='line_1_131' title="bbox 2081 1842 2188 1862; baseline 0.009 -3"><span class='ocrx_word' id='word_1_967' title='bbox 2081 1842 2188 1862; x_wconf 67' lang='lat' dir='ltr'>tripartita.</span> 
     </span>
    </p>
   </div>
  </div>
 </body>
</html>
