2253 3317
283 155 303 183 ΙΙ
965 157 1143 185 ΡΗΛΕΡᾹΤΙΟ
1165 156 1350 200 (ἓΕΝΕΗᾼΙᾸὸ.

283 232 543 277 devotionem,
572 232 722 266 devotio
748 233 901 267 instruit
927 233 1186 267 doctrinam».
1222 232 1336 268 «Sint
1362 233 1479 278 igitur
1504 233 1569 267 alii
1595 234 1774 281 doctores,
1803 235 1868 281 qui
1893 235 2021 269 dican-

282 294 342 324 tur
368 289 592 336 Cherubici3
619 290 884 325 Bonaventura
909 296 1036 325 autem
1063 292 1257 326 verissimo
1284 291 1435 325 nomine
1463 290 1687 337 Seraphicus
1713 293 1826 327 simul
1858 298 1895 327 et
1928 293 2020 329 Che-

281 348 456 394 rubicus,
485 349 573 395 quia
599 348 808 383 inflammat
832 349 1012 384 affectum
1038 354 1075 384 et
1092 350 1215 384 erudit
1232 349 1485 395 intellectum,
1506 349 1652 384 reducit
1669 355 1706 384 et
1723 351 1807 385 unit
1832 351 1879 385 ad
1898 351 2020 386 Deum

281 418 348 452 per
374 418 539 440 amorem
566 407 813 441 excitativum
831 407 839 425 ¹
858 422 889 442 ».

376 464 499 499 Huius
524 465 642 510 igitur
667 465 956 500 eminentissimi
983 470 1020 499 et
1045 466 1273 501 sanctissimi
1298 467 1369 500 viri
1396 478 1509 512 opera
1534 466 1658 500 omnia
1685 470 1727 500 ut
1753 467 1861 501 novis
1887 467 2022 501 studiis

282 527 318 556 et
342 523 433 557 artis
460 523 610 557 criticae
638 523 817 558 subsidiis
843 523 1026 570 cribrata,
1054 529 1185 570 aucta,
1214 525 1396 570 castigata
1423 529 1460 558 et
1486 524 1673 559 illustrata
1699 524 1880 558 (1011110111
1898 525 2020 559 lucem

281 580 495 627 prodirent,
523 581 597 615 iam
625 581 769 616 dudum
794 582 950 628 plurimi
976 583 1047 617 viri
1073 583 1209 617 eruditi
1236 583 1275 616 in
1314 583 1411 617 votis
1442 582 1665 617 habuerunt.
1704 582 1873 617 Arduam
1910 583 2022 618 huius

281 638 457 673 editionis
483 639 670 685 parandae
697 641 933 686 provinciam
958 641 1114 687 speciali
1140 640 1252 675 titulo
1277 641 1325 675 ad
1352 640 1544 687 Seraphici
1572 640 1724 676 Ordinis
1751 646 1788 675 et
1822 641 1880 675 ius
1906 645 1943 675 et
1968 641 2023 675 of-

281 696 411 730 ficium
437 702 605 743 spectare
634 699 719 745 quis
744 711 820 733 non
847 699 980 733 videt?
1006 698 1087 733 Iam
1113 700 1196 746 ipsa
1220 699 1334 733 huius
1361 698 1489 734 Sancti
1517 699 1648 733 merita
1677 712 1829 745 prorsus
1855 700 2023 745 singula-

279 755 333 788 ria
358 768 445 801 erga
474 755 651 791 Ordinem
681 756 714 792 S.
742 756 934 791 Francisci
960 757 1134 792 stimulos
1159 757 1343 804 quosdam
1376 757 1520 792 validos
1550 757 1597 791 ad
1627 758 1729 791 hunc
1764 757 1933 792 laborem
1962 770 2022 792 su-

280 814 519 859 scipiendum
545 815 744 850 admovere
772 815 921 850 debent.
948 815 1034 850 Huc
1061 816 1175 862 pleno
1206 816 1285 850 iure
1318 815 1465 849 faciunt
1497 815 1688 861 praeclara
1720 816 1850 862 verba,
1884 816 2023 862 quibus

283 873 413 908 R.mus
441 873 591 909 Ordinis
616 873 805 908 Minoi-um
830 873 1002 908 Minister
1029 873 1224 909 Generalis
1242 873 1287 908 P.
1306 873 1557 908 Rei-wewdiuus
1574 886 1593 908 a
1617 873 1735 908 Portu
1753 873 1957 919 Romatiiw,
1977 874 2022 908 de

280 937 359 966 toto
387 931 527 967 Ordine
555 933 697 979 optime
724 933 901 977 meritus,
930 933 1093 967 instante
1117 932 1150 967 S.
1170 932 1456 966 Bonaventurae
1476 936 1581 966 sexto
1599 944 1698 966 anno
1715 931 1916 978 saeculari,
1936 932 2022 967 sub-

279 990 377 1025 ditos
404 1003 490 1026 suos
516 991 562 1025 ad
590 991 815 1025 celebranda
842 991 1025 1025 solemnia
1052 990 1148 1024 festa
1173 990 1343 1024 hortatus
1369 994 1426 1025 est
1442 990 1469 1023 “³2
1505 1004 1518 1021 κ
1536 989 1631 1025 Cum
1659 989 1883 1036 Seraphicus
1903 990 2023 1025 Bona-

279 1054 452 1095 ventura,
481 1050 620 1097 inquit,
651 1062 725 1096 qua
751 1049 911 1085 Sanctus
937 1054 975 1083 et
1000 1062 1075 1095 qua
1100 1048 1241 1083 Doctor
1268 1053 1304 1083 et
1330 1048 1521 1083 Ecclesiae
1549 1048 1618 1083 Dei
1645 1061 1720 1095 qua
1749 1048 1960 1095 Episcopus
1986 1053 2023 1083 et

279 1107 488 1143 Oardinalis
515 1109 656 1155 optime
684 1109 839 1143 meritus
878 1108 1048 1143 omnium
1080 1107 1378 1143 Christianorum
1410 1107 1689 1141 venerationem
1722 1107 1801 1141 iure
1837 1107 1910 1142 sibi
1941 1108 2022 1142 vin-

278 1168 394 1213 dicet,
422 1172 478 1203 est
504 1172 541 1202 et
567 1168 641 1202 alia
665 1168 781 1212 ratio,
810 1180 876 1202 cur
902 1180 992 1213 nos,
1020 1166 1149 1201 Patres
1175 1171 1212 1200 et
1232 1165 1379 1201 Fratres
1397 1166 1655 1211 dilectissimi,
1679 1165 1789 1200 illum
1808 1166 2023 1212 praecipuis

278 1226 484 1261 honoribus
510 1239 791 1273 prosequamur.
819 1226 905 1273 Ipse
931 1226 1033 1260 enim
1059 1226 1175 1260 totius
1202 1224 1354 1260 Ordinis
1382 1224 1415 1260 S.
1443 1224 1483 1259 P.
1515 1224 1559 1259 N.
1598 1224 1789 1259 Francisci
1829 1224 2023 1260 Generalis

278 1285 451 1320 Minister
476 1290 513 1320 et
539 1285 732 1332 Seraphici
758 1284 996 1319 Patriarchae
1023 1284 1195 1330 vestigiis
1221 1284 1385 1330 pressius
1410 1283 1624 1330 inhaerens,
1654 1283 1719 1317 vix
1745 1283 1846 1317 credi
1878 1287 2020 1329 posset,

280 1356 392 1390 quam
420 1344 514 1378 mira
540 1344 765 1379 discretione
790 1356 834 1378 ac
860 1343 1045 1378 suavitate
1071 1355 1138 1389 per
1163 1354 1281 1377 annos
1307 1342 1578 1388 septemdecim
1605 1342 1825 1376 universum
1843 1341 2024 1376 Ordinem

278 1403 430 1446 rexerit,
459 1415 573 1449 quam
600 1403 789 1448 sapienter
806 1406 844 1436 et
861 1401 1008 1436 fortiter
1033 1401 1309 1436 infensissimos
1328 1400 1510 1447 regularis
1528 1400 1628 1444 vitae
1646 1400 1872 1434 detractores
1890 1404 1927 1434 et
1944 1412 2023 1434 oso-

279 1474 337 1495 res
363 1460 601 1507 refutaverit,
631 1473 705 1507 qua
730 1460 988 1495 sollieitudine
1015 1460 1102 1494 latis
1127 1459 1295 1506 legibus,
1324 1458 1621 1504 visitationibus,
1649 1459 1817 1505 scriptis,
1849 1458 2024 1504 exemplo

280 1518 460 1554 Ordinem
487 1520 650 1564 auxerit,
677 1519 725 1553 ad
752 1524 892 1553 certam
918 1518 1079 1553 formam
1111 1518 1361 1564 revocaverit,
1394 1517 1552 1552 scientia
1584 1517 1844 1563 illustraverit,
1884 1517 2024 1563 pietate

280 1577 426 1613 foverit.
453 1578 532 1625 Ipsi
559 1577 730 1624 profecto
756 1582 843 1623 post
869 1576 903 1613 S.
931 1577 970 1612 P.
998 1576 1242 1612 Franciscum
1268 1581 1417 1611 tantum
1443 1575 1639 1622 debemus,
1667 1580 1709 1609 ut
1734 1588 1810 1610 non
1836 1575 2024 1609 immerito

280 1637 375 1671 alter
400 1638 518 1671 nostri
545 1636 696 1672 Ordinis
724 1636 902 1671 fundator
927 1635 1119 1670 habeatur.
1148 1636 1325 1682 Aequum
1350 1635 1468 1681 igitur
1494 1639 1567 1681 est,
1595 1639 1638 1669 ut
1663 1634 1734 1668 hac
1761 1638 1866 1669 sexta
1901 1646 2024 1668 recur-

278 1701 383 1730 rente
410 1696 624 1730 centenaria
651 1695 888 1729 solemnitate
916 1694 1088 1729 debitum
1114 1694 1362 1739 reverentiae,
1388 1694 1541 1740 pietatis
1573 1697 1610 1727 et
1635 1693 1735 1738 grati
1764 1692 1881 1726 animi
1919 1691 2024 1727 obse-

281 1755 414 1801 quium
441 1754 488 1788 ad
514 1754 675 1800 gloriam
701 1753 972 1799 omnipotentis
998 1752 1069 1787 Dei
1095 1752 1298 1798 Seraphico
1323 1752 1477 1787 Doctori
1502 1756 1631 1786 nostro
1647 1751 1955 1797 persolvamus».
1978 1772 2025 1775 ——

280 1812 383 1847 Haec
416 1813 511 1847 ratio
542 1813 582 1846 111
615 1825 675 1858 re,
704 1812 748 1845 de
776 1824 851 1858 qua
875 1811 1042 1857 agimus,
1070 1824 1113 1845 eo
1139 1811 1261 1856 magis
1288 1815 1415 1856 urget,
1443 1810 1532 1857 quia
1557 1811 1597 1844 in
1627 1810 1810 1844 anteactis
1847 1809 2022 1856 saeculis,

280 1877 322 1906 ut
347 1872 422 1906 iam
448 1884 470 1905 a
494 1870 669 1917 pluribus
696 1870 937 1905 observatum
963 1874 1034 1915 est,
1062 1882 1174 1904 aurea
1200 1869 1233 1904 S.
1260 1868 1547 1904 Bonaventurae
1573 1868 1765 1915 doctrina,
1792 1868 1883 1902 licet
1899 1867 2024 1902 verbis

281 1943 427 1976 semper
453 1930 620 1975 laudata,
648 1942 686 1963 re
714 1941 801 1963 vero
827 1929 924 1975 ipsa,
953 1928 984 1963 si
1012 1928 1180 1974 excipias
1212 1940 1353 1974 paucos
1392 1928 1491 1962 viros
1532 1940 1615 1962 vere
1654 1927 1857 1973 sapientes,
1896 1927 2024 1973 potius

281 1988 456 2034 neglecta
482 1993 519 2022 et
545 1988 652 2035 quasi
679 1987 862 2022 oblivioni
889 1987 1026 2021 tradita
1051 1986 1208 2020 iacebat.

377 2047 448 2082 Sed
474 2051 511 2081 et
536 2047 610 2081 alia
636 2046 859 2092 gravissima
884 2045 978 2079 ratio
1003 2045 1051 2078 ad
1077 2056 1171 2079 onus
1197 2056 1316 2078 novae
1343 2044 1520 2079 editionis
1546 2044 1783 2078 adornandae
1815 2044 2024 2090 suscipien-

282 2106 373 2140 dum
400 2105 579 2140 Ordinem
608 2104 854 2150 Seraphicum
880 2103 1050 2149 impulit,
1071 2107 1114 2137 ut
1131 2102 1277 2137 scilicet
1294 2102 1365 2136 hac
1383 2103 1526 2137 ratione
1545 2103 1583 2136 in
1602 2102 1741 2137 scholis
1759 2103 1836 2137 suis
1855 2102 2025 2137 doctrina

282 2177 367 2198 vere
395 2164 597 2210 Seraphica
623 2162 656 2198 S.
684 2162 970 2197 Bonaventurae
997 2160 1147 2196 facilius
1173 2161 1427 2207 revivisceret,
1446 2160 1710 2207 profundiores
1737 2165 1865 2206 ageret
1881 2161 2024 2195 radices

283 2228 320 2257 et
344 2222 534 2257 uberiores
562 2221 676 2255 ferret
701 2220 857 2255 fructus.
885 2219 967 2254 Hoc
994 2219 1095 2253 enim
1121 2218 1199 2253 fere
1224 2219 1395 2253 unanimi
1421 2219 1602 2265 suffragio
1628 2232 1673 2253 ex
1699 2219 1820 2253 multo
1838 2219 1914 2253 iam
1931 2223 2024 2253 tem-

282 2294 371 2327 pore
398 2280 630 2327 exoptabant
655 2283 843 2326 quotquot
867 2278 907 2312 in
935 2277 1074 2313 Ordine
1112 2277 1313 2323 Seraphico
1351 2282 1457 2312 erant
1493 2278 1564 2312 viri
1603 2277 1774 2312 doctrina
1811 2281 1848 2311 et
1884 2277 2023 2323 pietate

282 2344 523 2386 praestantes.
551 2338 743 2384 Imprimis
769 2337 870 2371 idem
896 2336 1027 2371 Rnius
1044 2336 1090 2371 P.
1108 2336 1357 2371 Rerum-dinus
1374 2337 1449 2370 iam
1466 2348 1488 2370 a.
1505 2335 1635 2371 multis
1652 2336 1778 2382 annis,
1798 2348 1885 2370 cum
1902 2335 2024 2370 officio

283 2397 584 2432 Provincialatus
609 2398 649 2431 in
675 2396 875 2431 Provincia
900 2394 1202 2430 Reformatorum
1227 2394 1373 2429 Veneta
1398 2395 1620 2441 dignissime
1646 2394 1884 2441 fungeretur,
1905 2399 1942 2428 et
1959 2407 2024 2441 po-

283 2461 377 2502 stea,
406 2469 492 2491 cum
517 2456 565 2491 ad
591 2456 706 2490 totius
733 2454 885 2490 Ordinis
911 2453 1067 2500 regendi
1092 2454 1252 2487 arduum
1278 2466 1415 2488 munus
1442 2458 1596 2488 evectus
1622 2458 1733 2499 esset,
1760 2453 1849 2488 totis
1880 2452 2024 2487 viribus

283 2515 475 2561 incubuit,
512 2530 526 2547 «
542 2519 585 2549 ut
611 2514 711 2560 quod
736 2514 776 2547 111
802 2513 959 2547 81111111118
981 2512 1078 2547 votis
1096 2511 1279 2546 habemus
1307 2512 1409 2558 (sunt
1435 2511 1550 2546 verba
1575 2512 1708 2558 ipsius)
1728 2512 1834 2558 pium
1857 2524 1945 2558 erga
1963 2511 2024 2547 Se-

283 2574 481 2620 raphicum
506 2578 677 2607 nostrum
703 2577 739 2606 et
764 2571 956 2606 Ecclesiae
982 2570 1180 2605 Doctorem
1209 2570 1243 2606 S.
1271 2570 1575 2605 Bonaventuram
1605 2570 1773 2605 studium
1806 2571 1846 2604 in
1884 2569 2022 2605 Ordine.

283 2637 410 2666 nostro
435 2631 651 2677 reviviscat,
680 2635 717 2664 et
742 2630 781 2664 in
808 2630 887 2664 eius
913 2629 1043 2664 schola
1068 2629 1249 2675 instituti,
1276 2629 1381 2664 illius
1406 2629 1603 2664 scientiam
1629 2641 1887 2675 assequamur,
1912 2629 2022 2664 disci-

284 2690 430 2736 plinam
456 2695 655 2735 sectemur,
683 2689 835 2735 pietatis
862 2688 1089 2722 suavitatem
1115 2688 1351 2734 experiamur
1368 2688 1378 2705 ³
1395 2704 1427 2722 n.
1454 2687 1522 2722 Pio
1548 2688 1665 2733 igitur
1691 2693 1727 2722 et
1765 2688 1909 2734 optimo
1936 2699 2021 2721 con-

379 2828 385 2842 ¹
404 2828 463 2849 101111.
480 2828 566 2850 Gerson
584 2828 605 2849 in
623 2828 691 2855 Epist.
710 2828 777 2849 missa
795 2827 934 2854 Lugdunum
952 2827 981 2849 ad
998 2826 1113 2855 quendam
1132 2827 1223 2849 [ran-ern
1240 2827 1351 2849 Nimirum
1369 2833 1428 2849 1111110
1450 2826 1505 2848 1426
1524 2827 1569 2855 (vd.
1588 2828 1696 2856 Anmerp.
1719 2827 1787 2853 1706,
1804 2830 1856 2848 lon).
1870 2826 1883 2847 1.
1896 2826 1937 2847 (01.
1954 2826 2019 2853 lla).

378 2870 387 2884 ‘-'
405 2871 472 2898 Epist.
489 2870 603 2897 encyclica
625 2870 657 2891 10.
676 2870 745 2892 Mai-[ii
767 2869 823 2891 ¹874
843 2870 934 2897 scripta.

378 2912 388 2926 3
406 2912 467 2935 idern
484 2913 505 2934 in
523 2912 603 2934 eadem
621 2913 689 2940 Epist.
