2253 3317
834 177 1018 213 PRAEFATIO
1033 185 1219 214 GENERALIS.
1814 189 1893 218 xxxi

246 261 301 295 20.
329 260 577 307 Conwendinm
601 262 779 296 metricum
804 261 1042 296 scholasticum
1060 262 1241 309 utriusque
1264 263 1489 309 Testamenti,
1509 265 1710 310 incipiens:
1732 265 1892 301 Mundus

148 319 199 365 fit
222 320 261 354 in
280 319 471 366 principio.
498 341 545 344 —
569 319 627 354 Ex
654 319 758 355 Sixto
785 319 951 356 Senensi.

245 378 300 412 21.
328 377 463 423 Sermo,
483 378 522 412 in
541 390 616 424 quo
641 379 784 414 mentio
810 378 854 413 fit
879 379 925 413 de
951 378 1159 425 multiplici
1183 379 1342 414 fratrum
1366 380 1602 416 dubitatione
1620 383 1718 417 circa
1736 396 1779 417 ea
1796 396 1891 430 quae

150 436 190 470 in
216 436 348 482 regula
374 436 632 483 contin-entur,
659 437 758 471 inter
783 449 845 472 eos
870 441 998 471 exorta
1027 441 1195 484 tempore
1229 437 1272 473 fr.
1306 438 1331 473 J
1333 440 1464 474 oannis
1496 439 1667 476 Parentis
1697 441 1890 477 Generalis

150 493 324 529 Ministri.
351 516 398 519 —
422 494 480 529 Ex
506 507 592 530 mss.
620 495 808 530 chronicis
834 494 978 530 XXIV.
1005 494 1263 531 Ministrorum
1290 496 1543 533 Gener-alium.

245 553 300 587 22.
333 552 523 588 Traoz‘atns
547 553 587 587 de
611 553 720 601 signis
743 553 1007 598 universalibus.
1034 576 1081 578 —
1105 553 1270 589 Extabat
1294 556 1334 589 in
1360 555 1560 592 Tabulario
1583 557 1795 593 Assisiensi.

245 611 300 646 23.
330 611 551 656 Quaestiones
575 623 678 658 super
702 615 853 658 qucctnor
879 611 984 647 libros
1014 612 1231 659 Topicornm.
1257 635 1303 638 —
1319 613 1416 649 Ibid.

245 670 301 704 24.
331 669 552 714 Quaestiones
576 682 678 717 snper
704 673 854 717 quatuor
881 670 986 706 libros
1010 670 1275 707 Metheorornm.
1301 694 1348 697 —
1364 672 1461 708 Ibid.

246 728 301 763 25.
332 728 554 772 Quaestiones
579 740 681 776 snper
707 728 834 764 librum
860 729 900 764 de
925 729 1163 765 Generatione.
1189 752 1235 755 -——
1260 731 1357 766 Ibid.

246 786 301 821 26.
336 786 557 822 Wriclcm‘um
576 787 839 823 ‘consolatiom's
866 810 912 813 —
936 787 982 823 In
1008 788 1184 823 biblioth.
1213 788 1345 835 Oasin,
1381 789 1716 825 Veneto-Vineana
1745 804 1788 826 ac
1819 791 1892 826 Tu-

153 845 303 880 ronensi
330 844 364 881 S.
391 845 554 880 Martini.

245 904 301 938 27.
327 904 481 951 Reyulcce
507 904 720 953 tlieoloyicae.
747 927 793 930 —
817 905 863 940 In
888 905 1065 940 biblioth.
1093 905 1293 941 Parisicnsi
1317 906 1445 953 Regia.

245 963 301 997 28.
328 962 383 997 De
408 966 560 1010 qzcatnor
580 963 751 1011 yi‘adibns
775 964 865 999 vitae
891 964 1102 1011 spiritualis.
1128 986 1175 989 —
1201 964 1298 1000 Ibid.

245 1021 301 1056 29.
329 1021 472 1056 Summa
492 1022 766 1068 poeniteniialis.
792 1044 839 1047 ——
856 1022 952 1057 Ibid.

247 1079 301 1114 30.
334 1080 514 1126 E'pisz‘olae
546 1080 760 1116 declarantes
790 1081 945 1128 reqnlani
970 1081 1007 1116 S.
1038 1082 1240 1129 AngyicstiTiii'.
1267 1104 1313 1107 -—
1337 1082 1381 1116 In
1408 1082 1583 1118 biblioth.
1610 1083 1820 1118 Traiectina
1844 1084 1889 1118 ad

151 1137 336 1172 Rhenum.

245 1197 300 1231 31.
326 1197 502 1244 Dialogyus
527 1197 568 1232 de
592 1198 762 1233 creatione
787 1198 911 1233 mundi
935 1201 967 1233 ez‘
991 1198 1063 1233 eins
1088 1199 1326 1245 redemptione.
1353 1221 1392 1224 ——
1424 1199 1469 1234 In
1487 1199 1662 1235 biblioth.
1681 1200 1892 1235 Traiectina

152 1260 189 1289 et
214 1255 511 1291 Buxhaimiensi.
974 1262 977 1263 ⁷

245 1314 300 1348 32.
327 1314 503 1362 Dialoyns
527 1315 568 1350 de
592 1318 687 1350 stain
713 1315 888 1350 Ecclesiae
912 1315 1112 1350 militantis.
1139 1337 1186 1340 —
1209 1315 1254 1350 In
1280 1316 1456 1351 biblioth.
1476 1316 1797 1352 XVolffenbutana.

246 1373 300 1407 33.
333 1373 522 1408 Tractatus
540 1373 719 1421 physicus.
746 1396 792 1398 —
817 1373 862 1408 In
888 1374 1064 1409 biblioth.
1083 1373 1273 1420 Lipsiensi
1300 1374 1470 1409 Paulina.

246 1431 301 1466 34.
328 1431 376 1466 In
402 1435 474 1467 ocz‘o
500 1432 606 1467 libros
632 1433 713 1479 (seu
738 1433 864 1479 potius
891 1433 1084 1479 epistolas)
1112 1432 1276 1468 Doctoris
1297 1433 1461 1480 gentium.
1480 1455 1526 1458 ——
1543 1433 1587 1468 In
1606 1433 1781 1469 biblioth.
1809 1434 1892 1470 Col-

152 1489 243 1536 legii
268 1489 516 1526 Mertonensis
542 1492 581 1526 in
608 1491 761 1537 Anglia.

246 1547 534 1584 Observandum
560 1562 670 1596 porro
697 1555 767 1596 est,
795 1550 905 1596 plura
930 1550 1042 1585 huius
1069 1550 1219 1585 elenchi
1237 1563 1349 1597 opera
1367 1550 1463 1585 falso
1479 1550 1520 1584 in
1539 1551 1721 1597 catalogis
1747 1555 1789 1585 ut
1814 1551 1893 1585 ine-

152 1607 231 1641 dita
256 1612 293 1642 et
317 1609 484 1654 genuina
514 1621 627 1655 opera
665 1608 699 1644 S.
738 1608 1025 1643 Bonaventurae
1063 1610 1289 1654 enumerari,
1333 1622 1388 1644 ex.
1416 1622 1470 1655 gr.
1497 1609 1655 1644 ultimus
1692 1622 1890 1655 numerus,

152 1666 218 1712 qui
244 1666 398 1701 exhibet
422 1667 594 1701 titulum:
612 1667 661 1702 In
678 1670 749 1702 octo
769 1667 875 1702 libros
899 1667 1064 1702 Doctoris
1086 1668 1258 1714 yentimn,
1286 1668 1383 1702 nihil
1400 1667 1505 1702 aliud
1523 1672 1579 1703 est
1596 1680 1710 1714 quam
1727 1668 1892 1703 Brcvilo-

152 1725 300 1771 quium,
328 1730 371 1759 ut
395 1726 557 1772 propriis
584 1726 704 1760 oculis
730 1726 897 1772 inspexit
927 1725 967 1760 P.
995 1725 1024 1760 F
1028 1726 1137 1760 idelis
1152 1726 1171 1760 ¹.
1199 1725 1379 1762 Similiter
1409 1726 1475 1760 illc
1507 1726 1696 1761 Traetaf-us
1728 1726 1893 1773 physicus

153 1783 238 1830 (sub
264 1783 308 1819 N.
337 1784 413 1830 33),
441 1785 506 1830 qui
531 1789 682 1819 notatur
707 1785 747 1818 in
772 1785 945 1830 catalogo
970 1785 1126 1831 antiquo
1152 1785 1406 1819 bibliothecae
1423 1785 1646 1831 Lipsiensis,
1666 1798 1787 1831 pauca
1804 1791 1891 1820 sunt

151 1847 302 1877 tantum
335 1842 429 1877 folia
465 1843 627 1877 alicuius
664 1843 862 1889 anonymi,
896 1843 969 1877 alia
999 1856 1114 1877 manu
1150 1844 1305 1889 scripta,
1335 1856 1429 1890 quae
1456 1843 1638 1889 colligata
1662 1848 1751 1878 sunt
1777 1843 1891 1878 alicui

153 1902 256 1948 operi
283 1901 316 1937 S.
344 1901 643 1937 Bonaventurae.

248 1960 337 1995 Alia
362 1960 484 1995 multa
509 1973 637 2007 opera,
666 1973 761 2006 quae
787 1961 827 1994 in
859 1960 1054 1995 codicibus
1088 1960 1122 1996 S.
1157 1960 1443 1995 Bonaventurae
1480 1961 1541 1995 vcl
1578 1973 1663 1995 vere
1700 1960 1761 1995 vel
1797 1960 1892 1995 falso

152 2019 422 2065 attribuuntur,
449 2032 471 2053 a
508 2018 549 2053 P.
575 2018 605 2053 F
608 2019 698 2053 ideli
733 2019 881 2053 detecta
914 2023 951 2053 et
984 2018 1148 2053 breviter
1180 2019 1368 2065 descripta
1394 2024 1483 2053 sunt
1495 2019 1515 2054 ᾖ.
1546 2018 1631 2054 Non
1664 2032 1783 2065 pauca
1819 2019 1893 2053 alia

152 2082 239 2124 post
280 2078 385 2124 1874,
414 2078 493 2112 sive
518 2082 606 2123 post
631 2077 837 2112 editionem
863 2078 973 2112 istius
1010 2077 1113 2124 libri,
1141 2077 1188 2112 ab
1221 2078 1352 2112 eodem
1382 2078 1537 2112 inventa
1561 2082 1659 2112 sunt.
1686 2077 1741 2112 De
1775 2078 1892 2126 omui-

152 2136 224 2171 bus
262 2137 321 2171 his
358 2149 425 2171 suo
451 2136 534 2171 loco
560 2136 631 2170 erit
657 2136 927 2171 disserendum.
961 2135 1045 2171 Hoc
1070 2136 1153 2171 loco
1179 2136 1341 2171 sufficiat
1359 2136 1510 2182 dicere,
1538 2137 1636 2170 inter
1664 2136 1797 2181 multa,
1825 2137 1892 2170 im-

152 2208 214 2231 mo
239 2195 404 2241 plurima
434 2195 562 2242 spuria
586 2195 648 2229 vel
675 2195 791 2229 dubia
828 2195 1046 2229 huiusmodi
1084 2195 1225 2242 scripta
1251 2195 1362 2229 etiam
1392 2195 1521 2241 aliqua
1545 2195 1712 2241 genuina
1743 2200 1780 2229 ct
1816 2208 1892 2229 non

152 2255 259 2300 parvi
285 2255 468 2289 momenti
495 2267 608 2300 opera
633 2253 827 2299 Seraphici
856 2253 1030 2288 Doctoris
1062 2253 1202 2288 haberi.
1236 2253 1328 2288 Prae
1361 2254 1493 2288 ceteris
1523 2258 1731 2288 memoratu
1756 2253 1892 2299 dignae

153 2317 241 2347 sunt
266 2325 342 2347 non
368 2325 510 2359 paucae
539 2313 760 2357 Quaestiones
777 2324 870 2359 quas
894 2317 1031 2347 vocant
1057 2312 1272 2359 disputatas,
1307 2317 1344 2346 et
1368 2316 1515 2358 praeter
1543 2312 1829 2347 Conznzenz‘m'ium
1855 2312 1890 2346 in

152 2371 320 2406 Ioannem
357 2372 583 2417 genuinum,
611 2384 633 2405 a
658 2370 699 2406 P.
731 2371 881 2406 Bonelli
912 2371 987 2405 iam
1019 2371 1178 2417 editum,
1212 2371 1376 2405 ineditae
1411 2370 1620 2406 Collaffiones
1651 2371 1689 2405 in
1714 2370 1895 2405 [ominem.

152 2430 231 2464 Alii
257 2430 381 2464 adhuc
407 2435 495 2465 sunt
521 2430 583 2464 vel
610 2434 710 2465 certo
737 2430 797 2464 vel
824 2429 1072 2476 probabiliter
1093 2430 1250 2475 genuini
1268 2434 1449 2464 tractatus
1466 2429 1513 2463 ad
1530 2429 1728 2463 asceticam
1758 2433 1794 2463 ct
1811 2442 1893 2473 my-

152 2489 287 2523 sticam
315 2493 538 2535 spectantes,
566 2501 636 2523 nec
661 2501 738 2523 non
764 2488 919 2534 plurimi
946 2500 1149 2533 sermones,
1177 2488 1242 2534 qui
1268 2500 1462 2534 nunquam
1489 2492 1578 2522 sunt
1603 2488 1785 2533 impressi.

992 2604 1059 2639 ΙΠ.

249 2722 351 2766 Quae
377 2723 574 2769 hucusque
601 2723 704 2757 dicta
731 2728 834 2769 sunt,
863 2723 937 2757 iani
963 2721 1131 2757 sufficere
1158 2721 1333 2755 videntur
1366 2721 1413 2755 ad
1446 2721 1701 2767 probandum,
1728 2726 1808 2755 tum
1835 2733 1893 2767 op-

147 2784 340 2827 portunum
368 2793 446 2815 esso
472 2794 609 2815 novam
637 2782 806 2816 omnium
834 2794 989 2828 operum
1016 2780 1049 2816 S.
1082 2780 1367 2814 Bonavcnturae
1401 2780 1604 2813 editionem
1630 2779 1824 2825 adornare,
1851 2784 1893 2814 ut

250 2946 256 2960 ¹
275 2947 353 2973 Ratio,
372 2953 427 2974 pag.
446 2946 482 2968 fjss.
1461 2944 1469 2958 ‘2
1489 2945 1566 2972 nulio,
1585 2951 1637 2972 pag.
1657 2944 1764 2966 eis-318,
