2253 3317
0 981 1 993 i
25 971 117 990 differunt
126 971 158 989 tri-

0 2098 1 2114 1
26 2099 160 2118 Fundamenta.

49 924 156 951 Intelligere

42 950 61 967 et
73 950 142 967 sentire

28 995 110 1018 pliciter.

800 147 882 175 DIST.
905 147 923 175 I.
945 147 1016 176 ART.
1038 147 1077 175 111.
1100 146 1234 183 QUAEST.
1257 146 1285 174 ΙΙ.

172 226 328 256 secundum
350 225 585 262 comparationem
614 225 741 253 duorum
763 225 803 253 acl
823 224 962 258 invicem,
984 227 1016 253 ut

172 275 240 309 puta
261 280 326 301 cum
347 279 436 300 unum
458 273 499 300 est
520 271 636 299 imitatio
651 271 695 300 vel
716 271 869 299 similitudo
890 270 1014 299 alterius.

173 318 329 347 Similitudo
361 318 435 346 enim
466 325 521 346 non
552 317 680 346 convenit
706 325 771 346 cum
802 316 959 345 consimilil
986 316 1015 344 in

172 365 270 399 tertio,
285 364 334 393 sed
349 372 379 393 se
393 364 461 401 ipsa.
484 364 527 392 Sic
548 366 589 392 est
610 364 638 392 in
659 363 815 401 proposito,
837 363 903 400 quia
923 362 1015 391 anima

172 415 214 441 est
228 419 363 449 expressa
384 411 537 440 similitudo
551 410 609 439 Dei.
625 411 695 439 Haec
710 409 900 439 convenientia
915 409 943 437 in
956 417 1014 437 uno

170 461 299 487 extremo
320 458 397 495 ponit
418 457 623 486 inclinationem
645 460 672 486 et
693 456 889 493 indigentiam,
910 456 939 484 in
959 456 1013 484 alio

171 505 369 541 quietationem
390 507 417 533 et
437 503 646 537 sufficientiam,
668 503 733 540 quia
747 510 836 531 unum
854 502 958 530 factum
973 504 1015 530 est

170 553 287 587 propter
308 550 444 584 alterum,
471 550 547 578 unde
560 549 568 562 ²
597 549 744 578 ordinatur
765 548 801 577 ad
823 548 953 576 alterum.
983 548 1015 576 Et

170 596 304 633 quoniam
324 596 360 625 ad
381 595 565 624 inclinationis
586 594 783 631 quietationem
798 597 825 622 et
846 594 1013 630 indigentiae

170 642 389 679 suppletionem,
410 642 458 670 ubi
480 645 522 670 est
546 641 680 676 sensus³‚
710 644 752 670 θεῖ
783 640 928 669 delectatio
956 640 1014 669 sive

169 688 309 725 sequitur,
331 687 393 716 ideo
407 687 500 715 anima
515 695 580 716 cum
594 687 642 715 tali
657 687 740 715 modo
755 687 897 724 quietatur
911 694 928 715 a
941 686 1013 721 Deo,

169 734 272 763 fruitur
293 742 334 763 eo.
614 744 617 749 ·

247 781 273 808 2.
295 780 335 809 Ad
365 779 436 808 illud
468 780 542 816 quod
574 780 719 814 obiicitur,
741 780 816 817 quod
848 779 1014 809 excellentia

169 827 307 856 sensibilis
335 827 490 863 corrumpit
520 834 648 855 sensum:
671 835 737 863 ergo
758 829 825 861 etc.⁵
847 826 1013 861 dicendum,

167 873 243 910 quod
264 881 320 901 non
341 876 383 902 θεῖ
404 874 493 902 simile
515 874 550 902 de
572 873 728 911 intelligere
741 876 769 902 et
788 874 903 902 sentire.
926 874 957 901 Et
977 873 1015 902 ad

167 920 220 948 hoc
240 922 282 948 est
302 919 406 957 triplex
421 920 506 948 ratio:
529 928 586 948 una
607 923 648 949 est
669 927 705 948 ex
726 922 806 957 parte
827 920 947 948 virtutis
969 927 1015 956 ap-

166 966 365 1003 prehensivae‚
387 966 441 994 alia
462 974 499 994 ex
519 969 599 1002 parte
621 965 796 1003 apprehensi
816 966 875 995 sive
897 966 999 996 obiecti
1005 989 1014 1001 ,

168 1012 250 1041 tertia
270 1015 312 1041 est
333 1020 370 1041 ex
391 1014 471 1049 parte
493 1012 574 1040 modi
594 1012 832 1049 apprehendendi.

247 1059 288 1087 Ex
309 1061 389 1095 parte
416 1058 535 1086 virtutis
563 1059 800 1095 apprehensivae,
829 1059 895 1095 quia
916 1066 1015 1088 sensus

167 1107 258 1142 potest
279 1104 437 1141 corrumpi,
458 1105 616 1133 intellectus
636 1107 731 1133 autem
753 1113 815 1133 non.
838 1105 924 1134 Cuius
944 1105 1015 1133 ratio

168 1155 224 1186 θεῖ,
255 1152 321 1189 quia
349 1159 448 1180 sensus
476 1151 614 1188 dependet
641 1151 677 1180 ab
704 1160 824 1189 organo,
847 1152 874 1180 in
896 1160 952 1189 quo
973 1155 1015 1181 θεῖ

167 1198 306 1235 quaedam
335 1198 469 1227 medietas
500 1202 528 1227 et
550 1198 714 1233 harmonia,
736 1206 808 1235 quae
829 1207 883 1227 non
906 1202 1014 1227 tantum

167 1245 360 1282 corrumpitur
389 1253 440 1282 per
467 1245 655 1279 contrarium,
678 1245 749 1274 sed*¹
778 1253 828 1282 per
857 1246 998 1275 excellens
1006 1257 1014 1281 3

168 1291 216 1320 sed
238 1291 395 1320 intellectus
409 1299 464 1319 non
479 1291 618 1328 dependet
638 1291 673 1320 ab
694 1299 813 1328 organo,
829 1292 895 1328 quia
916 1294 958 1321 est
972 1292 1014 1321 vis

167 1336 375 1372 immaterialis,
397 1337 459 1365 ideo
480 1345 534 1365 non
557 1337 685 1365 tristatur
706 1337 734 1365 in
755 1338 903 1366 excellenti
915 1338 932 1365 ⁵.

246 1384 286 1412 Ex
307 1386 388 1421 parte
409 1383 510 1412 obiecti
523 1392 578 1412 non
599 1387 641 1413 est
662 1384 764 1419 simile,
787 1385 852 1421 quia
873 1385 1013 1414 obiectum

909 1467 1033 1503 soHo

229 1546 244 1568 I.
261 1546 324 1569 Hanc
342 1550 364 1569 et
380 1549 516 1575 sequentem
534 1548 691 1576 quaestionem
718 1548 754 1570 alii
771 1549 858 1576 antiqui
876 1552 1014 1571 commenta-

168 1587 230 1607 tores
247 1585 371 1608 Lombardi
389 1585 433 1608 sub
451 1592 495 1608 una
512 1587 645 1615 quaestione
668 1589 769 1609 tractant.
792 1598 823 1602 —
845 1586 910 1609 Circa
933 1586 1014 1610 anulo-

167 1623 232 1653 qiam
250 1625 345 1653 ejusque
363 1624 514 1652 differentias,
534 1625 562 1647 de
580 1631 625 1653 qua
648 1631 725 1647 sermo
753 1628 786 1647 est
812 1626 834 1647 in
860 1626 925 1648 solut.
944 1626 974 1648 ad
992 1626 1013 1653 I,

167 1662 240 1685 fusius
257 1663 279 1684 S.
297 1662 382 1685 Doctor
399 1663 500 1692 loquitur
517 1664 574 1685 infra
591 1664 613 1686 d.
632 1663 668 1686 114.
687 1671 709 1693 q.
729 1665 758 1692 2;
776 1664 798 1686 d.
818 1665 853 1687 29.
872 1670 891 1686 a.
914 1665 934 1686 11.
947 1672 969 1694 q.
983 1666 1012 1693 23

166 1700 188 1723 d.
212 1700 234 1722 7.
257 1708 279 1730 q.
298 1700 318 1723 4.
336 1703 358 1723 in
377 1707 440 1730 corp.
456 1709 461 1729 ‚·
479 1701 501 1724 d.
521 1702 556 1724 25.
575 1709 594 1725 a.
613 1703 633 1724 2.
652 1709 674 1731 q.
693 1704 713 1725 2.
731 1704 753 1725 in
772 1709 835 1731 corp.
853 1715 885 1719 —
901 1703 933 1725 De
951 1710 1014 1726 com-

166 1741 285 1768 paratione
302 1740 404 1763 duorum
422 1741 451 1763 ad
468 1741 514 1763 duo
532 1745 573 1764 ete.
592 1742 649 1763 infra
667 1742 689 1764 d.
708 1742 744 1764 46.
762 1749 783 1771 q.
803 1742 823 1764 5.
842 1743 863 1764 in
891 1748 954 1770 corp.
982 1755 1013 1759 —-

166 1778 199 1801 De
216 1779 320 1807 analogia
337 1780 494 1807 proportionis
519 1783 540 1803 et
566 1781 785 1808 proportionalitatis
801 1781 841 1803 cfr.
859 1781 916 1803 infra
934 1781 956 1803 d.
975 1781 1012 1803 48.

1880 143 1915 172 39

1072 223 1267 260 intelligibile⁶
1288 223 1429 252 excellens
1451 223 1529 251 iuvat
1549 224 1576 250 et
1609 222 1759 255 confortat,
1788 221 1853 257 quia
1880 221 1918 249 in-

1073 270 1187 298 fluentia
1208 270 1270 298 talis
1292 270 1484 307 cognoscibilis
1504 269 1630 306 procedit
1650 269 1686 297 ab
1706 268 1811 297 intimis
1832 270 1859 297 et
1880 268 1918 296 in-

1073 318 1129 345 trat
1150 316 1240 353 ipsam
1260 316 1426 353 potentiam,
1447 318 1474 344 et
1488 316 1550 344 ideo
1564 315 1654 353 ipsam
1669 315 1804 344 confortat
1819 317 1846 342 et
1861 322 1918 342 cor-

1073 363 1195 392 roborat.
1217 363 1292 392 Sicut
1314 363 1335 392 si
1358 371 1476 399 magnus
1498 370 1577 391 mons
1599 362 1679 391 daret
1702 361 1835 389 virtutem
1856 368 1918 397 por-

1072 410 1149 438 tandi
1171 417 1213 443 se,
1234 409 1343 438 facilius
1370 409 1491 438 ferretur
1519 417 1604 446 quam
1624 416 1745 445 parvus;
1767 408 1806 437 sic
1827 410 1868 436 est
1889 407 1917 435 in

1074 455 1254 492 intelligibili,
1276 456 1351 492 quod
1365 456 1440 485 Deus
1455 458 1503 484 est.
1521 455 1654 484 Sensibile
1668 457 1762 483 autem
1777 454 1917 482 obiectum

1074 504 1182 530 tantum
1203 504 1285 530 extra
1306 502 1424 536 excitat,
1446 504 1473 530 et
1494 501 1556 530 ideo
1584 495 1637 530 hoc
1657 500 1824 537 corrumpit,
1846 499 1917 528 illud

1072 551 1166 577 autem
1188 557 1250 577 non.

1153 595 1193 623 Ex
1214 598 1295 632 parte
1314 595 1395 624 modi
1414 595 1644 632 apprehendendi
1666 594 1793 623 similiter
1807 596 1849 622 est
1863 593 1917 622 dis-

1073 641 1242 676 similitudo,
1264 641 1329 678 quia
1351 649 1450 670 sensus
1471 641 1500 669 in
1515 640 1736 678 apprehensione
1751 640 1795 669 sui
1817 639 1918 668 obiecti

1071 687 1160 716 tendit
1181 688 1216 716 ad
1238 687 1378 722 exterius,
1400 688 1475 716 unde
1489 687 1667 724 percipiendo
1681 687 1690 701 ⁷
1721 686 1792 715 illud
1814 686 1919 723 disper-

1072 734 1147 770 gitur
1168 735 1295 763 exterius
1316 742 1367 763 nec
1389 734 1555 763 fortificatur
1583 734 1716 768 interius,
1737 733 1800 762 ideo
1821 733 1917 762 debili-

1072 782 1155 808 tatur.
1178 780 1231 809 Sed
1252 780 1393 809 obiectum
1408 780 1565 809 intellectus
1580 787 1645 808 cum
1659 780 1694 808 sit
1715 779 1845 808 intimum
1864 778 1917 816 ipsi

1072 826 1240 861 intellectui,
1263 827 1289 854 in
1310 827 1371 855 eius
1392 826 1569 864 perceptione
1591 826 1681 855 virtus
1709 834 1764 854 non
1785 825 1918 862 dispergi-

1072 876 1134 907 tur,
1149 873 1199 902 sed
1213 872 1369 910 colligitur,
1391 875 1418 902 et
1440 875 1544 910 quanto
1560 872 1650 901 virtus
1665 874 1707 901 est
1721 872 1810 909 magis
1825 871 1916 905 unita,

1071 923 1147 949 tanto
1169 920 1274 948 fortior.

1151 967 1176 995 3.
1198 967 1237 995 Ad
1253 966 1323 995 illud
1338 966 1413 1004 quod
1428 966 1558 995 obiicitur
1573 965 1607 994 de
1622 964 1741 999 infinit03
1754 964 1917 998 dicendum,

1071 1014 1145 1051 quod
1168 1014 1309 1042 infinitum
1337 1013 1439 1042 dicitur
1468 1013 1633 1050 dupliciter,
1662 1012 1766 1041 scilicet
1786 1019 1837 1048 per
1855 1011 1917 1048 pri-

1071 1060 1217 1089 vationem
1228 1059 1416 1098 perfectionis
1425 1071 1435 1094 ,-
1449 1063 1476 1089 et
1490 1060 1529 1089 sic
1544 1060 1661 1089 materia
1676 1059 1778 1088 dicitur
1794 1058 1917 1092 infinita,

1071 1109 1098 1135 et
1121 1107 1183 1135 talis
1204 1107 1303 1135 infiniti
1325 1115 1380 1135 non
1401 1110 1443 1136 est
1457 1106 1553 1141 finire,
1575 1106 1625 1135 sed
1639 1106 1732 1143 potius
1754 1105 1828 1133 finiri
1846 1104 1918 1133 indi-

1071 1155 1130 1189 get,
1152 1153 1308 1181 secundum
1329 1153 1426 1190 quod⁸
1447 1156 1489 1182 est
1509 1152 1649 1191 possibile.
1675 1152 1733 1180 Alio
1754 1152 1837 1180 modo
1859 1150 1918 1179 infi-

1072 1198 1162 1227 nitum
1184 1199 1286 1227 dicitur
1301 1207 1351 1236 per
1362 1199 1563 1236 privationem
1578 1198 1779 1231 limitationis;
1800 1201 1827 1226 et
1840 1197 1916 1234 quod

1070 1244 1109 1273 sic
1131 1244 1270 1273 infinitum
1292 1248 1349 1280 est,
1370 1246 1483 1283 proprie
1505 1245 1589 1274 habet
1610 1245 1705 1280 finire,
1727 1246 1860 1282 quoniam
1875 1245 1915 1273 ul-

1070 1294 1113 1320 tra
1134 1292 1243 1329 ipsum,
1265 1300 1330 1320 cum
1351 1301 1406 1321 non
1422 1293 1457 1321 sit
1471 1292 1563 1321 maius
1584 1292 1720 1329 cogitare,
1739 1300 1794 1320 non
1815 1292 1917 1320 contin-

1070 1338 1108 1375 git
1135 1339 1242 1375 aliquid
1271 1342 1411 1376 appetere.
1441 1339 1517 1368 Unde
1546 1339 1608 1367 talis
1640 1338 1760 1367 infinitas
1788 1339 1916 1367 convenit

1068 1385 1168 1413 ultimo
1188 1385 1252 1420 fini,
1274 1385 1365 1422 quae9
1387 1385 1510 1414 maxime
1525 1385 1608 1414 habet
1627 1385 1742 1414 finiendi
1757 1385 1901 1413 rationem.
1933 1405 1937 1407 Α

1043 1467 1170 1503 LION.

1070 1556 1091 1577 q.
1111 1549 1136 1577 [ῖς
1155 1549 1177 1571 d.
1204 1549 1240 1571 35.
1259 1556 1278 1571 a.
1301 1550 1318 1571 I.
1337 1556 1358 1578 q.
1384 1550 1409 1577 1ῖς
1428 1549 1459 1571 III.
1478 1549 1538 1571 Sent.
1556 1548 1578 1571 d.
1600 1550 1617 1571 1.
1636 1555 1655 1571 a.
1675 1550 1695 1571 1.
1712 1556 1734 1578 q.
1754 1549 1773 1571 1.
1791 1548 1820 1571 ad
1842 1548 1870 1576 43
1894 1551 1916 1571 et

1070 1588 1092 1610 d.
1115 1588 1151 1610 29.
1170 1594 1189 1610 a.
1209 1589 1229 1610 I.
1247 1595 1269 1617 q.
1288 1589 1308 1610 1.
1326 1588 1356 1610 ad
1374 1589 1402 1615 2;
1420 1588 1456 1609 IV.
1475 1588 1535 1610 Seni.
1553 1588 1575 1610 d.
1594 1588 1614 1610 I.
1633 1587 1688 1610 dub.
1708 1588 1728 1610 3.

1132 1626 1155 1648 II.
1173 1626 1206 1648 De
1218 1627 1267 1654 ipsa
1280 1627 1322 1649 hac
1339 1627 1488 1655 quaestione:
1506 1626 1579 1654 ‘Scot⁷
1600 1627 1636 1648 hic
1652 1633 1674 1655 q.
1693 1627 1713 1648 3.
1730 1638 1762 1642 —
1779 1626 1800 1648 S.
1819 1626 1914 1653 Thom.‚

1070 1665 1106 1687 hic
1123 1671 1145 1693 q.
1164 1666 1184 1687 2.
1203 1671 1222 1687 a.
1242 1665 1270 1692 =I;
1289 1665 1310 1686 S.
1328 1665 1342 1686 l.
1360 1665 1383 1686 II.
1402 1671 1423 1693 q.
1443 1665 1450 1685 11
1459 1665 1478 1686 I.
1497 1671 1516 1686 a.
1535 1665 1555 1686 3.
1573 1677 1605 1681 —
1621 1665 1644 1687 B.
1662 1665 1762 1692 Albert.⁷
1781 1665 1817 1686 liic
1834 1671 1855 1692 q.
1878 1664 1913 1686 12.

1069 1706 1091 1726 θῖ
1108 1710 1172 1732 seqq.
1190 1716 1221 1720 —
1237 1704 1295 1726 Petr.
1313 1710 1325 1725 a
1344 1704 1395 1726 Tar.
1406 1722 1411 1732 ‚
1430 1705 1466 1727 liic
1483 1711 1504 1733 q.
1524 1705 1544 1726 2.
1562 1710 1582 1726 a.
1601 1705 1621 1726 2.
1638 1716 1670 1720 —
1686 1703 1792 1726 Richard.
1810 1709 1823 1725 a
1840 1703 1913 1731 Med,

1070 1743 1105 1764 lile
1123 1748 1142 1764 a.
1161 1743 1181 1764 2.
1201 1749 1223 1771 q.
1242 1743 1262 1764 3.
1280 1755 1311 1758 —
1327 1743 1396 1765 Henr.
1415 1743 1503 1771 Gand.‚
1522 1744 1543 1765 S.
1562 1749 1581 1765 a.
1599 1742 1636 1765 72.
1655 1750 1677 1772 q.
1697 1743 1717 1765 3.
1735 1749 1756 1765 n.
1775 1743 1783 1764 ¹I
1795 1743 1811 1764 I.
1828 1742 1914 1764 —Du-

1069 1780 1133 1802 rand.
1145 1799 1150 1808 ,
1169 1781 1205 1803 hic
1222 1788 1243 1810 q.
1263 1782 1283 1803 2.
1300 1793 1331 1797 -—
1347 1781 1440 1808 Dionys.
1458 1781 1541 1809 Cartli.‚
1552 1782 1588 1804 hic
1605 1788 1626 1810 q.
1646 1781 1666 1804 4.
1678 1794 1710 1798 —
1721 1782 1782 1809 Biel,
1801 1782 1837 1803 hic
1856 1788 1878 1810 q.
1892 1781 1912 1803 4.

897 1849 1108 1886 QUAEsrio
1140 1850 1175 1877 11.

625 1919 729 1947 Utrum
748 1919 808 1948 solo
829 1920 886 1948 Deo
906 1919 966 1948 sive
988 1919 1059 1948 bono
1081 1920 1211 1948 increato
1231 1918 1393 1956 fruendum
1414 1920 1460 1948 sit.

244 1995 345 2024 Ultimo
366 1996 526 2033 quaeritur,
547 1999 646 2025 utrum
661 1997 718 2025 solo
733 1997 789 2025 Deo
804 1997 862 2025 sive
877 1997 948 2025 bono
971 1997 1009 2025 in-

166 2044 258 2070 creato
280 2041 315 2070 sit
335 2042 505 2076 fruendum3
526 2045 553 2070 et
573 2043 648 2079 quod
671 2043 724 2077 sic,
747 2043 866 2071 videtur.

247 2089 270 2116 1.
292 2088 341 2117 Illo
362 2088 421 2117 solo
442 2092 484 2117 est
504 2089 671 2125 fruendum,
693 2090 768 2126 quod
783 2092 824 2118 est
845 2092 959 2127 propter
981 2097 1010 2118 se

227 2181 234 2195 ¹
253 2181 331 2204 Plures
348 2188 402 2204 mss.
415 2186 440 2205 ut
451 2182 469 2204 A
478 2182 494 2204 F
503 2183 521 2204 G
530 2182 549 2204 H
558 2183 575 2204 K
588 2183 602 2204 S
613 2183 630 2205 T
641 2183 660 2204 Y
670 2185 711 2205 etc.
723 2189 776 2205 cum
788 2184 824 2205 ed.
838 2184 845 2205 I
860 2183 938 2206 simili.
957 2184 1006 2205 Mox

165 2219 276 2241 mendum
294 2220 357 2247 Vat.⁷
376 2226 435 2248 quae
452 2223 504 2248 post
521 2226 545 2243 se
562 2220 614 2250 ipsa
630 2221 694 2243 addit
710 2221 805 2250 anima,
824 2222 963 2249 castigamus
980 2228 1006 2244 ex

165 2264 219 2280 mss.
237 2261 259 2280 et
275 2258 311 2280 ed.
338 2259 346 2280 *l
362 2266 366 2286 ;
385 2259 435 2281 cod.
461 2259 482 2281 X
499 2259 540 2282 sed
556 2261 590 2282 est
606 2265 630 2282 se
647 2259 699 2290 ipsa
716 2259 807 2283 similis.
825 2260 847 2282 ln
866 2261 963 2282 lectione
984 2261 1007 2282 in

164 2298 250 2318 textum
267 2298 359 2324 recepta
381 2296 511 2320 similitudo
536 2299 634 2320 sumitur
651 2301 757 2321 concrete
774 2302 796 2321 et
813 2305 894 2321 sensus
911 2301 959 2321 est:
977 2300 1007 2321 si-

164 2335 218 2357 mile
234 2336 321 2357 ratione
337 2335 489 2358 similitudinis
507 2337 614 2358 convenIt
629 2336 761 2359 immediate
777 2343 831 2359 cum
848 2337 1008 2359 consimili.—

164 2374 233 2396 Paqu
246 2376 298 2402 post
314 2374 365 2396 cod.
384 2374 402 2396 T
420 2374 489 2398 homo
506 2381 549 2403 pro
561 2375 660 2402 am'mtt;
679 2376 758 2403 plures
770 2382 825 2398 vero
838 2376 905 2398 codd.
924 2378 948 2398 ut
964 2375 980 2399 C
990 2376 1006 2398 L

165 2412 183 2434 R
194 2412 236 2434 SU
253 2413 361 2435 omittunt
377 2412 471 2439 anima,
489 2413 530 2435 sed
547 2419 591 2435 non
609 2413 675 2436 bene.

227 2451 237 2465 ²
254 2450 309 2473 Cod.
327 2451 347 2472 X
366 2452 402 2473 hic
419 2453 500 2479 repetit
516 2458 599 2475 unum.

227 2488 237 2503 ³
254 2488 309 2511 Cod.
328 2489 408 2511 WXZ
426 2490 553 2518 adlungunt
570 2490 639 2518 ibi,et
656 2497 708 2513 mox
725 2491 776 2513 cod.
794 2491 812 2512 Α
830 2494 881 2519 post
898 2491 1007 2520 sequitur

164 2529 247 2556 repetit
263 2527 390 2551 delectatio.

227 2565 236 2579 ⁴
254 2566 308 2589 Cod.
319 2566 340 2588 X
351 2566 413 2588 addit
430 2567 507 2589 etiam.
519 2568 587 2590 Paulo
597 2571 649 2595 post
658 2568 725 2590 codd.
736 2575 762 2591 aa
769 2568 801 2591 bb
811 2568 943 2598 spiritualis
956 2569 1006 2591 loco

164 2603 336 2627 immaterialis.
347 2605 396 2627 Mox
405 2605 472 2627 codd.
483 2607 540 2628 inter
548 2613 623 2629 senon
633 2608 772 2629 conveniunt
782 2615 786 2635 ;
802 2614 854 2630 nam
864 2608 931 2630 codd.
940 2607 981 2630 AC
989 2608 1007 2630 G

165 2643 194 2665 IL
202 2644 216 2665 S
225 2644 242 2665 T
251 2644 268 2665 U
276 2644 306 2665 W
318 2646 370 2671 post
382 2643 493 2667 tristatur
508 2646 615 2667 omittunt
630 2645 672 2673 in‚·
690 2646 758 2668 codd.
771 2647 789 2667 R
801 2649 823 2668 et
835 2647 853 2668 st·
863 2649 951 2674 ponunt
963 2646 1007 2675 cib,-

165 2682 215 2704 cod.
233 2681 265 2704 bb
282 2688 339 2704 vero
356 2688 404 2710 eam
422 2683 499 2710 plui-es
517 2685 593 2705 autem
610 2686 635 2705 ut
652 2684 719 2706 FHK
736 2687 778 2707 etc.
798 2691 852 2707 cum
869 2685 905 2707 ed.
924 2686 931 2707 l
953 2685 985 2708 in.

226 2720 236 2735 ⁵
247 2720 279 2742 De
291 2721 334 2743 bac
345 2720 470 2743 differentia
482 2722 539 2744 inter
551 2728 644 2744 sensum
656 2726 678 2745 et
688 2724 827 2746 intellectum
839 2724 892 2746 vide
904 2724 1006 2753 Ariston,

164 2758 187 2780 II.
200 2758 229 2781 de
240 2759 332 2787 Anima,
350 2761 401 2781 text.
421 2760 472 2781 123.
490 2762 512 2781 et
530 2759 580 2782 143.
599 2762 667 2788 paulo
684 2768 755 2790 supra
767 2763 864 2790 relatos7
882 2765 904 2785 et
912 2763 962 2785 libr.
975 2763 1006 2785 111.

165 2799 215 2819 text.
234 2797 254 2819 4.
273 2797 326 2825 (ed.
344 2798 413 2820 Paris.
432 2804 451 2820 c.
469 2797 514 2827 4.):
531 2799 627 2821 Necesse
645 2803 679 2822 est
696 2802 787 2830 itaque,
805 2802 914 2830 quoniam
932 2802 1008 2830 (intel-

165 2836 249 2864 lectus)
271 2837 348 2858 omnia
376 2837 492 2865 intelllgit‚
516 2838 645 2860 immixtum
669 2845 734 2866 esse;
762 2842 784 2861 et
808 2842 859 2861 text.
885 2840 914 2862 7:
940 2840 1007 2868 Quod

165 2877 241 2897 autem
258 2881 302 2898 non
320 2876 399 2898 similis
412 2869 444 2898 'sit
462 2876 631 2904 impassibilitas
648 2878 748 2900 sensitivi
766 2881 787 2900 et
808 2879 944 2907 intellectui,
962 2885 1007 2901 ma-

1067 1997 1256 2033 diligendum;
1278 1997 1327 2026 sed
1349 1997 1419 2026 illud
1452 1997 1543 2026 solum
1555 1997 1574 2012 ¹⁰
1596 2000 1637 2026 est
1658 2000 1772 2034 propter
1794 2005 1823 2026 se
1853 1997 1912 2025 dili-

1066 2044 1205 2080 gendum,
1227 2043 1302 2080 quod
1323 2046 1365 2072 est
1385 2046 1500 2080 propter
1522 2051 1551 2072 se
1581 2044 1702 2078 bonum;
1725 2044 1795 2072 illud
1816 2046 1911 2072 autem

1066 2092 1181 2127 propter
1202 2098 1231 2133 se
1253 2093 1294 2119 est
1315 2090 1436 2124 bonum,
1466 2090 1541 2127 quod
1570 2091 1738 2125 bonitatem,
1759 2099 1845 2127 quam
1865 2091 1911 2118 ha-

1063 2184 1170 2206 nifestum
1188 2186 1222 2205 est
1237 2190 1264 2206 ex
1282 2184 1390 2206 sensoriis
1406 2186 1429 2206 et
1444 2190 1521 2206 sensu.
1539 2184 1624 2206 Sensus
1641 2185 1702 2207 enim
1718 2190 1763 2206 non
1776 2186 1851 2212 potest
1861 2190 1911 2206 sen-

1063 2224 1105 2245 tIre
1122 2229 1149 2245 ex
1165 2223 1296 2245 vehementi
1313 2223 1437 2245 sensibili...
1456 2223 1497 2245 sed
1514 2223 1638 2245 intellectus
1655 2229 1708 2245 cum
1725 2223 1811 2252 aliquid
1828 2224 1910 2245 intelle-

1064 2263 1119 2284 xerit
1136 2262 1203 2284 valde
1220 2261 1375 2290 intelligibile,
1393 2268 1438 2284 non
1456 2262 1532 2284 minus
1550 2262 1652 2290 intelligit
1677 2262 1798 2290 inferiora,
1820 2262 1861 2284 sed
1887 2265 1909 2284 et

1064 2301 1154 2329 magis;
1172 2302 1308 2323 sensitivum
1326 2302 1388 2323 enim
1406 2307 1450 2323 non
1469 2301 1517 2323 sine
1534 2307 1632 2329 corpore
1649 2303 1693 2329 est,
1711 2301 1747 2323 hic
1765 2301 1908 2330 (intellectus)

1063 2342 1139 2361 autem
1156 2339 1291 2367 separabilis
1308 2341 1349 2362 est.

1126 2377 1135 2392 6
1147 2378 1285 2400 Auctoritate
1298 2378 1453 2406 antiquiorum
1465 2383 1520 2399 mss
1532 2377 1692 2400 substituimus
1703 2376 1846 2407 intelligibile
1858 2378 1908 2400 loeo

1065 2414 1238 2445 ztnrteltiqenttae.

1125 2454 1135 2469 ⁷
1153 2455 1182 2476 Ita
1200 2454 1267 2476 codd.
1285 2453 1479 2476 CHKOSTUY
1497 2460 1523 2476 aa
1541 2454 1573 2476 bb
1590 2457 1612 2476 et
1628 2449 1664 2476 ed.
1679 2455 1703 2482 I,
1721 2454 1763 2477 sed
1781 2454 1847 2477 codd.
1866 2455 1907 2476 AF

1063 2493 1261 2514 ILMRVWXZ
1278 2491 1461 2525 purticipumlo;
1480 2493 1530 2515 Vat.
1549 2495 1625 2515 autem
1651 2499 1704 2515 cum
1729 2493 1780 2515 cod.
1808 2499 1833 2515 cc
1857 2499 1907 2523 per.

1064 2532 1113 2554 Mox
1131 2531 1198 2553 codd.
1217 2531 1237 2553 X
1255 2534 1277 2553 et
1293 2531 1312 2553 Y
1329 2531 1481 2560 confortatur
1498 2532 1547 2554 loco
1564 2531 1717 2562 fortzficatur.

1126 2569 1136 2584 ⁸
1152 2570 1207 2592 Cod.
1225 2576 1251 2592 cc
1268 2568 1356 2592 scilicet
1371 2571 1488 2599 quantum
1505 2576 1547 2598 pro
1564 2569 1694 2593 secundum
1711 2570 1781 2599 quod.

1125 2608 1135 2623 ⁹
1153 2608 1224 2631 Codd.
1242 2608 1258 2630 F
1276 2611 1297 2630 et
1314 2608 1320 2629 I
1338 2608 1394 2637 qui,
1412 2610 1466 2630 saus
1483 2608 1556 2637 bene,
1575 2611 1597 2631 et
1614 2610 1754 2631 conveniunt
1770 2610 1847 2638 quoad
1859 2617 1908 2633 sen-

1064 2654 1116 2670 sum
1133 2653 1187 2669 cum
1204 2647 1254 2669 cod.
1273 2647 1291 2668 T
1302 2665 1307 2674 ⁷
1325 2648 1365 2675 qui
1382 2647 1450 2669 hahet
1467 2647 1530 2677 quia.

1125 2685 1146 2700 10
1155 2686 1185 2707 Ex
1195 2685 1363 2714 antiquioribus
1380 2692 1434 2708 mss.
1443 2688 1465 2708 et
1473 2686 1526 2708 edd
1541 2686 1667 2708 adiecimus
1678 2685 1764 2713 solum,
1777 2686 1840 2715 quod
1849 2687 1908 2709 male

1064 2724 1129 2747 abest
1136 2731 1148 2746 a
1156 2724 1206 2746 Vat.
1215 2726 1237 2746 et
1244 2725 1369 2746 recentiore
1379 2724 1430 2747 cod.
1440 2731 1473 2747 cc.
1482 2737 1513 2741 —
1522 2725 1604 2747 Deliae
1613 2725 1769 2752 propositione
1778 2726 1866 2747 minore
1872 2733 1908 2749 ar-

1064 2769 1128 2791 gum.
1142 2763 1181 2784 cfr.
1194 2763 1292 2790 Aristot,
1306 2763 1359 2785 VIII.
1372 2763 1442 2785 Ethic.
1455 2770 1473 2785 c.
1487 2763 1515 2785 5:
1526 2763 1593 2791 Quod
1604 2764 1665 2785 enim
1675 2763 1872 2786 absolutebonum
1881 2771 1907 2787 ac

1064 2801 1191 2824 iucundum
1204 2804 1249 2829 est,
1264 2801 1361 2824 amabile
1373 2805 1407 2824 est
1419 2805 1487 2831 atque
1505 2803 1616 2831 eligibile3
1629 2804 1753 2832 unicuique
1771 2810 1826 2826 vero
1844 2804 1907 2832 quod

1064 2841 1187 2869 unicuique
1194 2840 1285 2862 esttale.
1301 2839 1345 2862 Cfr.
1362 2842 1429 2863 etiam
1447 2841 1461 2863 I.
1474 2841 1544 2863 Ethic.
1558 2848 1576 2863 c.
1591 2842 1611 2863 I.
1624 2842 1645 2863 2.
1655 2844 1677 2864 et
1689 2842 1715 2870 8,
1733 2841 1773 2864 ubi
1786 2842 1815 2864 de
1827 2843 1906 2864 ultimo

1064 2879 1120 2907 fine;
1133 2881 1155 2901 et
1168 2879 1181 2900 I.
1195 2878 1296 2906 Magnor.
1307 2879 1382 2901 IIIoral.
1406 2886 1425 2902 c.
1444 2880 1465 2908 2,
1483 2879 1522 2902 ubi
1535 2880 1563 2902 de
1575 2880 1637 2902 bono
1654 2881 1676 2902 in
1694 2881 1811 2903 communi
1823 2882 1905 2908 agitur.
