2253 3317
317 149 353 177 68
995 147 1247 176 SENTENTIARUM
1269 147 1328 175 LIB.
1349 147 1367 175 Ι.

315 230 357 256 651
378 225 520 259 infinitus,
542 228 569 254 et
591 225 747 254 intellectus
769 225 882 253 finitus:
905 231 972 261 ergo
995 226 1045 253 etc.
1067 224 1158 253 Prae-

316 277 413 307 terea,
436 273 458 301 si
490 275 531 301 est
551 272 645 308 aliqua
672 271 832 308 proportio,
854 271 966 300 videtur
996 271 1069 308 quod
1102 279 1158 299 non

317 320 352 348 sit
372 319 531 352 sufficiens,
553 317 619 354 quia
640 317 704 354 plus
725 317 809 346 distat
829 325 930 346 verum
951 317 1107 346 increatum
1122 317 1159 346 ab

315 365 458 394 intellectu
479 365 603 392 humano
614 385 621 398 ,
636 371 721 400 quam
735 363 879 400 quodlibet
893 366 1019 392 creatum
1034 363 1160 400 intelligi-

315 412 370 441 bile
391 420 408 440 a
429 419 512 440 sensu
525 411 540 438 ¹.
563 410 616 439 Sed
638 417 755 444 sensus,
777 410 825 447 qui
846 412 888 438 est
908 410 1086 447 perceptivus
1100 418 1160 439 sen-

315 458 422 492 sibilis,
443 464 588 494 nunquam
610 456 737 485 elevatur
757 456 793 485 ad
822 456 1006 493 cognitionem
1034 455 1160 492 intelligi-

315 505 378 533 bilis
401 504 504 533 creati:
526 511 592 540 ergo
613 511 663 532 nec
685 502 842 531 intellectus
862 510 988 540 unquam
1002 502 1159 531 elevabitur

315 551 349 580 ad
372 550 555 587 cognitionem
577 549 758 586 intelligibilis
778 549 902 578 increati.

394 597 420 625 3.
442 597 528 631 Item,
551 604 587 625 ex
607 596 737 624 secunda
756 596 946 633 suppositione
967 596 1023 625 sic:
1046 603 1159 624 necesse

315 647 374 678 est,
395 651 455 672 esse
476 643 608 671 unionem
623 642 816 679 cognoscibilis
829 642 865 671 ad
880 645 1106 679 cognoscentem,
1121 642 1160 670 ita

315 690 391 728 quod
411 698 500 718 unum
522 690 557 718 sit
578 689 606 717 in
627 688 737 717 311610Ξ
749 700 757 723 ;
779 688 828 717 5611
849 696 1018 725 cognoscens
1038 696 1093 716 non
1118 690 1160 717 est

317 738 345 766 in
366 736 562 773 cognoscibili,
584 735 634 764 sed
655 743 670 764 6
685 742 838 769 60111615ος
853 735 902 764 5611
917 734 1088 772 impossibile
1109 736 1159 768 est,

316 783 456 812 infinitum
477 783 538 820 capi
560 782 595 810 ab
616 782 677 819 ipso
697 781 793 810 finito:
821 789 889 818 ergo
916 781 1088 818 impossibile
1118 783 1160 809 est

315 838 375 859 esse
396 830 423 858 in
444 829 510 858 illo:
532 837 599 865 ergo
620 828 710 857 Deum
732 835 793 857 esse
813 828 842 856 in
869 827 1013 856 intellectu
1039 830 1081 856 est
1112 827 1161 855 im-

316 876 465 914 possibile,
487 883 552 904 cum
573 875 608 904 sit
628 875 762 903 infinitus.

393 924 419 951 lt.
441 923 527 956 Item,
548 930 585 951 ex
607 922 693 950 tertia
721 920 910 958 suppositione
930 921 989 949 sic:
1010 920 1046 949 ad
1071 921 1161 957 cogni-

316 970 420 998 tionem
439 976 552 997 necesse
579 971 638 1002 est,
660 975 721 996 esse
752 968 780 996 in
811 969 992 1004 cognoscente
1024 967 1160 995 iudicium

315 1016 350 1045 de
371 1016 498 1052 cognit03
520 1015 569 1044 sed
590 1022 672 1043 omne
694 1014 820 1043 iudicans
848 1013 932 1042 habet
962 1021 1043 1050 posse
1075 1021 1160 1050 super

318 1062 493 1091 111111631111113
504 1072 512 1096 ;
535 1061 646 1089 finitum
666 1063 761 1089 autem
791 1068 847 1088 non
867 1060 953 1088 habet
972 1067 1054 1096 posse
1075 1067 1161 1096 super

317 1108 473 1137 infinitum:
495 1115 563 1144 ergo
583 1107 618 1136 de
639 1107 687 1135 illo
708 1115 763 1135 non
778 1107 901 1141 iudicat;
919 1106 968 1135 sed
982 1106 1019 1134 ad
1034 1106 1162 1142 cognitio-

316 1162 381 1183 nem
402 1154 601 1192 requirebatur
622 1153 776 1182 iudicium:
798 1161 865 1190 ergo
889 1152 1046 1181 intellectus
1065 1152 1162 1180 finitus

317 1209 373 1229 non
404 1201 543 1238 cognoscit
572 1200 662 1229 Deum
694 1200 852 1234 infinitum,
874 1206 960 1236 super
991 1206 1076 1236 quem
1107 1206 1161 1227 non

317 1247 402 1276 habet
421 1255 512 1284 posse.

397 1295 421 1322 5.
438 1294 523 1328 Item,
539 1301 574 1322 ex
590 1295 700 1331 quarta
719 1292 774 1321 sic:
788 1299 901 1321 necesse
915 1293 975 1326 est,
991 1291 1163 1320 intellectum

318 1342 528 1376 cognoscentem
549 1339 693 1368 informari
714 1347 730 1367 a
751 1337 899 1375 cognit0⁴3
921 1337 970 1366 sed
991 1345 1073 1366 omne
1087 1337 1163 1374 quod

319 1386 439 1415 alterum
460 1386 608 1420 informat,
630 1388 678 1414 aut
699 1385 830 1414 informat
851 1393 901 1422 per
922 1384 1093 1417 essentiam,
1114 1386 1164 1412 aut

318 1440 369 1470 per
389 1432 632 1466 similitztdinem;
653 1432 702 1461 sed
724 1432 798 1460 Deus
819 1440 875 1460 non
899 1431 1030 1459 informat
1050 1438 1101 1468 per
1123 1437 1163 1458 es-

319 1480 454 1513 sentiam,
476 1479 541 1516 quia
562 1479 633 1507 nulli
653 1479 751 1507 unitur
771 1480 803 1507 ut
824 1478 932 1512 forma,
953 1485 1004 1506 nec
1019 1485 1069 1514 per
1090 1476 1164 1505 simi-

318 1525 466 1554 litudinem
486 1526 670 1559 abstractam,
692 1525 758 1562 quia
782 1524 935 1553 similitudo
962 1523 1102 1552 abstracta
1122 1525 1164 1551 est

1214 224 1386 262 spiritualior
1407 232 1439 253 60
1459 233 1476 253 3
1497 233 1553 262 quo
1580 225 1771 261 abstrahitur3
1795 226 1853 255 Deo
1874 228 1967 255 autem
1988 226 2058 255 nihil

1214 273 1256 299 est
1277 271 1451 307 spiritualius
1472 279 1523 300 1166
1544 274 1633 308 potest
1653 279 1731 301 esse:
1754 280 1821 310 ergo
1841 275 1892 301 etc.

1294 317 1420 346 CONTRA:
1436 319 1459 346 1.
1471 318 1568 346 Anima
1579 319 1721 347 rationalis
1733 321 1774 348 est
1785 319 1821 348 ad
1837 319 1985 356 imaginem
2000 319 2057 348 Dei.
2063 324 2198 344 Fundamenta-

1216 363 1269 392 Sed
1290 363 1363 392 sicut
1382 364 1449 392 dicit
1468 364 1640 401 Augustinus
1661 365 1689 393 in
1711 365 1783 393 libro
1803 365 1838 394 de
1860 366 2010 400 Trinitate,
2032 367 2059 394 et

1215 412 1257 438 est
1278 410 1306 438 in
1328 410 1420 438 littera
1434 411 1588 447 praesentis
1602 410 1818 440 distinctionis⁵:
1842 424 1852 436 «
1865 412 1901 440 Eo
1915 419 1994 440 mens
2018 413 2060 440 est

1215 455 1307 492 imago
1327 456 1394 491 Dei,
1426 464 1482 493 quo
1513 464 1602 494 capax
1630 457 1679 485 Dei
1707 460 1748 486 est
1778 460 1805 486 et
1832 458 1971 495 particeps
1998 465 2060 486 esse

1215 504 1343 538 potest».
1365 502 1470 539 Capere
1490 505 1584 531 autem
1605 511 1661 531 non
1688 505 1730 531 est
1757 504 1913 532 secundum
1935 504 2061 532 substan-

1215 548 1282 577 tiam
1302 549 1346 577 vel
1367 549 1516 578 essentiam
1528 572 1535 584 ,
1549 550 1615 586 quia
1634 550 1672 578 sic
1693 552 1735 578 est
1756 550 1784 578 in
1804 550 1934 579 omnibus
1954 552 2061 579 creatu-

1216 595 1270 623 ris:
1286 602 1353 632 ergo
1367 603 1418 632 per
1432 596 1616 632 cognitionem
1631 598 1658 624 et
1671 604 1810 625 amorem:
1833 604 1900 633 ergo
1920 596 1995 625 Deus
2015 604 2061 634 po-

1216 643 1269 670 test
1289 642 1417 678 cognosci
1437 650 1454 670 a
1474 645 1611 671 creatura.

1294 689 1320 716 2.
1342 688 1419 722 Item,
1439 688 1554 716 ratione
1574 689 1731 717 ostenditur
1752 689 1809 718 sic:
1831 690 1921 718 omnis
1941 689 2060 727 cognitio

1218 733 1371 770 spiritualis
1386 733 1417 762 fit
1431 734 1537 763 ratione
1559 734 1641 769 lucis,
1656 737 1683 764 et
1698 735 1804 764 ratione
1824 735 1895 765 lucis
1912 736 2060 771 increatae,

1216 782 1248 808 ut
1273 780 1339 809 dicit
1356 780 1527 817 Augustinus
1541 781 1569 809 in
1583 781 1741 818 Soliloquiis
1751 781 1775 816 ⁶3
1790 782 1838 810 sed
1854 782 1904 810 lux
1919 785 1961 811 est
1974 782 2062 811 maxi-

1217 833 1263 854 me
1284 826 1485 863 cognoscibilis,
1499 829 1526 855 et
1538 827 1612 855 Deus
1626 830 1668 856 est
1685 835 1795 856 summa
1809 828 1878 856 lux:
1894 836 1960 866 ergo
1974 829 2062 857 maxi-

1216 879 1262 900 me
1281 875 1323 901 est
1344 872 1536 909 cognoscibilis
1556 873 1608 910 ipsi
1629 873 1755 902 animae:
1778 881 1844 911 ergo
1865 877 1916 903 616.

1296 918 1322 947 3.
1344 919 1422 953 Item,
1439 926 1504 947 cum
1525 919 1579 947 sit⁷
1594 920 1712 956 cognitio
1733 920 1893 957 aliquorum
1913 928 1964 957 per
1984 928 2062 958 prae-

1217 965 1355 1000 sentiam,
1377 965 1537 1002 aliquorum
1557 973 1608 1003 per
1636 966 1866 1001 similitudinem,
1887 966 1935 995 illa
1965 974 2063 1004 cogno-

1217 1014 1335 1040 scuntur
1357 1012 1466 1046 verius,
1487 1019 1559 1048 quae
1580 1015 1785 1049 cognoscuntur
1799 1020 1850 1050 per
1864 1013 2060 1050 praesentiam,

1217 1061 1249 1086 ut
1270 1058 1336 1087 dicit
1356 1058 1561 1095 Augustinus⁸3
1583 1059 1632 1087 5611
1653 1059 1728 1088 Deus
1749 1061 1791 1088 est
1810 1059 1907 1088 unitus
1932 1060 1986 1097 ipsi
2006 1060 2062 1088 ani-

1218 1112 1280 1133 mae
1301 1112 1351 1142 per
1372 1105 1577 1142 praesentiam:
1592 1112 1659 1141 ergo
1675 1105 1749 1134 Deus
1771 1105 1866 1134 verius
1887 1106 2062 1142 cognoscitur

1219 1159 1304 1188 quam
1325 1151 1397 1185 alia,
1419 1158 1491 1188 quae
1511 1154 1717 1188 cognoscuntur
1736 1159 1787 1188 per
1808 1152 2028 1181 similitudinem.

1297 1198 1323 1226 lt.
1344 1197 1421 1232 116111,
1439 1198 1511 1226 sicut
1532 1205 1562 1226 se
1582 1197 1666 1226 habet
1687 1205 1798 1226 summa
1812 1198 1920 1227 bonitas
1940 1198 1976 1227 ad
1997 1199 2063 1227 dile-

1219 1244 1357 1279 ctionem,
1379 1244 1419 1273 sic
1439 1252 1550 1273 summa
1578 1245 1681 1273 veritas
1711 1244 1747 1273 ad
1779 1245 1982 1281 cognitionem;
2012 1245 2062 1274 sed

1219 1298 1331 1319 summa
1351 1290 1460 1319 bonitas
1474 1293 1516 1319 est
1530 1298 1640 1320 summe
1654 1291 1782 1319 amabilis
1796 1291 1832 1319 ab
1846 1291 1964 1320 affectu:
1976 1299 2043 1328 ergo
2053 1292 2063 1307 ⁹

1220 1345 1332 1366 summa
1346 1337 1449 1366 veritas
1463 1340 1505 1366 est
1519 1345 1629 1366 summe
1654 1337 1845 1374 cognoscibilis
1860 1337 1896 1366 ab
1911 1338 2061 1367 intellectu.

1299 1385 1325 1411 5.
1346 1383 1422 1417 Item,
1436 1383 1659 1420 unumquodque
1679 1383 1820 1412 efficacius
1836 1386 1927 1421 potest
1942 1384 1969 1412 in
1983 1384 2012 1413 id
2026 1384 2063 1414 ad

1220 1429 1294 1467 quod
1316 1429 1482 1458 naturaliter
1503 1429 1649 1458 ordinatur
1663 1430 1698 1464 ²⁰3
1719 1430 1769 1458 sed
1790 1430 1948 1459 intellectus
1967 1433 2062 1460 noster

1219 1475 1385 1504 naturaliter
1406 1476 1553 1504 ordinatur
1573 1476 1609 1504 ad
1629 1476 1813 1513 cognitionem
1831 1484 1958 1506 summae
1972 1477 2061 1506 lucis:

1220 1529 1287 1559 ergo
1308 1521 1355 1550 illa
1376 1522 1499 1551 maxime
1520 1522 1713 1559 cognoscibilis
1733 1525 1783 1551 est.

319 1735 386 1757 codd.
404 1737 426 1757 et
442 1735 494 1757 edd.
512 1736 570 1757 inter
586 1741 611 1757 se
627 1734 750 1761 dissident;
763 1734 828 1756 multi
840 1733 907 1755 codd.
919 1736 945 1756 ut
955 1732 1164 1755 AFGKMSTWXZ

319 1773 352 1795 bb
369 1780 395 1795 66
412 1776 465 1801 post
481 1773 588 1803 infinitus
604 1773 710 1795 omittunt
727 1773 803 1795 minus
815 1772 874 1794 bene
885 1773 907 1795 et
917 1770 1048 1795 intellectus
1065 1770 1164 1801 finitus,-

320 1812 398 1840 plures
415 1815 439 1834 ut
455 1812 500 1834 HY
518 1812 534 1833 it
550 1818 602 1834 cum
621 1811 673 1834 edd.
693 1812 718 1839 2,
737 1812 763 1839 3,
782 1811 809 1839 4,
827 1811 852 1839 5,
871 1811 884 1832 6
902 1812 991 1839 ponunt
1007 1810 1048 1833 sed
1068 1816 1111 1838 pro
1128 1811 1161 1838 ct,

321 1851 371 1873 cod.
389 1851 407 1872 R
431 1856 502 1878 vem,-
527 1850 619 1872 tandem
642 1850 693 1872 cod.
711 1856 738 1872 ee
759 1852 812 1877 post
836 1848 966 1872 intellectus
989 1848 1053 1871 addit
1070 1849 1149 1871 noster
1155 1857 1165 1876 ,-

320 1889 375 1911 nihil
391 1889 499 1911 duximus
516 1889 692 1911 immutandum.
710 1900 742 1904 —
758 1888 856 1916 Aristot,
874 1888 888 1909 l.
906 1887 935 1909 de
960 1886 1040 1915 Caelo,
1057 1889 1108 1909 text.
1126 1886 1163 1908 52.

321 1929 350 1957 (6.
368 1929 415 1956 6.);
432 1929 496 1951 Ratio
513 1931 589 1951 autem
607 1928 667 1950 nulla
684 1931 718 1950 est
735 1927 815 1949 infiniti
832 1926 861 1949 ad
878 1926 975 1949 finitum.

383 1966 391 1981 1
409 1967 439 1989 Ex
456 1973 510 1989 mss.
528 1966 585 1989 IXZ
603 1972 646 1994 pro
657 1965 768 1994 sensibili,
783 1965 846 1994 quod
863 1965 913 1987 Vat„
926 1970 979 1987 cum
991 1964 1097 1992 plurimis
1108 1969 1163 1986 mss.

321 2005 397 2033 habet,
414 2005 574 2028 substituimus
590 2010 675 2032 sensu,
695 2003 759 2033 quod
776 2004 890 2026 contextui
907 2003 982 2031 magis
999 2002 1165 2030 correspondet

321 2045 465 2073 formamque
492 2045 622 2072 argumenti
646 2043 820 2071 completiorem
836 2042 911 2065 16111111
924 2048 955 2066 ‚ac
972 2042 1121 2064 confirmatur
1137 2048 1164 2063 ex

320 2083 434 2105 Richardo
452 2089 464 2104 a
481 2082 547 2110 Med,
566 2083 602 2104 liic
619 2088 638 2104 3.
660 2083 678 2104 l.
696 2088 719 2110 q.
738 2082 758 2104 l.
776 2083 798 2103 et
814 2081 904 2112 Petro-a
917 2081 978 2108 Tan,
991 2081 1028 2103 hic
1044 2087 1066 2110 q.
1086 2081 1106 2108 l,
1124 2080 1164 2109 qui

321 2121 383 2143 idem
399 2124 563 2149 argumentum
580 2120 663 2142 eodem
680 2119 750 2142 modo
767 2122 907 2147 proponunt.
924 2119 994 2141 Paulo
1011 2121 1063 2141 ante
1080 2118 1131 2141 cod.
1143 2119 1163 2141 K

322 2160 402 2182 creato
419 2165 462 2187 pro
488 2158 601 2182 humano.
618 2170 650 2174 —
665 2158 698 2180 De
715 2158 872 2186 propositione
897 2157 986 2179 minore
1002 2157 1071 2179 buius
1095 2163 1165 2185 argu-

321 2198 390 2220 menti
407 2198 447 2219 cfr.
464 2197 550 2225 Boeth.,
567 2197 595 2219 V.
613 2196 642 2219 de
659 2196 748 2219 Consol.
766 2196 836 2218 Prosa
854 2195 876 2218 4.

383 2235 393 2250 ²
410 2234 528 2263 Colligitur
544 2241 571 2257 ex
588 2241 628 2263 eo,
647 2235 710 2264 quod
727 2235 827 2263 cognitio
844 2235 873 2257 sit
893 2233 955 2257 actio
971 2233 1117 2261 immanens,
1134 2233 1164 2255 de

322 2280 367 2302 qua
384 2274 438 2296 vide
454 2274 553 2302 Aristot.‚
570 2273 608 2295 IX.
625 2274 722 2301 Metaph.
740 2275 792 2296 text.
811 2273 846 2295 te.
865 2272 928 2301 (Vlll.
946 2272 989 2301 8.);
1007 2274 1029 2294 et
1053 2272 1165 2300 supponi-

321 2315 359 2334 tur
375 2312 404 2334 ab
421 2312 519 2340 Aristot,
537 2313 569 2334 lII.
587 2312 617 2335 de
632 2313 726 2340 Anima,
744 2314 796 2335 text.
815 2312 836 2334 6.
859 2313 881 2334 61
898 2311 975 2334 37-39.
993 2311 1022 2339 (c.
1040 2311 1061 2333 4.
1078 2313 1100 2333 et
1117 2310 1163 2339 8.)‚

322 2351 362 2373 ubi
379 2351 440 2379 dicit,
458 2352 558 2373 animam
575 2357 626 2373 esse
649 2350 727 2374 locum
743 2350 888 2379 formarum,
906 2351 980 2378 ipsam
1003 2349 1164 2378 cognoscendo

323 2389 494 2419 quodammodo
510 2395 559 2413 esse
570 2389 663 2417 ommia,
683 2390 706 2411 in
722 2390 772 2417 ipsa
790 2395 834 2411 non
852 2395 902 2411 esse
913 2388 977 2418 ipsas
993 2394 1044 2417 res,
1063 2388 1104 2411 sed
1117 2387 1164 2418 for-

322 2433 374 2450 mas
390 2433 475 2450 aarum
491 2428 675 2456 intellectumque
691 2434 742 2450 esse
758 2427 863 2456 sormam
878 2426 1022 2456 formarum.

382 2466 392 2481 ³
409 2467 514 2495 August„
532 2467 562 2489 de
578 2467 639 2489 Vera
656 2467 728 2495 Relig.
746 2473 766 2489 6.
784 2467 821 2489 21³.
839 2473 861 2488 n.
879 2466 921 2489 53:
943 2466 1046 2488 iudicare
1062 2466 1092 2488 de
1116 2471 1163 2488 cor·

321 2505 417 2533 poribus
429 2511 474 2528 11011
487 2506 603 2528 sentientis
614 2508 702 2528 tantum
714 2506 786 2533 vitae,
804 2505 845 2527 sed
857 2505 925 2527 etiam
942 2504 1096 2527 ratiocinantis
1107 2506 1163 2526 est...

320 2544 366 2565 lam
383 2550 439 2566 vero
455 2544 512 2566 illud
529 2543 608 2566 videre
620 2544 753 2566 facillimum
770 2546 816 2572 est,
834 2543 1023 2572 praestantiorem
1039 2549 1090 2565 esse
1106 2542 1163 2565 iudi-

322 2585 423 2610 cantem,
441 2589 511 2611 quam
528 2583 564 2604 illa
581 2589 619 2605 res
635 2586 681 2610 est,
704 2583 734 2605 de
759 2589 805 2611 qua
821 2582 943 2605 iudicatur.
959 2594 991 2599 —
1008 2581 1062 2605 Cod.
1088 2581 1109 2604 X
1127 2582 1164 2604 1116

322 2620 385 2643 addit
400 2620 462 2644 sicut
477 2620 534 2644 dicit
548 2621 705 2650 Augustinus.

382 2658 392 2673 ⁴
409 2659 493 2682 Textus
509 2661 598 2682 Aristot.
616 2660 645 2682 de
662 2661 705 2682 hac
721 2666 746 2682 re
762 2659 816 2682 vide
835 2665 906 2688 supra
923 2660 945 2681 in
958 2665 1007 2687 arg.
1024 2665 1051 2681 ex
1062 2658 1163 2681 secunda

321 2698 485 2725 suppositione.
502 2709 534 2714 —
549 2698 582 2720 De
593 2698 680 2726 duplici
692 2698 763 2721 modo
774 2698 954 2726 informationis,
971 2698 1019 2720 scil.
1030 2703 1073 2727 per
1090 2702 1163 2720 653671-

321 2736 379 2757 ltam
396 2739 418 2757 et
433 2741 475 2764 per
492 2735 670 2759 similitudinem
687 2736 728 2758 cfr.
745 2736 802 2758 infra
830 2736 932 2758 fundam.
951 2736 971 2757 3.
988 2747 1020 2752 ·—
1036 2736 1085 2757 Mox
1110 2737 1163 2763 post

322 2773 385 2796 Dms
396 2779 445 2796 non
461 2773 575 2802 informat
592 2775 674 2803 supple
691 2781 744 2797 cum
756 2775 808 2798 cod.
820 2775 838 2797 R
855 2774 1005 2798 intellectum.

383 2811 393 2825 ⁵
410 2810 464 2839 Cap.
482 2812 503 2834 2.
521 2813 580 2835 circa
598 2814 693 2836 initium.
711 2813 734 2835 In
751 2814 802 2841 ipso
819 2816 880 2836 textu
897 2813 1019 2841 Augustini
1036 2818 1090 2835 mss.
1108 2818 1162 2834 cum

323 2849 359 2871 ed.
377 2850 386 2871 1l
408 2850 491 2872 liabent
507 2851 529 2873 et
545 2857 587 2879 pro
604 2851 712 2881 eiusque,
738 2851 801 2880 quod
824 2851 893 2874 habet
910 2852 960 2874 Vat.
978 2857 1032 2874 cum
1050 2851 1161 2880 originali.

322 2899 353 2904 —-
369 2888 438 2910 Paulo
455 2889 512 2910 intra
529 2891 581 2916 post
597 2890 676 2912 autem
693 2889 744 2912 cod.
764 2889 782 2911 O
799 2889 862 2912 addit
878 2889 921 2913 hic.

1282 1732 1292 1747 ⁶
1310 1732 1410 1760 Sensus,
1428 1738 1473 1753 11011
1490 1731 1563 1754 verba
1579 1731 1701 1760 Augustini
1713 1732 1839 1760 allegantur
1856 1738 1883 1754 ex
1900 1732 1914 1754 I.
1933 1732 2024 1761 Soliloq.
2042 1738 2061 1755 c.

1221 1771 1247 1798 8,
1259 1770 1299 1792 ubi
1311 1771 1344 1793 sic
1360 1770 1472 1792 habetur:
1490 1769 1636 1793 Credendum
1653 1774 1694 1799 est,
1711 1777 1738 1793 63
1756 1770 1914 1799 (intelligibilia
1931 1771 2062 1800 disciplina-

1221 1815 1272 1831 rum
1289 1808 1439 1836 spectamina)
1457 1814 1503 1831 non
1520 1814 1589 1836 posse
1605 1809 1711 1837 intelligi,
1729 1810 1771 1832 nisi
1783 1809 1812 1832 ab
1824 1809 1868 1831 alio
1884 1810 1950 1838 quasi
1960 1815 2003 1832 suo
2014 1809 2062 1832 sole

1220 1848 1359 1870 illustrentur
1377 1848 1425 1877 (qui
1443 1848 1491 1876 sol,
1509 1851 1533 1870 ut
1549 1854 1576 1870 ex
1598 1847 1629 1870 ibi
1651 1847 1801 1876 sequentibus
1822 1851 1898 1877 patet,
1916 1849 1966 1877 ipse
1989 1853 2062 1871 secre-

1220 1886 1325 1910 tissimus
1342 1886 1404 1910 Deus
1421 1886 1471 1915 est).
1488 1899 1519 1903 —
1535 1886 1586 1909 Vat.
1604 1888 1648 1909 1106
1665 1890 1829 1915 argumentum
1846 1887 1947 1910 mutilate
1963 1887 2061 1916 exhibet,

1220 1925 1345 1948 omittendo
1361 1925 1446 1948 scilicet
1462 1926 1484 1947 in
1502 1926 1658 1954 propositione
1675 1926 1761 1948 maiore
1773 1927 1796 1948 et
1810 1925 1902 1948 ratione
1920 1924 1992 1954 lucis,
2006 1926 2061 1948 etin

1220 1965 1308 1986 minore
1329 1965 1352 1987 et
1372 1964 1435 1986 Deus
1461 1965 1497 1987 est
1516 1969 1612 1987 summa
1633 1963 1694 1992 lu-sc,
1717 1970 1773 1993 erqo
1789 1963 1895 1987 maoeinw
1916 1965 1951 1987 est
1977 1970 2062 1994 coam)-

1219 2002 1313 2026 scibilis.

1281 2041 1291 2056 ⁷
1308 2041 1472 2064 Substituimus
1490 2047 1534 2069 ope
1552 2047 1606 2063 mss.
1623 2044 1646 2064 et
1662 2041 1715 2063 edd.
1734 2041 1757 2069 11,
1776 2042 1805 2069 2,
1823 2041 1836 2063 3
1854 2040 1885 2064 sit
1900 2047 1943 2069 pro
1958 2040 2007 2072 fiat.

1281 2080 1292 2095 ⁸
1308 2081 1374 2103 Forte
1399 2081 1554 2109 respiciuntur
1584 2080 1620 2102 illa
1650 2086 1710 2109 quae
1734 2080 1763 2102 X.
1781 2080 1811 2102 de
1828 2080 1891 2102 Trin.
1909 2086 1927 2103 c.
1947 2080 2007 2103 Β-Μ.
2024 2081 2062 2103 113-

1219 2119 1314 2148 bentur,
1332 2119 1371 2142 ubi
1388 2119 1527 2147 ostenditur,
1544 2120 1645 2141 animam
1656 2125 1684 2141 eo
1700 2120 1759 2147 ipso,
1771 2119 1835 2148 quod
1846 2118 1889 2141 sibi
1900 2120 1929 2142 sit
1940 2126 2061 2149 praesens,

1220 2158 1340 2180 certiorem
1357 2158 1510 2185 cognitionem
1528 2157 1613 2179 habere
1637 2157 1666 2180 de
1691 2164 1716 2180 56
1741 2164 1811 2186 quam
1836 2157 1865 2180 de
1882 2157 1953 2180 rebus
1969 2159 2061 2181 exterio·

1220 2196 1299 2224 ribus,
1317 2202 1375 2224 quas
1387 2202 1429 2224 pei·
1440 2196 1553 2223 imagines
1569 2197 1619 2218 sive
1640 2196 1799 2218 similitudines
1816 2196 1928 2224 percipit;
1944 2196 1981 2219 vel
1993 2197 2061 2219 etiam

1220 2235 1276 2257 haec
1294 2235 1346 2257 VIlI.
1364 2234 1393 2257 de
1410 2234 1473 2257 Trin.
1491 2240 1510 2257 c.
1522 2234 1543 2257 8.
1561 2241 1582 2256 11.
1596 2235 1624 2256 42
1635 2239 1640 2257 ;
1651 2235 1709 2257 Ε666
1720 2235 1766 2256 13111
1778 2236 1852 2263 potest
1864 2235 1976 2257 notiorem
1986 2234 2061 2257 Deum

1220 2272 1320 2301 hahere,
1337 2279 1407 2301 quam
1429 2273 1534 2301 fratrem
1552 2273 1619 2301 plane
1644 2274 1768 2301 notiorem,
1786 2273 1839 2301 quia
1864 2274 2060 2302 praesentiorem,

1220 2312 1339 2339 notiorem,
1351 2311 1405 2340 quIa
1416 2311 1547 2333 interiorem
1557 2329 1562 2339 ‚
1574 2312 1693 2339 notiorem,
1706 2311 1759 2340 quia
1770 2311 1898 2333 certiorem.
1914 2311 1977 2339 Quae
1988 2311 2061 2334 verba

1220 2349 1242 2371 S.
1260 2349 1419 2371 Bonaventura
1432 2349 1488 2371 infra
1500 2349 1522 2371 d.
1542 2349 1578 2371 t7.
1595 2355 1618 2377 p.
1634 2349 1648 2371 l.
1662 2349 1718 2371 dub.
1732 2349 1752 2371 2.
1764 2349 1801 2371 tali
1819 2349 1915 2377 explicat
1926 2349 2009 2378 modo,
2021 2351 2061 2379 qui

1220 2394 1314 2410 sensum
1332 2389 1401 2410 huius
1423 2389 1553 2416 argumenti
1570 2388 1672 2410 illustrat.
1689 2387 1734 2411 Cir.
1751 2389 1819 2410 etiam
1831 2388 1881 2410 libr.
1893 2388 1923 2410 de
1939 2388 2061 2418 Magistro,

1220 2433 1239 2449 c.
1258 2427 1266 2449 4
1274 2428 1294 2449 2.
1304 2433 1326 2449 n.
1337 2427 1374 2449 39.
1392 2426 1428 2449 40.
1440 2430 1463 2449 et
1479 2427 1508 2449 de
1518 2427 1623 2449 videndo
1635 2427 1689 2455 Deo,
1702 2433 1721 2449 c.
1737 2428 1771 2449 16.
1783 2434 1804 2449 n.
1823 2427 1864 2456 38,
1882 2427 1921 2449 ubi
1938 2431 1961 2450 et
1975 2427 2060 2456 duplex

1219 2466 1373 2494 cognoscendi
1390 2466 1487 2494 modus,
1504 2466 1589 2489 scilicet
1605 2472 1647 2494 per
1663 2467 1816 2494 praesentium
1833 2468 1855 2488 et
1876 2472 1919 2495 per
1935 2466 2060 2489 similitudi-

1219 2510 1272 2527 nem
1295 2505 1438 2532 proponitur.
1454 2516 1486 2520 —
1503 2504 1581 2526 Plures
1599 2505 1755 2532 antiquiorum
1773 2510 1827 2527 mss.
1845 2506 1870 2526 ut
1886 2503 1947 2527 CIM
1958 2505 1972 2526 S
1982 2504 2000 2526 T
2010 2505 2030 2527 V
2040 2504 2059 2526 Y

1219 2546 1261 2566 etc.
1279 2546 1331 2571 post
1348 2543 1539 2573 coquoscu'ntur,
1556 2543 1607 2565 licet
1631 2549 1676 2565 non
1694 2543 1764 2571 salso,
1788 2544 1863 2565 tamen
1881 2546 1976 2570 propter
1992 2549 2059 2571 argu-

1218 2582 1288 2604 menti
1305 2582 1403 2619 formam
1429 2582 1504 2604 minus
1521 2581 1580 2603 bene
1600 2587 1646 2611 per
1669 2581 1794 2604 essentiam
1818 2582 1868 2603 loco
1889 2587 1931 2610 per
1948 2587 2059 2610 praesen-

1219 2619 1291 2648 tiam,·
1309 2620 1391 2642 melius
1408 2620 1476 2642 codd.
1492 2619 1537 2642 LO
1552 2626 1596 2649 per
1612 2619 1737 2643 essentiam
1753 2619 1790 2643 vel
1805 2619 1972 2650 praesentiam.
1988 2620 2057 2642 Paulo

1218 2660 1271 2686 post
1287 2658 1337 2681 cod.
1357 2658 1374 2680 Y
1391 2657 1434 2680 illa
1451 2664 1493 2686 pro
1509 2657 1565 2680 alia.

1280 2696 1290 2711 ⁹
1307 2696 1347 2719 Ed.
1365 2697 1374 2718 l
1395 2697 1449 2719 satis
1466 2696 1524 2719 bene
1541 2696 1604 2720 addit
1621 2697 1757 2725 particulam
1774 2698 1802 2720 et.

1280 2734 1300 2749 ¹⁰
1316 2734 1361 2757 Ct'r.
1378 2735 1463 2763 Boetb.,
1486 2735 1517 2757 lll.
1535 2735 1564 2757 de
1589 2735 1678 2758 Consol.
1697 2736 1766 2758 Prosa
1784 2736 1792 2757 l
1800 2736 1820 2758 1.
1845 2747 1876 2752 -
1892 2734 1947 2758 Cod.
1964 2734 1981 2757 C
1998 2735 2057 2757 hanc

1218 2774 1399 2802 propositionem
1411 2774 1440 2796 ita
1453 2773 1554 2801 exhibet;
1565 2774 1751 2804 unumquodque
1767 2775 1800 2797 est
1816 2773 1943 2804 efficacius,
1962 2773 2056 2803 quando

1217 2813 1291 2840 potest
1314 2812 1339 2835 in
1359 2811 1389 2834 id.
1411 2813 1434 2834 lu
1456 2812 1501 2834 fine
1522 2814 1651 2841 argumenti
1673 2813 1724 2836 eod.
1747 2813 1769 2835 X
1794 2812 1858 2835 addit
1881 2811 1926 2842 ipsi
1949 2811 2056 2840 animae;

1217 2852 1299 2874 melius
1315 2851 1415 2879 placeret
1430 2851 1558 2875 intellectui
1572 2853 1660 2875 nostro.
