2253 3317
184 645 299 667 Argumenta

172 668 240 686 affirm.
266 672 299 690 pro

173 693 222 709 statu
248 691 299 708 inno-

172 714 252 733 ceutiae.

198 1295 242 1313 Item
256 1300 289 1318 pro

173 1320 223 1337 statu
228 1318 304 1341 gloriae.

187 1672 302 1695 Argumenta

193 1697 254 1718 negat.
267 1700 302 1721 pro

178 1720 228 1736 statu
242 1723 309 1742 primo.

204 2230 249 2248 Item
263 2234 297 2252 pro

179 2256 229 2272 statu
235 2253 311 2276 gloriae.

313 143 350 171 74

312 226 333 241 a.
351 220 372 241 2.
390 222 411 242 et
429 220 449 241 3.
466 231 499 236 -
515 219 537 241 S.
555 225 573 241 c.
592 218 655 240 Gent.
673 218 688 240 1.
706 224 725 240 c.
747 217 780 240 13.
797 229 828 234 -
848 218 871 240 Β.
889 217 982 245 ΑΙὺῡΓῑ.,
995 218 1038 240 hic.
1059 223 1079 240 a.
1097 217 1118 239 2.
1136 218 1158 239 et

314 258 340 286 3;
358 259 379 280 S.
398 265 421 286 p.
439 259 453 280 I.
471 260 498 280 tr.
516 258 536 280 3.
554 264 576 286 q.
596 257 632 279 45.
650 263 680 278 m.
699 257 720 279 Ἰ.
736 268 768 273 -
784 256 842 279 Petr.
854 262 866 278 a
879 256 945 284 Tan,
963 257 1000 278 hic
1016 263 1038 285 q.
1057 257 1078 278 2.
1095 262 1115 278 a.
1137 256 1157 278 i.

312 308 344 313 —
360 296 466 319 Richard.
491 302 503 318 a
526 296 592 324 Med„
617 296 654 318 hie
670 301 690 317 a.
715 295 735 317 71.
753 301 775 324 q.
801 295 821 317 4.
848 297 869 317 et
886 301 906 317 a.
925 295 946 317 2.
963 301 985 324 q.
1004 295 1025 317 t.
1042 306 1074 312 —·
1089 294 1158 317 chr.

999 139 1250 168 SENTENTIARUM
1271 138 1330 167 LIB.
1352 138 1370 166 I.

1214 216 1301 244 Gand.,
1320 216 1341 238 S.
1360 222 1379 238 a.
1397 215 1434 237 24.
1452 222 1474 244 q.
1492 216 1513 237 6.
1530 227 1562 232 -
1578 215 1694 244 Dumna,
1712 216 1748 238 iiic
1765 222 1788 244 p.
1806 216 1819 237 1.
1837 222 1860 245 q.
1878 217 1898 239 i.
1915 229 1947 234 —
1963 217 2055 246 Dionys.

1215 254 1298 282 Carth..
1316 257 1337 277 et
1355 255 1399 277 Biel
1418 255 1476 276 sicut
1492 255 1514 276 in
1532 260 1608 282 praec.
1625 257 1712 283 quaest.

1079 372 1231 409 QUAEsrio
1252 372 1293 399 111.

684 458 789 486 Utrum
810 456 893 487 homo
915 457 947 486 in
968 457 1049 486 omni
1067 460 1148 486 statu
1167 460 1323 495 eoyozoscat
1339 456 1429 485 Deum
1447 465 1501 494 per
1523 460 1686 485 creaturas.

392 546 483 576 Tertio
504 545 664 583 quaeritur,
686 547 783 573 utrum
805 543 924 580 cognitio
944 543 993 572 Dei
1018 550 1069 580 per
1087 551 1161 572 crea-

312 598 391 623 turas
412 593 446 622 sit
467 592 588 621 hominis
609 594 746 628 quantum
768 590 804 619 ad
825 598 936 619 omnem
951 592 1063 618 statum.
1079 589 1158 626 Quod

312 642 347 670 sit
368 640 488 669 hominis
509 641 646 676 quantum
666 638 702 667 ad
720 637 854 675 primum
872 640 998 670 statum,
1018 636 1057 665 sic
1071 639 1160 665 osten-

312 688 396 717 ditur.

393 735 416 762 1.
439 733 524 761 Homo
550 732 577 760 in
602 734 676 760 statu
704 730 877 759 innocentiae
898 738 953 758 non
979 729 1160 767 cognoscebat

313 781 403 810 Deum
424 780 492 809 facie
513 779 548 808 ad
570 778 685 807 faciem:
708 785 774 814 ergo
796 777 818 806 si
847 776 1029 813 cognoscebat
1054 776 1159 810 Deum,

314 827 497 865 cognoscebat
517 834 568 863 per
589 825 727 858 effectum,
752 831 819 860 ergo
839 831 890 860 per
915 822 1073 859 vestigium,
1094 830 1161 859 ergo

312 882 363 912 per
382 876 549 903 creaturam.

391 922 417 949 2.
438 920 522 953 Item,
543 919 571 947 in
591 917 704 946 homine
732 917 759 945 in
781 919 855 945 statu
876 915 1048 944 innocentiae
1071 915 1160 952 cogni-

316 968 352 997 tio
373 966 512 996 sensibilis
540 973 595 994 non
626 968 686 993 erat
717 964 745 992 in
775 963 1022 1000 impedimentum,
1054 962 1103 991 sed
1131 962 1159 990 in

313 1013 515 1044 adminiculum
536 1011 699 1049 cognitionis
714 1009 912 1044 intellectivae3
928 1009 977 1038 sed
992 1008 1159 1038 intellectiva

314 1061 440 1098 cognitio,
456 1062 570 1097 propter
591 1066 675 1095 quam
697 1057 786 1086 factus
804 1059 846 1085 est
860 1056 959 1089 homo,
981 1058 1023 1084 est
1041 1055 1159 1091 cognitio

314 1108 378 1136 Dei:
395 1115 462 1143 ergo
482 1106 572 1134 omnis
593 1104 711 1141 cognitio
732 1103 870 1132 sensibilis
886 1103 913 1131 iu
935 1102 1026 1139 primo
1047 1101 1159 1130 homine

314 1153 497 1183 ordinabatur
518 1152 553 1180 ad
575 1152 665 1185 hanc3
681 1150 729 1179 sed
745 1150 863 1187 cognitio
880 1149 929 1177 Dei
944 1157 995 1186 per
1008 1148 1160 1177 adminicu-

315 1201 375 1229 lum
390 1199 563 1229 sensibilium
579 1202 621 1227 est
635 1198 754 1235 cognitio
768 1204 819 1234 per
833 1199 991 1225 creaturam
1005 1206 1011 1223 ε
1027 1203 1093 1232 ergo
1108 1198 1158 1223 etc.

392 1247 474 1280 Item,
496 1245 572 1283 quod
597 1245 633 1273 sit
663 1244 783 1273 hominis
815 1246 951 1280 quantum
983 1242 1018 1271 ad
1049 1245 1159 1270 statum

314 1293 518 1326 beatitudinis,
540 1292 652 1320 videtur
663 1301 669 1319 z

397 1342 420 1368 1.
443 1339 514 1376 Quia
528 1338 602 1367 Beati
618 1339 787 1374 cognoscunt
805 1339 979 1369 creaturam,
995 1335 1043 1363 sed
1059 1342 1113 1363 non
1128 1334 1161 1362 si-

316 1389 392 1416 stunt
422 1386 450 1414 in
472 1386 533 1419 illa,
556 1384 604 1413 sed
626 1384 750 1412 referunt
770 1382 806 1411 ad
827 1382 934 1411 Deum:
967 1389 1034 1418 ergo
1065 1388 1161 1417 cogno-

317 1437 398 1463 scunt
418 1433 507 1461 Deum
528 1439 579 1468 per
600 1433 767 1459 creaturam.

394 1481 420 1508 2.
442 1479 524 1512 Item,
556 1477 673 1505 beatae¹
706 1476 814 1504 animae
846 1474 961 1503 laudant
991 1474 1080 1502 Deum
1111 1481 1162 1511 per

318 1530 480 1560 creaturas;
502 1525 550 1554 sed
572 1524 688 1552 laudare
709 1523 797 1551 Deum
820 1529 869 1559 per
890 1524 1034 1550 creaturas
1049 1523 1090 1550 est
1121 1528 1162 1549 co-

319 1581 450 1612 gnoscere
471 1580 521 1610 per
543 1574 703 1600 creaturas:
726 1577 793 1606 ergo
814 1572 865 1597 etc.

396 1621 449 1648 SED
470 1626 597 1648 CONTRA:
620 1616 695 1654 quod
716 1624 771 1644 non
796 1615 831 1644 sit
864 1613 990 1643 hominis
1020 1613 1162 1648 instituti,

315 1668 354 1697 sic
374 1666 539 1696 ostenditur.

401 1715 425 1742 1.
446 1712 570 1749 Cognitio
591 1718 641 1748 per
662 1709 810 1746 vestigium
831 1711 872 1737 est
898 1708 1016 1744 cognitio
1038 1715 1088 1744 per
1109 1715 1164 1735 me-

319 1761 413 1794 dium:
430 1771 443 1785 ‹<
455 1759 503 1788 sed
525 1765 619 1791 mens,
640 1760 671 1785 ut
694 1755 760 1784 dicit
784 1754 988 1791 Augustinus2,
1004 1753 1164 1782 immediate

318 1808 354 1837 ab
375 1808 434 1844 ipsa
455 1806 571 1834 veritate
591 1804 729 1832 formatur
743 1812 776 1830 »:
798 1810 865 1838 ergo
886 1801 948 1829 talis
970 1800 1088 1837 cognitio
1109 1808 1163 1828 non

319 1853 446 1884 convenit
459 1853 600 1881 humanae
614 1852 731 1878 naturae
746 1851 881 1886 quantum
896 1848 931 1876 ad
946 1847 1026 1876 illum
1041 1849 1144 1876 statum
1157 1869 1163 1881 ,

318 1909 369 1930 nec
389 1900 471 1929 etiam
493 1900 629 1935 quantum
650 1896 686 1925 ad
707 1895 802 1924 alium.

398 1947 424 1975 2.
445 1945 528 1979 Item,
550 1952 605 1972 non
625 1946 667 1971 est
681 1945 774 1971 rectus
789 1942 873 1972 ordo.
889 1940 965 1978 quod
979 1940 1165 1978 propinquius

320 1993 464 2031 perveniat
484 1992 513 2020 in
533 1990 617 2019 finem
638 1997 689 2026 per
710 1988 834 2017 medium
856 1988 944 2024 magis
972 1987 1094 2021 distans3
1115 1987 1164 2016 sed

320 2041 404 2069 homo
424 2039 453 2067 in
473 2040 547 2067 statu
567 2036 659 2073 primo
689 2038 750 2064 erat
774 2034 957 2072 propinquior
988 2033 1045 2062 Deo
1066 2033 1165 2062 ceteris

319 2086 401 2115 aliis³
422 2084 575 2114 creaturis:
597 2090 664 2119 ergo
684 2089 739 2110 non
760 2080 941 2110 conveniebat
968 2080 993 2109 ei
1018 2079 1165 2117 pervenire

320 2135 348 2162 in
368 2132 553 2169 cognitionem
573 2129 623 2158 Dei
643 2136 693 2166 per
714 2128 782 2156 alias
804 2130 955 2156 creaturas.

398 2179 482 2211 Item,
503 2176 579 2214 quod
600 2184 654 2204 non
676 2175 711 2204 sit
732 2174 852 2203 hominis
871 2173 934 2202 talis
948 2173 1067 2210 cognitio
1081 2180 1166 2209 quan-

322 2229 380 2255 tum
403 2225 439 2253 ad
460 2226 563 2253 statum
586 2221 787 2255 beatitudinis,
809 2220 929 2249 videtur.

362 2277 366 2281 ’
402 2273 426 2300 1.
448 2271 518 2307 Quia
539 2269 658 2306 cognitio
679 2275 730 2305 per
751 2267 898 2303 vestiqum
921 2269 962 2295 est
983 2265 1101 2302 cognitio
1115 2272 1167 2302 per

322 2317 580 2347 manuductionem:
603 2323 669 2351 ergo
690 2322 745 2343 non
760 2316 802 2342 est
817 2313 935 2350 cognitio
949 2312 1083 2350 perfecta,
1099 2319 1165 2348 ergo

1215 545 1257 572 est
1278 550 1315 572 ex
1335 541 1451 580 parte⁴:
1474 549 1541 579 ergo
1562 550 1617 570 non
1638 544 1732 571 manet
1759 542 1787 570 in
1816 542 1923 578 Beatis,
1945 543 2011 580 quia
2031 544 2059 572 in

1217 589 1284 626 ipsis
1305 589 1487 618 evacuabitur
1508 589 1583 626 quod
1604 591 1646 617 est
1666 596 1702 617 ex
1723 592 1811 626 parte.

1295 637 1321 664 2.
1342 636 1425 670 Item,
1446 635 1594 672 vestigium
1616 635 1674 664 sive
1695 638 1824 664 creatura
1844 638 1886 664 est
1901 636 1973 665 sicut
1987 636 2061 665 scala

1218 682 1254 710 ad
1275 682 1483 711 ascendendum
1505 682 1549 711 vel
1570 682 1641 711 sicut
1662 682 1707 711 via
1727 683 1762 711 ad
1784 682 2004 719 perveniendum
2025 682 2062 712 ad

1217 729 1325 763 Deum;
1346 729 1395 758 sed
1417 737 1481 757 cum
1502 732 1668 766 perventum
1690 731 1731 758 est
1752 729 1787 758 ad
1813 729 1980 764 terminum,
2006 738 2061 758 non

1217 778 1259 804 est
1280 783 1348 804 usus
1370 775 1431 804 viae
1453 775 1608 804 ulterius⁵:
1631 783 1698 812 ergo
1728 775 1870 810 similiter,
1892 784 1956 805 cum
1978 776 2061 805 homo

1217 821 1251 850 sit
1275 830 1405 856 sursum,
1426 830 1481 850 non
1502 822 1607 859 indiget
1628 822 1720 856 scala3
1742 822 1791 851 sed
1823 822 1942 859 cognitio
1970 822 2063 851 Beato-

1217 876 1281 896 rum
1303 868 1463 897 immediate
1493 868 1535 897 est
1566 868 1594 896 in
1625 868 1732 897 Deum:
1765 876 1832 905 ergo
1862 876 1918 897 non
1949 871 1991 897 est
2011 876 2062 906 per

1218 917 1370 943 creaturas.

1532 1015 1743 1036 CONCLUSIO.

1220 1101 1295 1129 Deus
1317 1101 1348 1129 z'n
1369 1101 1517 1129 creaturis
1532 1101 1715 1139 eoquo-scitur
1736 1110 1756 1129 a
1776 1100 2064 1138 comprehensoribus

1295 1146 1434 1185 perfecte,
1456 1156 1475 1176 ιι
1495 1147 1659 1176 viatoribus
1669 1148 1841 1184 semiplmoe
1855 1148 1905 1176 sed
1915 1156 1969 1185 per
1985 1155 2064 1176 erea-

1297 1198 1382 1222 εἰη-αδ
1400 1194 1522 1231 proprie
1543 1194 1727 1231 cognoscitur
1742 1203 1761 1222 α
1782 1194 1962 1228 viatoribus,
1978 1194 2064 1223 aliter

1299 1245 1397 1269 autem
1418 1244 1500 1274 cmte,
1522 1240 1608 1269 aliter
1625 1244 1691 1277 post
1713 1240 1837 1278 lapsum.

1298 1335 1460 1363 Rnsrounsso
1472 1344 1477 1362 :
1500 1334 1537 1363 Ad
1553 1333 1763 1370 intelligentiam
1775 1334 1784 1348 ⁵
1797 1334 2006 1371 praedictorum
2020 1342 2066 1362 no-

1219 1381 1355 1415 tandum,
1377 1381 1451 1418 quod
1473 1380 1549 1409 aliud
1571 1383 1613 1409 est
1634 1388 1799 1417 cognoscere
1819 1380 1908 1409 Deum
1935 1380 1967 1408 in
1994 1388 2068 1409 crea-

1220 1430 1299 1462 tura,
1333 1427 1412 1456 aliud
1440 1436 1494 1464 per
1525 1430 1692 1456 creaturam.
1723 1427 1894 1464 Cognoscere
1925 1427 2014 1456 Deum
2036 1427 2068 1455 in

1221 1478 1350 1503 creatura
1371 1476 1413 1502 est
1427 1481 1592 1510 cognoscere
1613 1473 1700 1510 ipsius
1712 1474 1897 1511 praesentiam
1912 1476 1939 1503 et
1954 1474 2068 1503 influen-

1220 1521 1285 1549 tiam
1308 1521 1336 1549 in
1357 1523 1486 1549 creatura
1497 1521 1514 1548 ⁷.
1530 1521 1561 1548 Et
1582 1521 1634 1549 hoc
1655 1520 1768 1557 quidem
1794 1522 1835 1549 est
1869 1521 2006 1549 viatorum
2030 1528 2070 1549 se-

1223 1567 1359 1604 miplene,
1382 1567 1430 1595 sed
1452 1567 1718 1604 comprehensorum
1741 1567 1881 1604 perfecte;
1907 1567 1982 1596 unde
2004 1567 2070 1595 dicit

1222 1613 1391 1650 Augustinus
1413 1613 1440 1641 in
1462 1613 1516 1642 fine
1538 1613 1601 1641 libri
1622 1613 1656 1642 de
1678 1613 1792 1641 Civitate
1813 1613 1898 1648 Dei⁸‚
1913 1613 1988 1650 quod
2003 1615 2069 1642 tunc

1221 1668 1357 1697 expresse
1379 1660 1453 1688 Deus
1474 1659 1631 1693 videbitur,
1653 1659 1766 1696 quando
1790 1659 1866 1688 Deus
1893 1659 1947 1689 erit
1977 1659 2070 1688 omnia

1224 1707 1252 1735 in
1274 1706 1412 1734 omnibus.
1435 1706 1606 1742 Cognoscere
1627 1709 1719 1734 autem
1741 1706 1831 1734 Deum
1842 1715 1896 1743 per
1912 1709 2070 1735 creaturam

1224 1756 1265 1782 est
1286 1753 1389 1781 elevari
1411 1761 1427 1780 a
1442 1752 1595 1789 cognitione
1610 1755 1756 1781 creaturae
1771 1753 1807 1781 ad
1822 1753 2005 1789 cognitionem
2020 1753 2070 1782 Dei

1220 1800 1299 1837 quasi
1321 1807 1371 1836 per
1392 1799 1494 1828 scalam
1516 1799 1646 1827 mediam.
1670 1799 1700 1827 Et
1721 1799 1772 1828 boc
1803 1802 1844 1828 est
1874 1800 1988 1837 proprie
2015 1800 2071 1829 via-

1221 1849 1330 1881 torum,
1351 1846 1423 1875 sicut
1444 1846 1510 1874 dicit
1532 1846 1691 1875 Bernardus
1711 1846 1747 1874 ad
1770 1846 1922 1883 Eugenium
1932 1847 1950 1874 ⁰.

1300 1893 1384 1921 Aliter
1405 1895 1498 1921 tamen
1520 1893 1648 1921 convenit
1669 1892 1774 1921 homini
1796 1893 1823 1921 in
1849 1895 1924 1922 statu
1951 1895 2069 1922 naturae

1223 1939 1376 1973 institutae,
1393 1939 1449 1968 et¹⁰
1469 1942 1586 1967 naturae
1607 1939 1718 1976 lapsae:
1741 1939 1806 1976 quia
1832 1939 1860 1968 in
1882 1942 1956 1968 statu
1978 1940 2069 1977 primo

1222 1986 1404 2022 cognoscebat
1425 1986 1514 2014 Deum
1536 1993 1586 2022 per
1606 1988 1764 2014 creaturam
1786 1989 1918 2023 tanquam
1940 1993 1990 2023 per
2010 1994 2069 2023 spe-

1223 2032 1322 2060 culum
1344 2032 1479 2065 clarum,-
1499 2032 1548 2060 sed
1570 2035 1631 2069 post
1653 2032 1762 2069 lapsum
1784 2033 1912 2069 cognovit
1935 2035 2068 2070 tanquam

1220 2087 1274 2115 per
1302 2078 1452 2115 speculum
1483 2082 1509 2106 et
1535 2079 1689 2116 aenigma,
1721 2079 1792 2107 sicut
1826 2079 1892 2108 dicit
1922 2079 2068 2117 Apostolus

1223 2125 1331 2162 primae
1347 2126 1382 2154 ad
1398 2125 1553 2154 Corinthios
1575 2125 1682 2154 decimo
1703 2125 1784 2154 tertio
1798 2125 1818 2139 ¹¹
1828 2149 1835 2160 ,
1855 2129 1970 2163 propter
1984 2126 2070 2155 obnu-

1225 2172 1385 2201 bilationem
1407 2172 1564 2201 intellectus
1585 2174 1612 2201 et
1632 2172 1831 2209 peioratIonem
1852 2180 1958 2201 rerum.

1302 2218 1342 2247 Ad
1363 2218 1433 2247 illud
1455 2226 1521 2255 ergo
1543 2219 1616 2255 quod
1639 2219 1768 2247 obiicitur
1789 2219 1824 2248 de
1849 2222 1923 2247 statu
1955 2219 2211 2252 beatitu-soiuuoargu.

1225 2265 1314 2299 (ἠως
1335 2265 1500 2300 dicendum,
1522 2265 1612 2302 quod,
1634 2265 1706 2293 sIcut
1726 2265 1832 2293 dictum
1847 2268 1903 2299 est,
1922 2265 2068 2294 beatorum

1224 2319 1279 2339 non
1300 2314 1342 2340 est
1363 2319 1528 2348 cognoscere
1558 2320 1610 2348 per
1641 2314 1802 2345 creaturaS,
1835 2311 1884 2340 sed
1914 2312 2007 2348 potius
2037 2311 2069 2340 in

385 2434 393 2448 1
411 2434 463 2456 Sola
480 2433 530 2456 Vat.
548 2432 673 2461 praemittit
689 2437 777 2454 omnes.

385 2473 394 2488 ἵ
412 2473 471 2495 Vide
488 2478 559 2500 supra
577 2478 599 2500 q.
618 2472 639 2494 2.
657 2470 687 2493 ad
705 2470 725 2492 4.
742 2482 774 2486 —
790 2470 813 2492 In
839 2476 885 2498 quo
910 2472 971 2492 textu
997 2469 1048 2491 cod.
1074 2468 1094 2490 Y
1116 2470 1168 2496 post

323 2512 374 2542 ipsa
392 2512 456 2534 addit
471 2511 559 2541 prima.

384 2549 394 2565 ³
412 2550 466 2572 Fide
490 2550 644 2577 plurimorum
667 2547 734 2570 codd.
756 2550 781 2570 ut
803 2547 820 2569 A
831 2546 847 2570 C
857 2547 872 2568 F
882 2547 916 2568 III
926 2547 944 2569 K
955 2547 971 2568 L
981 2546 998 2568 N
1009 2545 1027 2568 O
1037 2546 1051 2568 S
1062 2546 1079 2567 T
1090 2546 1107 2568 U
1125 2549 1167 2568 etc.

324 2592 346 2612 et
362 2588 398 2611 ed.
417 2589 424 2610 'I
447 2588 580 2610 addidimus
597 2586 664 2615 aliis,
684 2589 706 2609 ct
730 2592 783 2608 mox
800 2589 852 2614 post
865 2585 990 2615 peruenire
1007 2584 1168 2607 substituimus

323 2628 348 2651 in
365 2629 415 2650 loco
432 2627 470 2650 ad.

386 2665 396 2681 4
413 2666 564 2688 Praescrimus
581 2666 756 2687 succinctiorem
773 2664 893 2686 lectionem
905 2669 959 2686 mss.
972 2665 994 2685 et
1005 2663 1041 2685 ed.
1055 2663 1062 2684 ν]
1079 2662 1168 2685 lectioni

325 2706 390 2733 Vnt,
408 2706 431 2727 in
448 2711 494 2734 qua
510 2708 563 2733 post
578 2703 681 2734 perfecta
699 2703 791 2726 additur
807 2704 828 2725 et
845 2702 866 2725 si
881 2708 930 2725 non
947 2703 980 2725 est
997 2701 1096 2731 coynnz'o
1117 2707 1167 2731 per-

324 2743 386 2773 fecta
402 2746 424 2765 et
440 2746 492 2771 post
508 2744 576 2772 parte
592 2742 725 2769 adiungitur
736 2742 759 2764 et
773 2741 794 2763 si
810 2742 845 2764 est
860 2747 890 2764 em
906 2742 981 2771 parte.
999 2741 1168 2769 Argumentum

326 2783 369 2804 hoc
386 2782 487 2804 innititur
504 2781 582 2803 verbis
609 2781 712 2809 Apostoli
729 2781 743 2802 I.
761 2780 813 2803 Cor.
840 2780 881 2808 113,
901 2780 942 2802 40:
960 2779 1017 2802 Cum
1035 2781 1111 2801 autem
1129 2784 1169 2800 ve-

326 2822 384 2843 nerit
401 2820 464 2849 quod
482 2821 609 2847 perfectum
626 2823 671 2848 est⁷
689 2819 839 2842 evacuabitur
856 2818 919 2847 quod
936 2825 962 2841 ex
980 2821 1044 2847 parte
1061 2821 1101 2840 est.

389 2859 399 2873 ⁵
415 2858 522 2881 Mendum
539 2859 589 2881 Vat.
607 2858 706 2881 ulter-ius
724 2858 773 2880 loco
789 2857 890 2880 ulterius
911 2859 1053 2880 correximus
1070 2863 1096 2879 ex
1113 2863 1167 2879 mss.

327 2901 349 2921 et
365 2898 401 2920 ed.
423 2898 428 2919 I
441 2916 445 2926 ,
463 2898 521 2920 sicut
538 2901 559 2920 et
576 2898 644 2925 paulo
657 2900 708 2925 post
720 2897 880 2919 substituimus
896 2897 927 2919 sit
938 2903 979 2925 pro
992 2898 1057 2919 estet
1073 2895 1115 2919 sed
1125 2901 1168 2923 pro

1222 2434 1287 2451 mim.
1304 2440 1336 2444 —
1352 2428 1375 2450 In
1392 2429 1436 2450 hoc
1453 2431 1589 2456 argumento
1607 2428 1715 2450 alluditur
1731 2427 1761 2450 ad
1772 2428 1844 2450 rerba
1861 2428 1883 2450 S.
1901 2427 2023 2456 Bernard.‚
2041 2428 2069 2451 V.

1223 2468 1251 2490 de
1274 2467 1366 2490 Consid.
1384 2474 1403 2490 c.
1426 2468 1430 2489 I
1443 2473 1449 2489 ;
1469 2468 1527 2489 Sanc
1541 2469 1582 2489 bac
1594 2467 1654 2489 scala
1671 2468 1733 2489 cives
1751 2473 1796 2489 non
1809 2467 1919 2495 indigent,
1931 2466 1973 2489 sed
1984 2467 2069 2489 exules.

1286 2506 1296 2521 ⁶
1315 2506 1363 2529 Vat.
1382 2509 1460 2529 contra
1477 2512 1532 2528 mss.
1550 2505 1701 2528 intellectum.

1286 2546 1296 2561 ⁷
1313 2545 1386 2568 Codd.
1404 2546 1420 2567 L
1431 2544 1448 2567 Ο
1466 2546 1611 2568 creaturam.
1629 2545 1679 2566 Mox
1696 2544 1747 2567 cod.
1766 2544 1795 2566 W
1814 2547 1865 2573 post
1887 2543 1981 2574 quidem
2006 2544 2070 2566 addit

1225 2590 1381 2615 cognoscere,
1400 2584 1437 2606 ed.
1456 2584 1464 2606 «t
1487 2587 1564 2606 autem
1582 2586 1633 2611 post
1650 2584 1684 2606 est
1701 2583 1765 2606 addit
1781 2583 1902 2606 viatorum
1919 2584 1942 2606 et
1964 2589 2070 2612 compre-

1225 2623 1361 2646 hen-sorum.

1287 2662 1297 2677 ὃ
1314 2662 1375 2684 Libr.
1393 2663 1429 2684 22.
1448 2668 1467 2684 c.
1485 2661 1521 2684 30.
1540 2667 1561 2683 n.
1580 2660 1609 2683 4:
1626 2660 1767 2683 Vacabimus
1783 2662 1805 2683 in
1817 2663 1947 2689 aeternum,
1964 2660 2069 2682 videntes

1226 2702 1279 2730 quia
1297 2702 1346 2729 ipse
1363 2703 1397 2723 est
1413 2700 1490 2728 Deus,
1508 2706 1555 2729 quo
1572 2700 1633 2728 pleni
1650 2701 1750 2727 erimus,
1767 2699 1861 2728 quando
1872 2700 1922 2727 ipse
1933 2699 1975 2721 erit
1992 2699 2069 2721 omnia

1225 2741 1247 2762 in
1264 2739 1379 2762 omnIbus.
1391 2751 1423 2756 —
1434 2740 1456 2761 In
1469 2745 1515 2768 quo
1527 2742 1587 2761 textu
1600 2740 1679 2767 plures
1695 2745 1750 2762 mss.
1763 2741 1788 2761 ut
1799 2738 1817 2760 A
1827 2739 1834 2760 1
1844 2738 1862 2760 T
1881 2740 1922 2760 etc.
1935 2743 1988 2760 cum
2000 2737 2036 2760 ed.
2055 2738 2063 2759 I

1225 2779 1341 2809 quomodo
1358 2785 1401 2807 pro
1418 2778 1520 2808 quando.

1287 2818 1297 2832 ⁹
1314 2818 1375 2840 Libr.
1393 2818 1421 2840 V.
1439 2817 1467 2840 dc
1484 2817 1576 2840 Consid.
1594 2824 1613 2840 c.
1632 2818 1651 2839 i.

1287 2856 1307 2870 ¹⁰
1324 2856 1379 2880 Cod.
1397 2857 1418 2878 X
1436 2862 1509 2886 quam
1527 2857 1576 2879 loco
1593 2857 1621 2879 et.

1288 2895 1306 2910 ¹¹
1326 2896 1390 2918 Vcrs.
1414 2896 1446 2918 12.

2091 1380 2192 1409 nisufietio

2080 1414 2176 1433 notabilis.

2084 1530 2182 1549 Conclusio
2192 1530 2208 1549 I.

2084 1809 2185 1829 Conclusio
2193 1810 2211 1829 2.

2084 1903 2185 1922 Conclusio
2194 1903 2212 1922 3.

2096 2254 2153 2271 ment.
2173 2253 2199 2271 af-

2082 2276 2129 2294 nrm.
2137 2276 2159 2294 de
2166 2278 2203 2294 sta-

2082 2301 2101 2317 tu
2114 2300 2190 2323 gloriae.
