2253 3317
745 133 827 161 DIST.
850 132 889 160 ΙΙΙ.
911 128 936 160 Ρ.
959 132 988 160 ῘΙ.
1011 133 1081 161 ΑΡιΤ.
1104 133 1121 160 Ι.
1144 133 1278 169 QUAEST.
1300 133 1340 161 ΙΙΙ.

168 212 254 242 sibile.
264 213 331 241 Nam
341 213 362 241 si
371 213 445 241 idem
457 212 570 241 ‘omnino
578 214 651 241 esset
659 206 826 248 principium
836 209 1008 246 proximum,

167 262 233 288 tunc
245 260 320 296 idem
330 262 403 288 esset
414 260 441 287 in
453 267 484 293 re
496 267 556 287 esse
568 261 594 288 et
605 258 724 296 operari.
737 256 888 290 Similiter,
901 256 922 285 si
934 257 1009 285 idem

167 310 240 335 esset
260 306 429 343 principium
441 306 617 343 proximum,
639 313 704 334 cum
719 312 764 333 res
776 311 887 340 semper
908 303 1010 332 habeat

167 361 237 387 esse,
252 361 363 390 semper
377 352 627 390 haberetoperari.
643 352 779 388 Quoniam
794 351 879 388 igitur
891 351 897 365 ¹
909 349 1010 387 forma

168 399 235 428 dicit
252 400 415 436 proximum
435 402 463 428 et
483 399 678 428 immediatum
702 398 872 435 principium
886 397 1009 431 essendi,

164 446 294 483 potentia
309 453 376 474 vero
397 446 560 482 proximum
575 448 602 474 et
623 444 819 473 immediatum
840 443 1011 480 principium

166 492 310 529 operandi,
323 495 398 528 patet
409 492 484 529 quod
496 485 668 528 impossibile
679 493 721 519 est
732 497 792 519 esse
803 489 916 518 omnino
927 486 1010 517 idem.

246 539 272 567 lt.
292 538 331 567 Ad
352 538 429 566 aliud
444 538 520 575 quod
535 537 664 566 obiicitur
679 537 714 565 de
728 536 850 573 potentia
864 535 1010 568 materiae,

167 584 338 619 dicendum,
360 584 435 621 quod
457 583 574 612 materia
594 591 648 611 non
675 585 716 611 est
740 590 791 610 sua
817 581 939 618 potentia
960 588 1011 617 per

167 630 328 665 essentiam,
349 630 481 668 quoniam
507 638 562 658 non
583 632 625 658 est
654 629 715 666 ipsa
735 628 873 657 ordinatio
894 627 929 655 ad
960 628 1012 655 sor-

167 684 255 710 mam3
275 680 318 705 est
338 679 430 705 tamen
462 676 522 713 ipsa
547 675 669 713 potentia
699 674 832 703 materiae
857 674 1012 703 essentialis

167 723 219 759 ipsi
241 723 385 757 materiae,
408 723 480 751 sicut
500 722 623 759 potentia
643 722 733 751 activa
759 722 810 758 ipsi
832 722 1011 751 substantiae.

119 804 124 809 ῃ
168 769 199 797 Et
212 769 305 797 minus
327 769 442 806 quidem
464 769 610 805 elongatur
624 768 747 805 potentia
766 768 898 797 materiae
920 776 936 796 a
956 776 1013 796 ma-

27 897 29 899 ·
54 871 143 899 Potentia

32 901 109 919 passwa
122 900 160 913 rna-

65 919 130 937 teriac-

168 817 238 845 teria
268 825 353 854 quam
384 816 505 854 potentia
536 816 626 844 activa
647 824 663 844 a
689 816 859 850 substantia3
880 815 1012 852 quoniam

168 864 290 901 potentia
321 864 454 892 materiae
485 866 527 892 est
548 863 670 900 potentia
691 863 820 900 passiva,
852 871 925 900 quae
946 863 1013 891 dicit

167 910 295 939 ordinem
317 911 352 939 ad
366 910 443 939 aliud
459 918 523 939 cum
538 910 702 948 privatione,
724 909 773 938 sed
788 909 909 946 petentia
923 909 1013 938 activa

169 955 235 985 dicit
255 957 383 986 ordinem
405 966 469 986 cum
490 958 641 994 positione:
671 959 698 985 et
728 956 790 984 ideo
811 956 904 984 minus
935 956 1012 984 addit

167 1004 290 1041 potentia
321 1004 453 1032 materiae
484 1012 570 1041 supra
600 1003 762 1037 materiam,
784 1010 869 1039 quam
890 1002 1013 1039 potentia

169 1050 258 1079 activa
288 1050 396 1087 supra²
418 1050 611 1079 substantiam.
642 1050 672 1078 Et
694 1049 759 1078 hinc
784 1052 837 1082 est,
860 1049 935 1086 quod
957 1057 1012 1077 non

168 1096 208 1125 ita
228 1097 440 1134 distinguuntur
461 1097 588 1126 diversae
609 1097 747 1134 potentiae
768 1096 795 1124 in
810 1096 907 1124 eadem
929 1098 1013 1124 mate-

169 1143 223 1178 ria,
245 1144 316 1172 sicut
337 1143 365 1171 in
387 1143 488 1172 eadem
508 1142 671 1171 substantia.

1869 131 1905 158 87

1145 211 1170 238 5.
1192 210 1230 238 Ad
1245 202 1322 238 >illud
1344 209 1418 246 quod
1451 200 1579 237 obiicitur
1611 209 1645 237 de
1666 208 1755 236 forma
1785 208 1908 236 acciden-

1067 256 1126 290 tali,
1148 256 1311 290 dicendum,
1327 251 1407 292 'quod
1429 256 1519 284 forma
1540 254 1718 284 accidentalis
1732 263 1786 283 non
1801 258 1842 283 est
1857 263 1908 283 sua

1068 301 1197 338 potentia.
1223 301 1291 329 Nam
1312 301 1433 338 potentia
1454 301 1514 329 eius
1536 304 1588 335 est,
1606 293 1638 329 'in
1660 303 1796 338 quantum
1818 300 1908 329 influit

1068 347 1095 375 in
1116 347 1252 379 alterum;
1274 348 1396 374 attamen
1417 346 1539 382 potentia
1559 346 1606 374 illa
1625 355 1680 375 non
1702 349 1809 375 tantum
1831 346 1909 375 addit

1066 396 1203 430 quantum
1238 393 1360 430 potentia
1393 392 1499 421 formae
1533 393 1743 427 substantialis,
1778 393 1909 430 quoniam

1068 440 1190 477 potentia
1210 439 1316 468 formae
1347 439 1525 468 accidentalis
1546 439 1612 468 dicit
1642 440 1844 468 ordinationem
1874 439 1910 468 ad

1068 489 1177 520 actum,
1200 486 1248 514 sed
1270 493 1324 513 non
1347 485 1531 514 sufficientem
1552 493 1603 522 per
1624 493 1668 519 se,
1691 486 1739 514 sed
1761 494 1812 522 per
1826 486 1911 513 virtu-

1069 536 1124 562 tem
1146 532 1326 561 substantiae.
1347 532 1423 560 Sicut
1443 532 1516 560 enim
1537 532 1665 560 accidens
1680 540 1733 560 non
1752 536 1793 560 est
1806 540 1856 569 per
1872 540 1909 567 se,

1069 581 1106 609 ita
1133 588 1188 608 non
1220 580 1304 608 habet
1335 579 1468 608 virtutem
1490 578 1634 615 operandi
1653 587 1704 616 per
1725 580 1768 613 se,
1791 579 1839 608 sed
1861 587 1911 616 per

1069 627 1202 655 virtutem
1223 626 1410 660 substantiae;
1431 628 1458 653 et
1479 625 1517 653 ita
1538 625 1590 653 hoc
1612 628 1695 662 patet.

1148 674 1174 701 6.
1195 672 1234 700 Ad
1260 672 1331 700 illud
1362 671 1437 708 quod
1468 671 1598 699 obiicitur
1619 671 1731 705 ultimo,
1762 671 1913 699 dicendum

1068 719 1142 754 est³‚
1161 719 1237 756 quod
1259 718 1397 755 potentiae
1418 717 1527 746 animae
1552 725 1605 745 non
1635 720 1700 746 sunt
1720 717 1912 745 accidentales.

1069 767 1172 794 Tamen
1193 768 1391 802 argumentum
1413 772 1467 792 non
1489 764 1578 798 valet,
1593 764 1659 800 quia
1679 763 1804 792 fortassis
1825 763 1914 791 ratio-

1068 813 1148 847 nale,
1170 812 1315 846 sensibile,
1337 811 1490 851 veyetabile
1511 819 1565 839 non
1587 811 1762 848 accipiuntur
1783 819 1799 838 a
1820 813 1914 847 poten-

1070 861 1126 895 tiis,
1148 859 1197 888 sed
1218 867 1234 887 a
1255 859 1374 887 diversis
1394 858 1502 887 naturis
1523 858 1642 895 repertis
1657 858 1684 886 in
1706 857 1806 886 anima.

1148 906 1220 935 Illud
1241 908 1335 934 autem
1352 900 1567 942 argumentum,
1595 904 1670 941 quod
1691 905 1796 933 sactum
1817 907 1859 933 est
1878 904 1914 933 ad
1927 902 2054 944 Algeffigffi

1070 954 1241 991 oppositum,
1273 953 1348 989 quod
1380 953 1529 987 differunt,
1560 952 1626 989 quia
1657 954 1722 980 sunt
1747 951 1774 979 in
1796 951 1915 979 diversis

1070 1001 1232 1038 generibus,
1249 1000 1421 1028 'solvendum
1442 1002 1483 1028 est
1497 1007 1548 1036 per
1563 998 1830 1036 interemptionem‘ss
1850 998 1916 1035 quia

1070 1056 1124 1076 non
1146 1049 1211 1076 sunt
1231 1047 1259 1075 in
1284 1046 1403 1075 diversis
1435 1046 1593 1082 generibus,
1615 1045 1664 1074 sed
1686 1046 1713 1073 in
1735 1045 1834 1074 eodem
1865 1052 1915 1082 per

1070 1094 1270 1123 reductionem.

914 1231 1175 1267 SGHOLION.

232 1323 247 1345 1.
264 1322 328 1345 Circa
346 1322 496 1350 principalem
513 1322 671 1350 quaestionem
688 1322 731 1343 illis
748 1320 892 1349 temporibus
909 1323 955 1342 tres
966 1326 1015 1342 sen-

168 1361 252 1383 tentiae
263 1360 461 1388 defendebantur,
479 1366 538 1389 quas
554 1361 576 1382 S.
596 1360 682 1382 Bonav.
701 1360 734 1387 (ll.
752 1360 813 1381 Sent.
831 1359 853 1381 d.
872 1358 909 1381 24,
927 1365 949 1386 p.
967 1359 982 1380 l.
994 1365 1015 1380 a.

168 1401 192 1422 2.
210 1407 232 1429 q.
253 1401 281 1428 l.)
299 1402 405 1422 accurate
421 1400 526 1427 explicat.
544 1399 627 1421 Prima
644 1399 753 1421 sententia
777 1398 808 1420 ibi
825 1399 899 1426 posita
917 1404 961 1419 non
979 1397 1016 1419 ad-

170 1441 237 1462 mittit
262 1440 319 1462 inter
344 1440 465 1461 essentiam
491 1439 587 1461 animae¹
603 1440 625 1460 et
641 1438 755 1466 potentias
779 1438 821 1459 nisi
847 1437 1016 1459 distinctionem

169 1478 277 1501 rationis.
290 1479 320 1500 lta
332 1478 458 1500 Gulielmus
470 1478 546 1506 Paris„
559 1477 667 1499 Richard.
680 1484 692 1499 a
711 1476 769 1499 Med.
795 1477 841 1503 (hic
858 1483 877 1498 a.
891 1476 912 1497 2.
929 1482 951 1504 q.
971 1476 1015 1504 1.),

168 1519 239 1541 Henr.
256 1517 328 1540 Gand.
352 1517 443 1546 (Quodl.
470 1517 506 1539 lV.
523 1523 546 1545 q.
563 1517 603 1545 7.)‚
620 1517 715 1543 insuper
732 1522 812 1538 omnes
833 1507 969 1537 Nominales.
985 1527 1017 1531 —

172 1556 282 1581 Secunda
293 1556 360 1579 docet
371 1556 538 1578 distinctionem
555 1554 652 1583 realem,
667 1558 689 1577 et
700 1554 795 1583 quidem
812 1555 891 1583 talem,
904 1557 929 1576 ut
939 1556 1017 1582 poten-

173 1597 217 1618 tiae
233 1602 276 1619 uec
292 1595 317 1618 in
335 1601 419 1625 yenere
436 1601 489 1617 cum
507 1594 633 1617 substantia
659 1594 808 1621 conveniant,
827 1599 880 1615 cum
898 1592 927 1615 ad
944 1599 1018 1620 genus

170 1635 324 1658 accidentium
341 1635 465 1656 trahantur.
478 1634 508 1656 lta
526 1634 547 1656 S.
566 1634 648 1655 Thom.
662 1633 708 1661 (hic
725 1632 747 1663 q.
761 1633 782 1655 4.
800 1639 820 1655 a.
833 1634 859 1661 2;
872 1633 894 1655 S.
912 1632 926 1654 l.
939 1640 962 1662 q.
980 1632 1016 1655 54.

172 1680 192 1696 a.
210 1674 230 1696 3.
248 1676 270 1696 et
295 1680 317 1702 q.
334 1673 372 1695 77.
390 1679 409 1695 a.
428 1673 448 1694 q,
466 1674 488 1694 et
505 1672 531 1700 3;
548 1671 577 1694 de
595 1672 671 1700 Spirit.
688 1671 802 1695 Creaturis
819 1678 839 1694 a.
859 1673 882 1694 *ll
897 1679 901 1699 ;
920 1672 949 1694 de
967 1673 1018 1693 Ani-

172 1718 209 1734 ma
235 1718 257 1740 q.
284 1711 342 1739 '¹2-);
360 1711 384 1733 Β.
402 1710 487 1733 Albert.
505 1710 551 1738 (hic
577 1716 596 1732 a.
615 1709 677 1738 34.);
695 1710 753 1733 Petr.
770 1716 782 1732 a
801 1710 853 1737 Tar.
883 1710 929 1737 (hic
951 1717 973 1739 q.
996 1710 1017 1732 5.

172 1757 192 1772 a.
210 1750 249 1778 2.).
273 1761 306 1766 -·
332 1749 411 1772 Tertia
436 1750 545 1771 sententia
570 1748 716 1776 praecedenti
741 1748 808 1770 valde
834 1749 1017 1777 appropinquat,

169 1795 243 1818 quam
260 1789 327 1812 docet
343 1788 405 1811 Alex.
423 1789 470 1810 Hal.
489 1788 520 1813 (S.
538 1794 561 1815 p.
579 1788 602 1809 11.
620 1794 641 1816 q.
660 1787 696 1809 65.
709 1793 740 1809 m.
759 1787 779 1809 l.
796 1789 819 1809 et
835 1793 857 1815 q.
875 1787 911 1808 21.
930 1793 960 1809 m.
979 1786 1018 1815 1.),

172 1828 229 1850 Huic
245 1829 314 1850 etiam
326 1828 348 1849 S.
361 1828 446 1849 Bonav.
464 1828 539 1855 magis
555 1826 628 1853 savet;
645 1828 721 1848 tamen
739 1825 805 1848 dicit:
822 1833 832 1845 α
843 1825 962 1853 Quaelibet
978 1831 1019 1847 au-

172 1869 218 1889 tem
235 1866 349 1888 dictarum
367 1866 508 1894 positionum
525 1871 581 1887 suos
597 1864 667 1887 hahet
683 1864 827 1891 defensores,
846 1870 888 1886 nec
904 1866 938 1885 est
954 1864 1018 1885 facile

172 1904 299 1927 rationibus
316 1904 452 1933 cogentibus
468 1910 548 1926 earum
566 1904 666 1932 aliquam
691 1902 854 1931 improbare».
872 1903 933 1925 Haec
950 1903 1019 1930 igitur

173 1944 251 1966 ultima
277 1944 387 1966 sententia
412 1943 510 1965 admittit
537 1943 631 1971 quidem
649 1943 707 1964 inter
724 1943 813 1964 animae
830 1941 979 1964 substantiam
997 1943 1019 1963 et

172 1984 286 2010 potentias
311 1983 361 2005 eius
388 1982 547 2005 connaturales
569 1984 591 2004 et
619 1981 824 2004 consubstantiales
850 1980 1018 2003 distinctionem

173 2022 290 2051 quandam
303 2021 404 2050 realem,
418 2028 477 2050 quae
489 2024 564 2043 tamen
583 2027 628 2043 non
645 2022 718 2043 trahat
729 2021 842 2048 potentias
858 2020 887 2042 ad
899 2020 1018 2042 diversum

174 2067 248 2089 genus
257 2060 444 2089 praedicamenti,
456 2066 541 2087 nempe
552 2060 675 2082 accidentis
695 2059 780 2085 (tamen
792 2058 886 2081 habitus
899 2058 1016 2088 acquisiti,

173 2099 260 2128 quibus
277 2100 319 2121 alia
336 2102 398 2122 extra
415 2100 515 2121 animam
536 2100 707 2126 cognoscuntur
730 2101 752 2120 et
768 2100 886 2125 amantur,
904 2098 1019 2120 certe'ca-

173 2138 231 2161 dunt
242 2138 286 2160 sub
299 2144 383 2166 genere
400 2138 570 2165 accidentium).
580 2138 660 2165 l—nimO
672 2138 691 2159 si
704 2138 818 2164 potentiae
830 2142 875 2158 non
887 2138 963 2158 essent
974 2136 1019 2157 ani-

172 2183 226 2199 mae
243 2177 460 2204 consubstantiales,
478 2182 597 2205 nunquam
609 2176 684 2198 anima
702 2176 770 2198 sciret
786 2177 808 2197 et
829 2178 916 2197 amaret
932 2174 1019 2203 aliquid

174 2216 204 2238 ad
221 2218 281 2238 extra
293 2235 298 2245 ,
316 2217 382 2245 quia,
401 2219 425 2238 ut
441 2215 496 2238 dicit
512 2216 535 2237 S.
547 2207 696 2243 Augustinus,
714 2215 801 2237 nullum
814 2214 920 2236 accidens
931 2214 1020 2236 excedit

176 2255 315 2283 subiectum,
332 2255 379 2277 scil.
405 2261 445 2277 sua
471 2255 562 2276 virtute.
580 2251 640 2276 Nam*
654 2254 772 2281 accidens,
790 2254 849 2275 sicut
864 2259 908 2275 non
927 2254 960 2276 est
977 2254 1019 2275 nisi

173 2294 260 2316 virtute
277 2293 424 2317 substantiae.
442 2294 474 2315 sic
492 2299 533 2316 nec
550 2292 647 2322 operari
662 2295 737 2321 potest
754 2293 796 2314 nisi
812 2293 896 2314 virtute
914 2292 1020 2314 substan-

174 2332 217 2354 tiae
227 2350 232 2360 ,
250 2334 272 2354 et
284 2333 326 2353 nisi
343 2331 429 2360 aliquid
446 2332 593 2354 substantiale
605 2332 625 2353 ei
637 2331 803 2353 substernatur.
820 2331 884 2353 Unde
896 2336 938 2353 nec
955 2330 1020 2352 habi-

174 2372 211 2393 tus
227 2371 331 2399 acquisiti
348 2376 418 2398 agere
435 2373 532 2398 possunt
548 2371 591 2392 nisi
607 2370 692 2392 virtute
714 2369 833 2392 habituum
851 2369 888 2391 vel
910 2370 1019 2397 potentia-

173 2415 226 2430 rum
248 2408 446 2437 substantialium,
470 2409 510 2430 cfr.
533 2409 570 2430 hic
591 2408 621 2430 ad
644 2408 665 2430 5.
688 2411 708 2431 et
726 2411 767 2430 art.
785 2409 806 2430 2.
832 2415 854 2436 q.
873 2408 894 2429 2.
912 2407 940 2429 ad
959 2406 979 2429 4.
997 2410 1020 2429 et

174 2448 197 2469 S.
209 2448 322 2475 Thomas,
340 2448 362 2470 S.
380 2448 395 2470 l.
413 2455 435 2477 q.
446 2447 484 2469 77.
497 2454 517 2469 a.
536 2448 556 2469 l.
574 2447 603 2469 ad
622 2447 642 2469 4.
655 2459 686 2463 —
698 2447 795 2469 Videtur
811 2450 898 2473 autem,
916 2446 979 2475 quod
997 2446 1019 2468 S.

173 2487 260 2509 Bonav.
278 2489 300 2509 et
321 2487 382 2509 Alex.
407 2490 544 2515 conceptum
567 2486 693 2510 accidentis
719 2488 811 2509 sumant
835 2492 878 2514 pro
903 2485 1019 2508 accidente

1074 1320 1155 1347 logico,
1173 1319 1195 1341 S.
1223 1319 1305 1341 Thom.
1329 1325 1372 1346 pro
1396 1318 1512 1340 accidente
1538 1318 1707 1345 metaphysico,
1733 1318 1763 1339 ita
1789 1320 1814 1339 ut
1843 1318 1865 1339 in
1894 1323 1919 1339 re

1073 1359 1215 1380 conveniant.
1241 1358 1273 1379 En
1295 1356 1367 1379 verba
1396 1356 1516 1378 Alexandri
1540 1356 1577 1383 (S.
1605 1362 1627 1384 p.
1653 1356 1676 1377 ll.
1702 1363 1724 1384 q.
1747 1356 1784 1378 21.
1809 1361 1840 1377 m.
1867 1356 1919 1384 .1,);

1077 1405 1087 1416 «
1100 1396 1239 1424 Dicendum,
1251 1395 1314 1424 quod
1327 1396 1401 1417 anima
1419 1397 1453 1416 est
1470 1394 1644 1423 quodammodo
1656 1401 1697 1416 sua
1710 1395 1809 1422 potentia
1818 1412 1823 1422 ,
1841 1397 1865 1416 ut
1882 1395 1921 1417 siat

1073 1435 1187 1457 distinctio
1210 1435 1269 1457 inter
1290 1435 1403 1465 potentias
1427 1433 1588 1456 substantiales
1605 1434 1653 1455 sive
1670 1434 1732 1455 vires
1749 1440 1775 1455 ex
1793 1440 1837 1455 una
1855 1436 1920 1461 parte

1073 1477 1095 1499 et
1112 1474 1237 1496 accidentia
1254 1480 1281 1495 ex
1297 1473 1352 1500 alia⁷
1370 1476 1481 1501 quantum
1499 1471 1528 1494 ad
1545 1473 1601 1500 hoc,
1619 1472 1683 1501 quod
1695 1472 1808 1500 potentiae
1819 1475 1842 1495 et
1859 1473 1920 1495 vires

1074 1512 1252 1534 substantialiter
1268 1512 1386 1533 inhaerent
1402 1514 1424 1533 et
1441 1516 1514 1532 unum
1526 1512 1580 1532 sunt
1596 1516 1649 1532 cum
1667 1511 1743 1532 anima
1761 1512 1873 1538 quantum
1890 1510 1920 1532 ad

1074 1550 1237 1578 substantiam,
1256 1556 1300 1572 non
1326 1550 1378 1572 dico
1403 1552 1516 1578 quantum
1534 1549 1561 1571 ad
1580 1550 1715 1577 essentiam;
1733 1549 1839 1576 potentiis
1856 1550 1918 1571 enim

1074 1589 1262 1612 substantialibus
1279 1589 1382 1612 subsistit
1398 1590 1481 1611 anima.
1499 1588 1630 1611 Accidentia
1652 1594 1724 1616 vero,
1742 1591 1767 1610 ut
1783 1589 1919 1616 prudentia,

1076 1629 1183 1652 fortitudo
1201 1633 1222 1651 et
1234 1628 1379 1657 huiusmodi,
1398 1634 1442 1650 non
1455 1628 1580 1650 adhaerent
1591 1628 1780 1656 substantialiter,
1799 1629 1851 1656 quia
1864 1629 1922 1650 haec

1074 1668 1243 1691 accidentaliter
1260 1667 1350 1690 adsunt.
1368 1667 1432 1689 Unde
1449 1667 1563 1695 potentiae
1580 1669 1602 1689 et
1619 1667 1680 1689 vires
1706 1666 1865 1689 substantiales
1887 1666 1922 1688 di-

1075 1710 1158 1729 cuntur
1182 1707 1243 1729 idem
1269 1706 1333 1735 quod
1350 1707 1425 1728 anima
1443 1706 1530 1728 ratione
1555 1705 1698 1727 indivisionis
1715 1708 1736 1728 et
1760 1705 1921 1728 adhaerentiae

1075 1746 1244 1774 substantialis,
1262 1746 1387 1768 accidentia
1404 1751 1461 1767 vero
1478 1750 1536 1773 non,
1554 1746 1607 1774 quia
1624 1745 1803 1767 substantialiter
1820 1751 1865 1766 non
1882 1744 1920 1767 ad-

1076 1787 1200 1808 haerent».
1218 1785 1273 1807 Fere
1290 1785 1352 1807 idem
1370 1787 1404 1807 est
1425 1784 1488 1813 quod
1522 1784 1544 1806 S.
1571 1784 1654 1806 Thom.
1684 1784 1716 1811 (S.
1734 1784 1748 1805 l.
1766 1790 1789 1812 q.
1806 1783 1844 1805 77.
1862 1790 1881 1806 a.
1900 1784 1921 1806 l.

1075 1824 1104 1846 ad
1122 1824 1152 1852 5.)
1171 1824 1244 1846 docet.
1262 1824 1302 1846 Hie
1314 1824 1375 1846 enim
1388 1823 1507 1851 distinguit
1523 1823 1639 1851 duplicem
1657 1827 1750 1845 sensum
1766 1822 1873 1844 vocabuli
1885 1828 1921 1845 ac-

1075 1862 1184 1890 cidentis,
1204 1866 1226 1884 et
1242 1863 1264 1884 in
1282 1861 1385 1884 secundo
1404 1868 1488 1890 sensu,
1506 1862 1556 1883 sive
1581 1861 1730 1883 «secundum
1748 1860 1811 1889 quod
1828 1861 1922 1888 ponitur

1077 1908 1147 1924 unum
1161 1902 1264 1930 quinque
1281 1901 1447 1923 universalium
1459 1909 1480 1929 w,
1498 1900 1615 1928 concedit,
1627 1899 1691 1929 quod
1707 1908 1717 1919 α
1728 1899 1814 1928 aliquid
1830 1902 1864 1921 est
1876 1905 1921 1921 me-

1076 1940 1140 1962 dium
1153 1941 1211 1962 inter
1228 1939 1379 1962 substantiam
1389 1942 1411 1961 et
1419 1938 1526 1961 accidens
1538 1947 1559 1967 ›,
1573 1941 1595 1961 et
1603 1938 1667 1967 quod
1680 1946 1689 1958 α
1699 1939 1814 1966 potentiae
1831 1938 1921 1959 animae

1076 1982 1173 2008 possunt
1190 1979 1235 2002 dici
1252 1979 1341 2001 mediae
1359 1980 1417 2000 inter
1439 1978 1589 2000 substantiam
1612 1981 1635 2000 et
1651 1978 1768 2005 accidens,
1786 1978 1852 2006 quasi
1869 1983 1921 2005 pro-

1076 2020 1183 2047 prietates
1199 2019 1288 2041 animae
1305 2019 1419 2041 naturales
1429 2026 1450 2040 ».

1139 2058 1257 2086 Quartam
1274 2058 1408 2080 sententiam
1421 2057 1523 2079 adiunxit
1534 2057 1593 2079 Scot.
1607 2056 1639 2083 (ll.
1652 2057 1713 2078 Sent.
1731 2056 1754 2078 d.
1768 2056 1804 2078 te.
1816 2063 1839 2085 q.
1852 2056 1919 2078 unica

1075 2097 1088 2126 S
1106 2097 1161 2119 Dico
1178 2097 1266 2124 igitur),
1283 2097 1323 2125 qui
1340 2096 1377 2118 hic
1394 2096 1494 2124 applicat
1510 2101 1577 2118 suam
1595 2095 1764 2118 distinctionem
1782 2095 1920 2122 sormalem3

1076 2137 1097 2157 in
1123 2142 1148 2158 re
1170 2138 1247 2157 autem
1272 2141 1285 2157 a
1313 2135 1336 2157 S.
1362 2135 1448 2156 Bonav.
1473 2135 1512 2156 vix
1536 2134 1648 2163 discedit,
1667 2136 1692 2156 ut
1716 2134 1765 2156 vult
1784 2133 1880 2155 Brulisei·
1898 2133 1920 2154 in

1076 2174 1203 2197 Commeat.
1221 2173 1251 2196 ad
1268 2175 1329 2196 hunc
1346 2174 1431 2207 locum.

1138 2214 1170 2242 De
1188 2214 1322 2242 quaestione
1339 2214 1381 2235 hac
1391 2213 1439 2235 'cl‘r.
1457 2214 1549 2240 praeter
1566 2210 1611 2234 iam
1625 2213 1705 2234 citatos
1716 2211 1741 2234 B.
1753 2211 1850 2239 Albert.,
1863 2212 1885 2233 S.
1898 2218 1920 2239 p.

1074 2253 1090 2275 Ἰ.
1107 2256 1134 2275 tr.
1153 2252 1173 2274 3.
1192 2259 1214 2281 q.
1233 2252 1269 2274 115.
1287 2258 1320 2274 m;
1336 2253 1357 2274 2.
1376 2258 1396 2273 a.
1415 2252 1435 2273 2.
1453 2251 1522 2279 subp.
1536 2251 1556 2273 i,
1568 2263 1600 2267 —
1611 2251 1686 2279 AEgid.
1703 2251 1729 2273 R.
1741 2269 1746 2279 ,
1759 2251 1795 2272 hic
1808 2251 1829 2273 3.
1847 2251 1920 2278 princ.

1076 2297 1098 2320 q.
1125 2291 1146 2312 t.
1167 2297 1187 2313 a.
1206 2291 1226 2313 2.
1243 2302 1275 2307 -—
1291 2290 1410 2318 Durand.‚
1428 2291 1464 2312 hIc
1481 2296 1504 2317 p.
1523 2290 1545 2311 ll.
1567 2296 1589 2318 q.
1616 2290 1637 2312 2.
1654 2292 1676 2312 et
1693 2296 1757 2318 seqq.
1774 2298 1806 2305 —·
1827 2289 1920 2316 Dionys.

1077 2329 1164 2357 Carth.,
1183 2330 1219 2351 hic
1236 2336 1258 2358 q.
1278 2329 1358 2352 ν13.,-
1369 2329 1430 2356 Biel,
1448 2329 1471 2350 ll.
1490 2329 1549 2350 Sent.
1562 2328 1585 2350 d.
1599 2327 1635 2350 24.
1648 2330 1670 2350 et
1687 2327 1723 2349 25.

1079 2391 1081 2393 ,
1139 2368 1162 2390 ΙΙ.
1180 2368 1209 2390 Ut
1225 2367 1313 2389 facilius
1329 2367 1484 2395 intelligantur
1495 2366 1567 2389 verba
1584 2366 1688 2388 Doctoris
1700 2367 1722 2387 in
1735 2366 1779 2387 tine
1797 2366 1922 2388 conclusio·

1077 2408 1111 2429 nis
1129 2408 1216 2435 posita:
1237 2407 1349 2435 «Loquor
1360 2406 1389 2428 de
1407 2405 1554 2428 similitudine
1571 2405 1699 2427 secundum
1717 2406 1828 2427 rationem
1846 2405 1921 2427 simili-

1077 2446 1173 2473 tudinis,
1192 2452 1237 2467 non
1255 2446 1418 2472 intentionis»,
1436 2445 1492 2466 haec
1510 2448 1622 2467 notamus.
1642 2445 1732 2466 Praeter
1748 2444 1921 2466 similitudinem

1076 2483 1245 2508 accidentalem
1254 2503 1260 2512 ,
1280 2490 1340 2513 quae
1352 2487 1386 2506 est
1402 2490 1424 2505 v.
1444 2490 1466 2511 g.
1479 2484 1501 2505 in
1514 2483 1587 2511 figura
1600 2484 1713 2510 exteriori,
1725 2485 1748 2505 et
1756 2482 1917 2510 essentialem,

238 2618 245 2632 ¹
264 2619 314 2640 Vat.
332 2620 410 2640 contra
428 2619 540 2646 plurimos
557 2618 625 2641 codd.
642 2621 664 2641 et
680 2618 716 2641 ed.
735 2619 743 2640 ·1
768 2618 829 2646 Quia
845 2624 909 2647 erqo.

237 2657 246 2672 ²
263 2657 319 2679 Cod.
337 2657 355 2679 Ο
372 2657 436 2679 addit
450 2656 555 2686 sormam
571 2658 620 2679 aut.

236 2695 246 2710 ³
263 2696 293 2717 Ex
310 2695 378 2717 codd.
396 2699 418 2718 et
434 2696 470 2718 cd.
490 2696 498 2717 rl
514 2695 646 2718 addidimus
657 2696 697 2718 est.
710 2696 788 2717 Plures
799 2695 866 2717 codd.
879 2698 904 2717 ut
915 2695 960 2717 AT
977 2698 1020 2717 etc.

174 2735 244 2763 paulo
261 2737 313 2757 ante
331 2734 415 2756 habent
431 2734 555 2764 quaeritur
572 2735 621 2756 loco
638 2733 754 2757 obiicitur.

237 2772 246 2787 ⁴
264 2774 344 2795 Petrus
360 2774 461 2801 hispan„
479 2773 611 2800 summula,
634 2776 698 2795 tract.
723 2773 751 2795 de
769 2773 823 2800 Syll.
841 2773 907 2800 soph.
925 2779 965 2794 seu
991 2772 1020 2794 de

176 2812 289 2840 Fallaciis,
307 2813 329 2834 in
347 2811 391 2833 sinc
409 2811 438 2833 de
456 2812 500 2833 sall.
518 2812 713 2840 aequivocationis
735 2812 776 2834 ait:
794 2812 863 2833 Recta
880 2812 962 2833 solutio
987 2814 1021 2833 est

177 2851 328 2872 manifestatio
345 2850 472 2878 syllogismi
490 2850 539 2871 salsi
556 2853 578 2871 et
595 2852 690 2877 propter
706 2850 762 2878 quid
781 2852 815 2872 est
832 2850 909 2871 salsus.
927 2850 953 2872 Et
966 2855 1020 2871 con-

176 2890 242 2917 tingit
258 2889 392 2918 dupliciter,
410 2890 457 2912 scil.
475 2889 511 2911 vel
528 2888 693 2918 delinquendo
710 2890 745 2911 vel
763 2890 864 2917 aliquam
882 2889 1021 2916 praemissa-

1078 2623 1129 2639 rum
1147 2615 1319 2644 1‘nee1·ime11do‚·
1335 2618 1358 2638 et
1374 2616 1417 2638 hoc
1434 2615 1537 2637 secundo
1553 2615 1624 2637 modo
1641 2614 1830 2643 respondendum
1847 2617 1881 2636 est
1893 2614 1922 2636 ad

1077 2662 1157 2677 omncs
1175 2658 1296 2684 peccantes
1313 2655 1334 2676 in
1347 2655 1441 2676 materia
1459 2654 1482 2681 (i.
1495 2660 1514 2676 e.
1532 2654 1701 2681 propositiones
1718 2654 1802 2681 salsas).
1823 2654 1921 2681 Ariston,

1078 2696 1100 2716 11.
1118 2695 1210 2717 Elcnch.
1228 2700 1247 2716 c.
1266 2694 1287 2716 3.
1305 2694 1333 2721 (c.
1354 2694 1399 2721 18.)
1413 2693 1529 2721 duplicem
1547 2694 1605 2714 hanc
1622 2693 1741 2714 solutionis
1758 2693 1859 2720 speciem
1872 2698 1923 2720 pro·

1078 2733 1185 2761 ponendo
1202 2739 1258 2755 usus
1274 2735 1308 2754 est
1324 2732 1403 2754 verbis
1420 2732 1510 2761 διαιρεῖν
1527 2735 1549 2754 et
1567 2726 1678 2760 ἀναιρεῖν,
1691 2732 1870 2759 quae‘Boetliius
1881 2732 1923 2752 lin-

1078 2779 1122 2800 gua
1135 2773 1200 2794 latina
1213 2771 1313 2793 reddidit
1329 2777 1371 2799 per
1388 2771 1459 2793 verba
1477 2770 1620 2799 discinyupre
1631 2772 1654 2792 et
1670 2769 1805 2792 interimere
1817 2770 1840 2796 (i.
1853 2776 1872 2792 e.
1886 2776 1923 2791 ne-

1078 2811 1154 2839 gando
1172 2811 1286 2837 auferre).
1298 2822 1330 2826 -
1341 2810 1410 2832 Paulo
1427 2816 1497 2837 supra
1515 2810 1584 2838 aliqui
1602 2808 1670 2831 codd.
1688 2811 1713 2831 ut
1729 2808 1831 2830 AGHK
1843 2808 1860 2830 T
1879 2812 1921 2830 etc.

1077 2855 1130 2871 cum
1148 2849 1185 2871 ed.
1204 2849 1211 2870 «t
1234 2848 1347 2878 differant
1362 2854 1405 2876 pro
1423 2847 1542 2877 differunt.
