2253 3317
759 112 840 139 DIST.
863 113 914 140 vti.
937 114 1008 141 AR‘F.
1031 113 1145 142 UNICUS
1166 115 1300 151 QUREST.
1324 116 1361 143 ΙΙΙ.

947 259 1098 295 QUAESTlo
1124 260 1163 287 ΙΙΙ.
1870 266 1918 293 141

499 366 603 395 Utrum
622 367 752 403 potentia
770 367 935 404 yenercmdi
954 371 978 395 et
996 367 1125 404 potentia
1147 368 1269 396 evraudi
1289 369 1347 396 sinc
1368 370 1455 397 unica
1477 371 1612 406 potencia.

265 490 357 519 Tertio
391 490 553 527 quaeritur,
585 494 681 519 utrum
709 499 793 527 posse
824 499 968 528 generare
1001 493 1028 519 et

186 546 288 565 creare
302 537 355 565 sit¹
377 537 491 566 unicum
510 545 612 573 pos-se,-
633 540 660 566 et
674 537 749 574 quod
770 545 825 565 non
850 538 885 566 sit
903 538 1028 571 unicum,

186 583 306 612 videtur.

267 632 288 658 l.
305 631 475 667 Augustinus
488 631 509 658 ²:
532 643 542 654 «
555 630 612 658 Alio
627 633 668 659 est
683 630 770 664 Pater,
785 630 839 659 alio
854 633 896 659 est
910 630 985 659 Deus
997 643 1006 654 u
1021 641 1026 658 :

81 689 173 713 Momm.
186 684 252 714 ergo
273 677 328 705 alio
342 680 383 705 est
405 684 553 713 generans,
575 677 629 705 alio
650 684 760 711 ereans;
780 677 828 706 sed
849 677 971 714 potentia
986 685 1029 714 ge-

47 715 110 734 ⁵“²¹¹'¹'
186 724 301 752 nerandi
322 727 364 752 est
385 731 534 760 generans.
563 724 685 761 potentia
710 724 821 753 creandi
844 727 886 753 est
914 732 1026 753 creans:

183 764 252 808 ¹ergo
272 773 323 799 etc.

264 818 289 845 2.
312 817 395 849 Item,
423 817 561 854 potentiae
585 817 796 854 distinguuntur
823 825 874 854 per
894 821 974 846 actus
1001 821 1028 846 et

184 866 263 892 actus
283 870 334 900 per
355 863 492 892 obiecta³z
515 871 581 900 ergo
603 863 624 892 si
640 864 782 901 generatio
803 864 970 893 terminatur
992 865 1027 893 ad

185 910 274 938 Deum
289 913 316 938 et
336 910 440 938 creatio
454 910 489 939 ad
510 913 685 943 creaturam,
701 914 728 939 et
749 911 815 939 haec
836 914 901 940 sunt
915 912 1028 940 omnino

185 955 309 984 diversa:
332 964 398 993 ergo
419 960 470 985 etc.

263 1002 288 1031 3.
314 1002 396 1037 Item,
420 1003 558 1040 potentiae
586 1003 782 1040 plurificantur
810 1011 859 1040 per
888 1004 1028 1039 subiecta,

185 1049 315 1086 quoniam
337 1049 364 1077 in
385 1049 515 1086 pluribus
535 1050 713 1087 potentibus⁴
735 1050 831 1087 plures
853 1054 918 1079 sunt
936 1053 1029 1088 poten-

185 1096 251 1130 tiae3
280 1096 328 1125 sed
356 1097 478 1133 potentia
505 1097 618 1126 creandi
646 1100 688 1126 est
716 1097 744 1125 in
771 1097 837 1125 Filio
865 1098 923 1126 sive
947 1106 1029 1135 posse

185 1150 295 1177 creare,
317 1143 344 1171 in
365 1151 398 1172 eo
423 1146 517 1172 autem
542 1152 596 1172 non
625 1147 666 1172 est
687 1152 768 1181 posse
789 1152 937 1181 generare:
963 1152 1029 1182 ergo

187 1197 240 1217 non
262 1192 328 1218 sunt
348 1198 438 1218 unum
458 1198 547 1227 posse.

262 1236 290 1264 4.
312 1236 392 1270 Item,
407 1244 602 1273 quaecumque
617 1236 655 1265 sic
670 1244 699 1265 se
714 1237 830 1271 habent,
849 1237 925 1274 quod
940 1245 1029 1265 unum

184 1285 274 1320 potest
289 1282 413 1320 intelligi,
427 1283 515 1312 altero
527 1291 581 1312 non
596 1283 743 1318 intellecto,
755 1287 782 1312 et
793 1291 808 1312 e
823 1292 965 1319 converso.
981 1284 1029 1312 illa

184 1337 239 1358 non
261 1333 326 1358 sunt
347 1338 455 1363 unum;
477 1330 526 1359 sed
547 1338 628 1367 posse
650 1338 784 1367 generare
798 1333 889 1367 potest
904 1330 1029 1367 intelligi,

184 1376 395 1413 circumscripta
415 1376 537 1413 potentia
558 1377 686 1411 creandi3
708 1380 735 1405 et
755 1385 771 1406 e
791 1385 925 1406 converso
947 1385 1029 1414 posse

184 1430 288 1457 creare,
303 1423 515 1460 circumscripta
536 1424 658 1460 potentia
682 1424 867 1461 generandi⁵z
889 1432 956 1461 ergo
977 1427 1028 1453 etc.

262 1470 389 1498 CONTRA:
415 1471 439 1498 1.
455 1470 540 1499 Unius
555 1471 674 1507 potentis
688 1471 800 1499 omnino
822 1471 956 1508 simplicis
970 1471 1030 1499 uni-

47 1525 249 1547 Ειιιιαῃηιρηιηιῑιιιιι
270 1519 379 1545 tantum
394 1521 436 1545 est
450 1525 531 1554 posse
537 1528 544 1552 ;
559 1517 608 1546 sed
621 1517 631 1530 ⁰
647 1518 726 1546 Pater
741 1521 783 1546 est
797 1520 895 1555 potens
916 1518 1029 1547 omnino

184 1562 319 1600 simplex:
336 1571 402 1600 ergo
416 1563 531 1592 unicum
546 1566 655 1592 tantum
670 1563 754 1592 hahet
765 1572 866 1600 posse;
881 1564 930 1593 sed
945 1564 1030 1593 habet

186 1617 265 1646 posse
287 1617 422 1646 generare
443 1613 470 1639 et
490 1618 571 1648 posse
593 1618 703 1639 creare:
725 1618 792 1645 ergo
817 1611 865 1639 illa
886 1611 942 1640 duo
964 1614 1030 1640 sunt

185 1656 300 1685 unicum
321 1664 410 1693 posse.

263 1705 288 1732 Ξ).
310 1704 390 1738 Item,
406 1704 428 1732 si
442 1712 523 1741 posse
538 1706 579 1733 est
593 1704 670 1733 aliud
686 1707 713 1733 et
730 1704 807 1733 aliud
821 1705 843 1739 ⁷,
865 1712 929 1733 cum
948 1712 1029 1741 posse

185 1757 319 1787 generare
339 1750 468 1787 respiciat
488 1758 648 1787 personam.
670 1758 751 1787 posse
766 1758 862 1779 creare
883 1754 1029 1779 naturam:

185 1804 250 1833 ergo
265 1800 365 1825 natura
386 1800 412 1825 et
436 1805 553 1834 persona
580 1800 645 1825 sunt
669 1797 739 1826 duo:
762 1805 829 1834 ergo
854 1805 904 1826 neo
930 1800 1030 1826 natura

185 1843 219 1872 ‹le
241 1851 367 1880 persona,
389 1851 437 1872 nec
459 1851 474 1872 e
489 1851 623 1872 converso
645 1844 755 1872 dicitur.
774 1844 848 1880 quod
863 1847 905 1872 est
919 1844 1030 1872 omnino

186 1890 297 1919 salsum.

266 1936 290 1965 3.
313 1937 392 1966 Item.
415 1937 436 1965 si
452 1940 494 1965 est
509 1937 647 1966 distinctio
669 1937 740 1966 inter
754 1945 835 1974 posse
854 1945 988 1974 generare
1003 1940 1032 1965 et

71 1993 174 2021 mtaquaq.
189 1991 267 2020 posse
288 1991 397 2012 creare:
419 1991 485 2020 ergo
506 1986 548 2012 est
569 1983 606 2011 ibi
622 1984 701 2011 ordo.
724 1984 833 2020 Quaero
854 1984 948 2021 igitur,
963 1985 1031 2022 quid

53 2017 222 2065 {²3⁰u‘3r‘iti'sssfii‘esit
242 2030 343 2067 prius⁴³
365 2030 519 2058 secundum
541 2030 676 2058 rationem
701 2029 881 2067 intelligendi.
903 2031 934 2059 Et
955 2032 1030 2068 quod

189 2076 310 2113 potentia
325 2076 489 2113 generandi,
505 2076 624 2111 videtur,
638 2076 704 2113 quia
718 2079 759 2105 est
773 2080 903 2113 respectu
916 2077 1031 2111 aeterni,

188 2125 215 2151 et
235 2126 380 2152 aeternum
403 2126 467 2152 ante
481 2123 643 2160 temporale.
666 2123 722 2151 Sed
735 2126 852 2151 contra:
875 2123 1032 2153 intellectus

188 2170 344 2198 eommunis
363 2172 405 2198 est
425 2173 488 2198 ante
503 2169 673 2198 intellectum
696 2170 818 2207 proprii:
839 2170 888 2199 sed
909 2170 1030 2207 potentia

250 2325 257 2338 ¹
277 2325 326 2347 Vnt.
345 2326 380 2347 liic
398 2328 419 2347 et
437 2326 506 2353 paulo
523 2329 574 2354 post
592 2329 682 2354 praeter
699 2326 768 2348 fidem
785 2332 839 2349 mss.
857 2330 878 2349 et
896 2326 932 2349 ed.
948 2327 953 2348 l
978 2326 1031 2349 sint.

249 2363 258 2378 ²
276 2364 336 2386 Libr.
353 2364 398 2386 vn.
416 2364 444 2386 de
462 2365 524 2386 Trin.
542 2371 561 2387 c.
583 2365 600 2387 1.
618 2367 640 2387 et
658 2366 678 2387 6.
697 2372 723 2387 nc
740 2366 813 2387 Serm.
828 2366 848 2387 l.
866 2366 887 2387 in
900 2366 982 2388 Psalm.
995 2366 1032 2387 68.

189 2409 210 2424 n.
229 2402 249 2424 5.
267 2415 298 2419 -
315 2403 365 2424 Vut.
384 2407 462 2425 contra
480 2404 620 2432 antiquiores
637 2404 704 2426 codd.
716 2410 758 2433 per
769 2404 948 2433 Auyzzstiwmn,·
965 2404 1001 2426 ed.
1023 2405 1028 2426 1

188 2441 265 2465 dicere
281 2441 438 2471 Aqutslinus.

250 2479 259 2494 ³
277 2480 402 2503 Aristotelis
418 2480 489 2503 verbu
508 2482 549 2503 hac
567 2481 595 2503 de
613 2487 636 2503 rc
654 2481 707 2503 vide
724 2488 794 2509 supra
812 2488 834 2510 q.
856 2482 873 2504 1.
891 2482 994 2504 fundam.
1012 2483 1032 2504 2.

251 2517 259 2532 ⁴
278 2518 307 2541 lta
325 2520 466 2548 antiquiores
483 2519 550 2542 codd.
568 2525 621 2541 cum
638 2519 673 2542 cd.
692 2520 700 2541 4
712 2538 717 2548 ,
736 2520 777 2542 sed
793 2520 844 2543 Vat.
867 2526 921 2543 cum
939 2521 990 2543 cod.
1008 2527 1034 2543 cc

191 2557 247 2587 quia
264 2557 289 2580 in
304 2557 414 2587 pluribus
431 2558 545 2582 subiectis.

251 2596 260 2611 ⁵
278 2597 380 2619 Mutilum
397 2598 516 2620 lectionem
533 2598 583 2620 Vut.
596 2600 618 2620 et
630 2598 680 2620 cod.
693 2604 730 2626 cc,
741 2599 780 2627 qui
789 2599 896 2621 omittunt
907 2599 979 2621 verba
991 2600 1013 2622 et
1023 2606 1034 2622 e

189 2640 301 2658 converso
311 2641 384 2663 usque
393 2636 528 2665 generandi,
543 2638 699 2659 restauramus
707 2643 752 2665 ope
760 2637 857 2659 aliorum
869 2643 924 2659 mss.
936 2640 958 2659 et
966 2637 1002 2659 ed.
1013 2638 1033 2660 l.

250 2673 259 2688 θ
277 2674 409 2696 Adiecimus
431 2681 459 2697 ex
481 2674 646 2697 vetustioribus
662 2681 716 2698 mss.
735 2678 757 2698 et
773 2676 810 2698 cd.
839 2676 847 2697 .1
875 2677 951 2699 minus
975 2676 1035 2699 hene

190 2714 303 2735 omissum
319 2713 366 2736 sed.

253 2751 262 2766 ⁷
280 2751 335 2774 Cod.
354 2752 385 2774 bb
403 2753 457 2775 satis
474 2752 532 2775 benc
549 2753 570 2776 εἰ
582 2759 652 2782 posse
677 2759 759 2776 creare
783 2755 803 2777 et
827 2760 895 2784 posse
919 2760 1035 2784 [leverat-e

190 2791 223 2813 est
239 2790 307 2813 aliud
322 2792 343 2813 et
360 2790 428 2814 aliud
440 2797 517 2821 posse.

252 2828 261 2843 Β
278 2829 371 2851 Plurimi
389 2829 455 2852 codd.
474 2836 518 2851 non
538 2831 566 2852 ita
584 2830 643 2852 bene
661 2837 702 2853 nec
719 2837 771 2853 cum
789 2831 897 2854 subnexIS
914 2833 1035 2854 cohaeren-

191 2870 224 2889 ter
237 2867 403 2897 principalius.

1084 491 1197 520 creandi
1224 492 1290 520 dicit
1318 499 1465 521 commune
1493 493 1598 523 tribus.
1628 496 1747 532 potentia
1774 497 1924 533 generandi

1086 537 1230 574 proprium
1252 537 1353 566 Patris:
1375 546 1442 574 ergo
1462 542 1512 567 etc.

1426 640 1583 661 CONCLUSIO.

1088 725 1220 753 Potentia.
1239 725 1404 762 yenercmdz'
1423 729 1448 753 et
1465 726 1594 762 potentia
1613 728 1735 756 creandi
1755 737 1812 756 non
1829 738 1927 758 secan—

1163 772 1234 800 (lum.
1255 781 1332 806 rem,
1347 773 1397 800 sed
1413 773 1593 801 solummodo
1606 775 1767 803 seeundum
1781 776 1923 813 rationem

1164 818 1342 856 iutelliyendt'
1361 818 1507 856 differtum.

1164 912 1337 941 Responm-:oz
1360 912 1527 944 Dicendum.
1550 913 1624 950 quod
1643 923 1726 951 posse
1747 923 1880 951 generare
1901 920 1926 944 et

1082 966 1166 995 posse
1186 959 1364 1004 (η’θῐειιθθεῖῃ
1388 968 1473 996 posse
1493 960 1632 994 unicum,
1658 964 1750 989 tamen
1779 962 1928 999 dupliciter

1085 1004 1199 1032 dictum.
1223 1005 1311 1033 Unum
1339 1006 1413 1034 enim
1434 1014 1495 1035 esse
1519 1009 1561 1035 est
1581 1007 1608 1035 iu
1629 1015 1659 1036 re
1687 1015 1748 1036 esse
1772 1008 1880 1037 Patrem
1901 1013 1927 1038 et

1084 1058 1145 1080 esse
1166 1051 1268 1086 Deum,
1290 1052 1422 1081 differens
1442 1056 1537 1082 autem
1558 1054 1714 1083 secundum
1735 1055 1870 1084 rationem
1890 1056 1929 1084 in-

1086 1097 1243 1134 telligendi3
1265 1098 1330 1135 quia
1351 1098 1404 1127 hoo
1417 1098 1437 1112 ¹⁰
1457 1102 1499 1128 est
1519 1099 1692 1135 absolutum,
1707 1109 1771 1129 eum
1787 1101 1848 1130 dico
1869 1111 1927 1131 esse

1087 1144 1191 1178 Deum,
1212 1144 1283 1173 illud
1304 1145 1440 1180 relatum,
1462 1153 1527 1174 oum
1548 1146 1610 1175 dico
1630 1155 1689 1175 esse
1705 1148 1835 1176 Patrem.
1851 1149 1928 1177 Simi-

1087 1191 1148 1219 liter
1169 1191 1238 1219 etin
1255 1200 1340 1228 posse
1354 1194 1396 1220 est
1416 1192 1635 1229 intelligendum.
1652 1194 1728 1223 Unde
1749 1194 1820 1223 sicut
1837 1203 1927 1224 essen·

1085 1237 1122 1265 tia
1136 1240 1163 1265 et
1177 1245 1296 1274 persona
1310 1246 1399 1266 unum
1414 1242 1479 1267 sunt
1492 1239 1519 1267 in
1534 1247 1573 1273 re,
1589 1242 1680 1268 tamen
1692 1241 1759 1269 est¹¹
1772 1241 1928 1270 differentia

1085 1284 1201 1312 rationis
1216 1284 1243 1319 in
1258 1284 1437 1321 intelligendo
1459 1288 1486 1314 et
1500 1286 1527 1314 in
1542 1286 1672 1321 dicendo;
1692 1287 1819 1316 similiter
1839 1288 1929 1317 dicen—
1954 1293 2060 1312 Com-«lusin-

1085 1330 1154 1358 dum
1176 1334 1218 1359 est
1238 1331 1273 1359 de
1293 1331 1415 1368 potentia
1437 1332 1587 1368 generandi
1608 1336 1635 1361 et
1650 1333 1771 1362 creandi.

1163 1377 1194 1405 Et
1203 1377 1221 1392 ¹²
1236 1377 1307 1406 sicut
1317 1381 1359 1406 est
1372 1378 1408 1406 ihi
1420 1377 1584 1416 differentia
1595 1387 1648 1407 non
1661 1388 1700 1413 re,
1713 1380 1762 1409 sed
1774 1381 1928 1409 secundum
1941 1386 2061 1432 qussss‘ssffi'iiss}

1085 1424 1232 1458 rationem,
1254 1425 1291 1453 ita
1305 1428 1347 1454 est
1369 1425 1406 1453 ihi
1421 1425 1493 1453 ordo
1508 1426 1662 1454 secundum
1682 1427 1817 1455 rationem
1832 1427 1930 1456 intelli·
1941 1433 2013 1451 ordine-

1085 1470 1175 1507 gentli.
1191 1471 1267 1500 Unde
1282 1472 1437 1501 secundum
1453 1472 1579 1500 diversas
1590 1473 1811 1509 comparationes
1827 1474 1929 1503 habent

1084 1517 1170 1545 alium
1199 1520 1227 1546 et
1247 1518 1334 1546 alium
1359 1518 1496 1547 ordinem.
1525 1519 1718 1556 Comparando
1745 1520 1819 1548 enim
1848 1529 1928 1557 posse

1084 1572 1180 1593 creare
1195 1568 1222 1593 et
1243 1573 1323 1601 posse
1344 1573 1478 1602 generare
1499 1566 1534 1594 ad
1558 1566 1627 1594 illud
1649 1567 1735 1595 eteius
1763 1570 1842 1602 sunt;
1865 1576 1928 1596 oum

1084 1619 1166 1647 posse
1181 1619 1277 1640 creare
1292 1612 1326 1640 sit
1341 1616 1470 1647 naturae,
1492 1621 1573 1650 posse
1588 1621 1722 1649 generare
1737 1613 1772 1642 sit
1784 1622 1928 1650 personae.

1084 1661 1112 1686 et
1132 1658 1289 1687 intellectus
1317 1659 1503 1688 communis¹³
1526 1663 1589 1688 ante
1611 1652 1783 1689 intellectum
1807 1662 1929 1698 proprii;

1085 1704 1123 1733 sic
1150 1705 1256 1742 absque
1280 1705 1419 1734 calumnia
1448 1706 1524 1743 prior
1549 1710 1590 1735 est
1612 1707 1765 1735 secundum
1796 1708 1929 1737 rationem

1085 1751 1255 1788 intelligendi
1278 1752 1400 1788 potentia
1423 1753 1544 1781 creandi.
1567 1753 1759 1790 Comparando
1780 1757 1872 1783 autem
1895 1756 1929 1784 ad

1087 1797 1156 1826 illud
1178 1798 1219 1826 acl
1239 1799 1316 1836 quod
1336 1799 1516 1834 terminatum
1531 1808 1594 1828 cum
1617 1801 1739 1837 potentia
1760 1802 1872 1830 creandi
1892 1810 1931 1831 re-

1087 1845 1185 1881 spiciat
1199 1845 1361 1882 temporale,
1375 1846 1498 1882 potentia
1518 1854 1585 1874 vero
1600 1847 1750 1883 generandi
1772 1851 1917 1877 aeternum
1924 1860 1930 1883 3

1088 1891 1164 1928 prior
1192 1895 1234 1920 est
1261 1892 1415 1920 secundum
1446 1893 1579 1921 rationem
1610 1893 1780 1929 intelligendi
1809 1895 1929 1931 potentia

1087 1938 1238 1974 generandi
1257 1947 1340 1975 quam
1364 1939 1483 1976 potentia
1503 1940 1614 1968 creandi
1625 1951 1632 1973 ς
1657 1943 1684 1968 et
1699 1940 1736 1968 sic
1751 1944 1846 1977 patent
1860 1942 1932 1970 obie-

1087 1988 1131 2013 cta
1153 1985 1187 2013 de
1207 1985 1316 2013 ordine.

1165 2031 1362 2060 Concedendae
1375 2035 1439 2060 sunt
1450 2040 1516 2069 ergo
1528 2033 1649 2061 rationes
1660 2030 1845 2069 ostendentes.
1856 2035 1930 2072 quod

1087 2086 1141 2106 non
1164 2078 1297 2106 differunt
1318 2086 1399 2115 posse
1425 2086 1559 2115 generare
1583 2082 1610 2107 et
1631 2087 1712 2116 posse
1740 2088 1836 2109 creare
1858 2081 1933 2110 diffe-

1088 2124 1177 2152 rentia
1199 2124 1355 2153 seeundum
1377 2133 1437 2153 rem
1458 2125 1516 2154 sive
1537 2125 1693 2154 secundum
1713 2127 1869 2155 essentiam.

1169 2171 1192 2199 l.
1215 2171 1253 2200 Ad
1275 2171 1345 2200 illud
1366 2180 1433 2209 ergo
1444 2172 1462 2186 ¹⁴
1480 2172 1554 2209 quod
1576 2172 1714 2206 obiicitur,
1733 2173 1808 2209 quod
1822 2174 1876 2202 alio
1891 2177 1932 2203 est
1962 2179 2031 2206 solutio
2040 2185 2071 2202 01³-

1945 2205 2056 2226 posuerunt-

1150 2327 1159 2340 ³¹
1178 2327 1227 2349 Vnt.
1246 2331 1323 2350 contra
1341 2334 1395 2350 mss.
1413 2329 1475 2350 smil.
1495 2328 1543 2350 Mox
1561 2331 1614 2356 post
1629 2328 1690 2351 enim
1709 2330 1808 2351 nonnulli
1822 2330 1888 2351 codd.
1907 2333 1930 2351 ul

1090 2366 1153 2388 CRS
1170 2367 1277 2389 omittunt
1293 2372 1348 2389 esse,

1151 2405 1170 2419 ¹⁰
1188 2406 1237 2427 Vnt.
1256 2408 1333 2428 contra
1350 2406 1398 2428 sere
1414 2412 1495 2428 omnes
1512 2406 1578 2429 codd.
1596 2410 1618 2429 ot
1634 2407 1670 2429 ed.
1692 2408 1697 2429 1
1719 2407 1783 2436 quod
1793 2414 1835 2435 pro
1847 2407 1897 2433 hoc,
1912 2412 1931 2430 θι

1090 2445 1158 2471 paulo
1176 2445 1233 2466 infra
1250 2444 1312 2467 idem
1328 2446 1361 2468 est
1377 2445 1427 2467 loco
1444 2444 1511 2468 illud.

1152 2483 1169 2497 ¹¹
1188 2483 1260 2506 Codd.
1278 2484 1336 2506 inter
1353 2490 1377 2506 se
1394 2490 1438 2506 non
1461 2486 1614 2513 conveniunt3
1632 2485 1668 2507 alii
1693 2489 1718 2507 ut
1740 2485 1880 2507 AFGHKM
1889 2486 1906 2507 Τ
1915 2486 1932 2507 Y

1090 2528 1143 2544 cum
1161 2522 1197 2544 ed.
1217 2522 1224 2543 l
1247 2527 1290 2549 pro
1307 2523 1385 2544 tamen
1402 2523 1436 2545 est
1452 2522 1537 2545 liabent
1553 2529 1623 2551 cunt,
1643 2524 1678 2545 alii
1696 2529 1749 2545 cum
1766 2524 1816 2546 Vat.
1828 2524 1934 2547 exhibent

1090 2562 1175 2582 textum
1192 2563 1309 2588 nostrum,
1327 2561 1378 2583 cod.
1390 2561 1408 2582 R
1426 2562 1506 2584 tamen
1521 2561 1638 2591 differunt
1652 2562 1751 2585 ratione.
1768 2563 1817 2584 Mox
1829 2565 1880 2590 post
1896 2569 1935 2585 ra-

1090 2599 1159 2622 tionis
1178 2599 1280 2621 nonnulli
1296 2599 1364 2621 codd,
1382 2602 1407 2622 ut
1424 2600 1495 2622 ATX
1513 2603 1555 2623 ete.
1574 2607 1627 2623 cum
1644 2601 1680 2623 ed.
1704 2602 1708 2623 l
1730 2601 1819 2624 addunt
1838 2602 1934 2629 particu-

1091 2639 1135 2660 lam
1153 2639 1180 2661 et.

1154 2677 1173 2692 ¹²
1191 2678 1243 2700 Fide
1262 2684 1315 2700 mss.
1333 2681 1356 2700 et
1371 2684 1410 2700 sex
1427 2679 1555 2706 primarum
1577 2679 1629 2701 edd.
1647 2680 1807 2707 supplevimus
1832 2680 1867 2702 Et.
1885 2680 1933 2701 Mox

1094 2717 1160 2744 pauci
1178 2716 1245 2738 codd.
1263 2720 1288 2739 ut
1304 2717 1348 2738 HK
1367 2719 1418 2744 post
1434 2717 1551 2740 rationem
1569 2718 1653 2740 habent
1668 2717 1825 2748 intelligyendz',
1842 2718 1882 2741 ita.

1155 2755 1173 2770 ¹³
1192 2755 1331 2778 Faventinus
1348 2756 1454 2784 plurimis
1471 2756 1538 2779 codd.
1551 2759 1573 2779 et
1584 2757 1619 2779 ed.
1639 2758 1661 2781 vl.
1680 2758 1832 2785 expunximus
1848 2758 1884 2779 liic
1896 2757 1933 2779 ad-

1093 2794 1165 2816 ditum
1183 2795 1223 2816 est.

1156 2832 1175 2846 ¹⁴
1192 2833 1221 2854 Ex
1240 2833 1403 2856 vetustioribus
1420 2840 1474 2856 mss.
1491 2837 1511 2856 ct
1530 2835 1566 2857 ed.
1588 2835 1593 2856 1
1615 2835 1740 2857 adiecimus
1756 2841 1818 2864 erqo.
