2253 3317
339 129 392 157 152
1027 119 1275 149 SENTENTIARUM
1297 118 1355 148 LIB.
1377 119 1394 147 Ι.

336 204 429 233 01111011
449 204 483 232 (10
503 202 633 236 veritate,
655 200 810 230 secundum
830 200 906 237 quod
926 199 1011 228 habet
1025 197 1171 235 oppositio-

336 258 400 279 nem
420 249 455 278 ad
481 249 618 277 desectum
637 245 799 283 faLsitatis,
820 254 875 274 non
895 246 931 274 ad
955 243 1170 282 permixtionem

336 295 538 334 possibilitatis;
569 292 711 330 praedicto
740 292 814 321 enim
844 292 927 320 modo
957 290 1085 320 convenit
1115 298 1170 318 non

336 344 443 370 tantum
464 339 599 373 Creatori,
620 338 668 367 sed
688 338 772 367 etiam
793 341 948 366 creaturae.

412 387 438 415 [1.
459 386 498 414 Ad
518 384 588 413 illud
615 384 690 421 quod
721 384 866 417 obiicitur,
887 383 962 420 quod
994 382 1096 412 veritas
1128 384 1170 410 est

333 432 407 461 idem
428 431 502 468 quod
523 430 616 459 divina
637 429 770 463 essentia;
792 429 950 462 dicendum,
971 428 1046 465 quod
1067 428 1101 456 de
1128 435 1171 455 ra-

224 482 322 506 Proprium
333 477 405 505 tione
422 475 612 513 proprietatis
638 475 665 503 in
686 477 814 503 creatura
846 476 911 503 sunt
941 474 994 502 ista
1014 473 1082 502 tria:
1116 472 1170 509 pri-

196 507 214 525 in
227 508 319 525 01031013.

192 1083 279 1107 Quaestio
292 1083 320 1101 in-

203 1106 307 1125 cidenlalis.

332 532 411 553 mum
432 526 489 557 est,
509 522 584 559 quod
605 521 732 550 convenit
753 521 819 554 soli;
841 520 996 549 secundum
1017 523 1074 554 est,
1093 520 1168 556 quod

332 571 373 597 est
393 568 462 596 ratio
483 566 686 601 innotescendi,
709 566 822 594 tertium
843 568 899 600 est,
925 565 1000 602 quod
1021 564 1114 593 differt
1134 564 1169 592 ab

331 622 364 643 eo
385 614 464 643 cuius
485 616 526 642 est
540 613 695 650 proprietas
706 613 722 640 ¹.
744 613 804 641 Duo
825 612 916 650 prima
934 614 999 641 sunt
1028 610 1170 648 perfectio-

330 660 387 694 nis,
415 659 545 688 ultimum
579 666 645 687 vero
679 658 909 695 imperfectionis,
943 657 1010 694 quia
1043 657 1169 686 excludit

330 706 542 743 simplicitatem.
574 705 605 733 Et
635 705 697 733 ideo
727 704 830 733 veritas
861 704 963 733 dicitur
994 704 1104 733 divinae
1129 712 1169 733 es-

330 752 432 781 sentiae
453 751 626 788 proprietas,
647 758 702 778 non
723 750 788 786 quia
810 750 920 779 differat
944 750 988 779 vel
1020 751 1055 779 sit
1076 750 1168 779 inhae-

330 805 394 827 rens
415 797 524 826 divinae
545 796 695 830 essentiae,
710 796 782 825 sicut
795 796 944 825 30010008Τό
964 797 1101 830 801110οι0,
1117 797 1166 825 sed

329 845 395 882 quia
417 843 466 872 soli
488 843 615 872 convenit
635 846 663 871 et
683 845 725 872 est
746 843 815 871 ratio
842 843 1023 880 cognoscendi
1045 850 1114 871 eam.
1137 843 1168 871 Et

329 891 398 919 haec
418 892 461 919 est
491 896 590 923 causa,
612 896 700 926 quare
722 896 737 917 0
757 896 891 917 converso
912 888 1031 917 essentia
1051 896 1106 916 non
1126 891 1168 917 est

329 936 484 973 proprietas
504 935 641 969 veritatis,
662 935 728 972 quia
748 942 803 962 non
823 937 864 962 est
884 933 954 962 ratio
979 932 1166 962 innotescendi

329 990 405 1017 03111,
426 982 497 1011 81001
517 989 532 1010 0
553 989 695 1010 converso.

408 1029 435 1057 Si
456 1031 549 1057 autem
570 1036 715 1066 quaeras,
737 1034 801 1056 cum
832 1027 905 1055 idem
936 1026 1091 1063 significent
1124 1033 1166 1055 08-

331 1075 418 1104 sentia
438 1077 465 1103 et
486 1075 603 1108 veritas,
624 1080 711 1110 quare
732 1081 821 1101 unum
842 1075 883 1101 est
897 1073 967 1101 ratio
982 1072 1163 1109 cognoscendi

330 1121 464 1155 alterum,
479 1123 506 1149 et
523 1128 577 1148 non
598 1128 613 1148 e
628 1127 761 1148 converso
770 1130 777 1153 ς
798 1119 834 1147 3(1
849 1119 901 1147 hoc
916 1119 1051 1147 dixerunt
1070 1118 1165 1155 aliqui,

330 1167 404 1204 quod
442 1166 569 1203 quamvis
600 1166 674 1195 idem
704 1165 858 1202 significent
889 1164 1007 1193 essentia
1038 1167 1065 1193 et
1096 1164 1166 1192 veri-

330 1217 386 1248 tas,
408 1216 501 1242 tamen
521 1221 625 1247 unum,
654 1212 757 1241 scilicet
784 1212 902 1246 veritas,
924 1214 966 1240 est
986 1211 1074 1248 magis
1095 1211 1166 1239 ratio

329 1259 510 1296 cognoscendi
530 1259 637 1288 ratione
666 1258 812 1287 connotati.
844 1258 897 1287 Sed
918 1258 970 1286 hoc
990 1265 1045 1286 non
1076 1259 1165 1294 potest

330 1309 418 1341 stare,
439 1306 505 1343 quia
531 1305 634 1334 veritas
654 1304 723 1333 nihil
744 1307 881 1333 connotat.
902 1304 1057 1333 Dicendum
1079 1310 1164 1339 ergo,

1045 1415 1333 1451 SGHOLION.

391 1530 405 1552 l.
423 1530 508 1552 Sensus
532 1529 672 1557 quaestionis
697 1530 741 1555 est,
767 1530 845 1550 utrum
869 1526 956 1550 veritas
970 1528 1095 1555 'competat
1116 1526 1165 1548 Deo

328 1572 436 1597 tanquam
454 1568 586 1596 proprium,
603 1567 652 1589 sive
668 1568 745 1588 utrum
762 1566 790 1588 sit
807 1565 836 1588 de
853 1566 949 1588 essentia
966 1565 1006 1587 Dei
1022 1567 1045 1586 et
1061 1565 1166 1593 proprie-

328 1609 362 1629 tas
377 1607 417 1629 Dei
434 1607 510 1628 solius.
533 1604 622 1628 Veritas
639 1605 675 1626 hic
697 1605 822 1632 accipitur,
840 1610 884 1625 non
901 1606 970 1631 prout
986 1605 1020 1625 est
1042 1603 1165 1625 formaliter

328 1644 350 1665 in
367 1644 493 1671 intellectu,
511 1649 553 1665 000
569 1643 636 1664 etiam
654 1648 696 1680 pro
713 1648 750 1670 re,
767 1644 880 1670 quatenus
896 1644 930 1663 est
946 1641 1061 1664 obiectum
1083 1641 1166 1663 intelle-

327 1684 376 1704 ctus
386 1699 391 1709 ,
409 1681 449 1703 sed
467 1682 489 1703 in
506 1681 586 1703 ordine
603 1680 633 1702 ad
649 1681 723 1708 ipsam
740 1686 803 1708 rem,
822 1681 888 1702 cuius
904 1682 939 1702 est
954 1682 1030 1707 actus,
1043 1680 1092 1701 sive
1108 1685 1165 1707 qua-

327 1723 392 1742 tenus
409 1719 464 1742 dicit
480 1719 641 1742 indivisionem
659 1719 716 1741 entis
733 1721 755 1741 et
771 1724 828 1741 esse.
845 1730 876 1734 —
887 1718 922 1740 Ad
938 1718 1109 1745 intelligentiam
1121 1720 1166 1740 ter-

327 1759 442 1780 minorum
452 1776 457 1786 ,
470 1758 508 1786 qui
521 1758 543 1779 in
559 1758 633 1785 prima
650 1757 737 1779 ratione
748 1763 790 1784 pro
803 1759 867 1784 parte
879 1757 985 1784 negativa
997 1758 1019 1779 et
1030 1755 1083 1778 alibi
1095 1762 1164 1784 saepe

328 1798 458 1824 occurrunt,
476 1796 608 1823 notandum,
626 1795 689 1824 quod
705 1794 856 1823 compleoeum
873 1797 894 1817 et
910 1793 1086 1823 incompleoeum
1102 1794 1164 1816 idem

326 1838 379 1857 sunt
398 1841 424 1857 ac
440 1835 593 1863 compositum
616 1838 638 1856 et
664 1834 849 1861 incompositum.
867 1833 957 1856 Veritas
981 1832 1106 1862 complexa
1130 1836 1165 1855 est

325 1874 402 1901 passio
425 1874 474 1895 sive
496 1873 624 1901 proprietas
646 1873 808 1901 propositionis
821 1890 826 1900 ,
844 1877 904 1900 quae
920 1871 975 1894 dicit
998 1872 1164 1894 connexionem

323 1911 448 1939 praedicati
466 1917 519 1933 cum
541 1911 659 1939 subiecto,
676 1912 699 1933 et
715 1909 812 1932 habetur
829 1911 851 1932 in
868 1909 969 1932 secunda
986 1910 1069 1932 mentis
1085 1915 1164 1937 opera-

325 1950 400 1977 tione,
418 1955 502 1977 nempe
518 1950 541 1971 10
557 1949 649 1972 iudicio.
666 1949 756 1971 Veritas
778 1950 854 1971 autem
871 1947 1021 1977 incomptam
1036 1951 1071 1971 est
1087 1949 1164 1977 passio

325 1989 422 2017 simplex
439 1988 561 2011 cuiuslibet
581 1989 639 2010 entis
663 1990 685 2010 et
700 1987 808 2010 definitur
824 1993 867 2015 per
883 1987 938 2014 hoc,
960 1986 1023 2015 quod
1045 1988 1073 2009 sit
1096 1986 1165 2009 adae-

326 2027 404 2055 quatio
421 2027 454 2049 rei
470 2026 500 2049 ad
516 2026 668 2054 intellectum,
686 2027 726 2055 qui
751 2032 801 2048 rem
823 2026 940 2054 cognoscit
956 2026 1021 2048 sicuti
1046 2028 1086 2047 est.
1103 2025 1164 2047 Haec

326 2065 422 2087 113110101
440 2066 462 2087 10
480 2065 580 2094 qualibet
596 2065 670 2093 prima
687 2065 769 2087 mentis
786 2065 929 2092 operatione,
947 2069 1007 2092 quae
1023 2065 1058 2086 est
1068 2064 1164 2092 simplex

326 2104 488 2132 apprehensio.

389 2142 411 2164 11.
429 2141 487 2164 Alibi
505 2142 527 2164 S.
544 2142 629 2165 Bonav.
641 2133 695 2164 0010
711 2142 821 2164 8011100113
839 2141 957 2163 0011101001
973 2140 1093 2168 distinguit
1108 2140 1165 2162 veri-

325 2183 394 2204 tatem
411 2181 540 2209 tripliciter,
557 2181 605 2203 scil.
622 2182 721 2203 sumtam
738 2179 775 2202 vel
791 2178 939 2208 formaliter,
954 2185 1014 2207 quae
1030 2180 1065 2200 est
1081 2179 1164 2200 veritas

326 2221 348 2242 in
365 2220 490 2247 intellectu⁷
507 2219 544 2241 vel
561 2218 698 2242 radicaliter
714 2219 763 2240 sive
780 2218 912 2245 causaliter,
925 2224 985 2246 quae
1001 2219 1035 2239 est
1051 2218 1073 2238 in
1085 2216 1163 2244 rebus,

326 2258 362 2280 vel
379 2260 448 2285 prout
464 2260 499 2280 est
515 2258 538 2279 in
559 2256 666 2279 oratione
689 2259 799 2284 tanquam
816 2255 842 2278 in
858 2254 932 2284 siqmo.
950 2255 994 2278 Ctr.
1012 2255 1069 2277 intra
1087 2254 1109 2277 d.
1127 2255 1163 2276 31.

326 2302 349 2324 p.
366 2296 389 2318 ll.
406 2302 426 2318 a.
444 2295 464 2317 1.
482 2302 504 2324 q.
522 2296 549 2323 »ῖς
567 2301 636 2323 supra
653 2295 676 2317 d.
694 2295 715 2316 3.
738 2300 761 2322 p.
779 2294 794 2316 l.
811 2293 867 2316 dub.
884 2293 911 2322 '7;
928 2294 952 2315 Il.
970 2294 1030 2315 Sent.
1048 2293 1070 2315 d.
1089 2293 1126 2315 30.
1144 2299 1163 2315 a.
1195 2317 1198 2319 ,

325 2335 347 2356 3.
365 2340 388 2363 q.
407 2334 435 2362 2;
452 2333 560 2356 Hexaem.
572 2334 645 2355 Serm.
662 2333 684 2355 5.
696 2332 729 2355 De
745 2333 840 2355 veritate
852 2331 920 2361 sz'qm',
934 2332 991 2354 infra
1008 2331 1031 2354 d.
1050 2330 1086 2353 46.
1104 2337 1124 2353 3.
1142 2331 1163 2353 ’1.

326 2379 348 2401 q.
365 2372 387 2395 4,
403 2384 435 2389 -
451 2372 473 2394 S.
492 2372 586 2400 Thom,
604 2372 618 2393 l.
636 2372 697 2394 Sent.
715 2371 738 2393 d.
757 2371 792 2393 19.
810 2377 832 2399 q.
851 2370 877 2398 5;
890 2370 919 2392 de
936 2370 1006 2393 Verit.
1024 2376 1046 2399 q.
1065 2370 1085 2392 1.
1103 2376 1123 2392 a.
1142 2370 1162 2392 1.

326 2413 348 2433 01
358 2417 436 2440 seqq.;
453 2411 474 2433 S.
492 2411 507 2433 l.
525 2417 547 2439 q.
566 2411 602 2432 16.
619 2416 639 2432 a.
653 2411 673 2432 i.
686 2411 707 2433 2.
720 2410 741 2432 3.
754 2409 775 2432 5,
791 2421 824 2426 -
835 2409 883 2431 Hoc
899 2409 949 2431 loco
961 2412 983 2431 et
998 2409 1020 2431 in
1032 2409 1122 2436 Prolog.
1134 2408 1163 2430 ad

325 2448 451 2471 Comment.
468 2449 491 2470 in
507 2448 633 2471 Ecclesiast.
652 2448 711 2470 circa
728 2447 798 2469 finem
815 2447 863 2475 agit
878 2446 1025 2469 solummodo
1050 2446 1078 2468 de
1103 2447 1163 2468 veri-

325 2490 370 2510 tate
386 2488 408 2509 in
424 2486 503 2515 rebus,
522 2487 571 2509 sive
587 2488 656 2515 prout
671 2487 756 2508 veritas
773 2488 807 2508 est
824 2486 952 2513 proprietas
968 2486 1033 2507 entis.
1045 2485 1106 2507 Haec
1122 2491 1162 2507 ve-

326 2526 379 2548 ritas
388 2526 410 2547 in
422 2524 492 2547 rebus
503 2526 586 2547 iterum
597 2525 678 2553 triplici
690 2524 760 2547 modo
772 2524 911 2547 considerari
923 2525 1012 2552 potest:
1024 2524 1100 2551 primo
1112 2523 1162 2552 qui-

1226 196 1301 234 quod
1330 196 1382 224 hoc
1413 198 1455 224 est
1484 195 1591 224 ratione
1622 196 1697 224 modi
1729 195 1902 233 significandi
1933 198 1961 224 et
1992 195 2146 224 intel-sunnio
2155 208 2205 222 vera.
2232 200 2244 211 ¹¹

1226 243 1245 271 li
1265 242 1337 271 endi.

1247 251 1264 279 g
1305 288 1336 317 Et
1356 288 1525 322 notandum,
1546 287 1621 325 quod
1642 288 1790 325 dupliciter
1811 290 1853 316 est
1873 287 1949 324 loqui
1971 287 2005 316 de
2020 287 2064 316 his
2089 287 2206 306 ⁰0m⁰²¹⁰²¹is-

1225 334 1398 363 nominibus:
1420 342 1478 362 uno
1500 333 1583 362 modo
1604 333 1711 362 ratione
1731 333 1792 362 eius
1819 334 1895 371 quod
1923 333 2066 362 nominant
2077 312 2206 353 ⁵gf¹ffi⁰t⁰3ffi

1226 388 1276 409 seu
1298 379 1454 417 significant
1461 391 1468 414 3
1490 379 1549 407 alio
1571 379 1654 407 modo
1686 379 1791 408 ratione
1812 380 1887 414 eius,
1910 380 1937 408 in
1959 388 2014 417 quo
2034 379 2067 408 si·
2079 358 2131 374 Μ

1225 425 1373 463 gnificatur
1394 426 1459 463 poni
1473 425 1548 462 quod
1563 425 1707 454 nominant
1718 425 1737 452 ³.
1759 426 1835 454 Unde
1856 426 1949 454 differt
1974 426 2066 455 dicere

1224 480 1342 500 sensum
1363 475 1390 501 et
1420 480 1539 500 sensum
1570 470 1696 500 hominis
1703 482 1713 505 ;
1744 472 1810 508 quia
1840 472 1931 508 primo
1963 472 2065 501 dicitur

1225 526 1373 547 commune
1393 518 1429 547 ad
1451 525 1564 547 sensum
1579 518 1699 546 hominis
1714 520 1741 546 et
1755 518 1845 552 bruti,
1860 518 1983 546 secundo
2006 526 2068 555 pro-

1224 566 1318 602 prium
1339 565 1468 594 hominis.
1484 564 1511 593 Si
1526 572 1592 601 ergo
1606 564 1759 601 accipimus
1778 564 1940 593 huiusmodi
1955 564 2068 592 nomina

1224 611 1380 640 secundum
1400 619 1446 644 se,
1468 610 1523 638 alia
1536 612 1578 638 est
1592 610 1663 638 ratio
1683 610 1833 644 essentiae,
1854 610 1909 638 alia
1929 609 2066 644 veritatis,
2243 619 2246 635 ι

1224 656 1357 693 quoniam
1388 656 1508 685 essentia
1539 656 1606 684 dicit
1633 655 1719 693 quid,
1751 656 1854 684 veritas
1875 655 2067 684 conditionem
2240 626 2249 707 d

1223 703 1306 731 entis.
1327 702 1397 731 Cum
1428 710 1495 731 vero
1526 702 1675 731 essentiam
1707 704 1735 731 et
1755 702 1902 731 veritatem
1923 702 2063 730 trahimus

1223 750 1259 778 ad
1280 750 1385 783 Deum,
1407 748 1536 785 quamvis
1556 748 1631 777 idem
1652 748 1721 782 sint,
1742 751 1834 777 tamen
1856 748 1962 777 ratione
1987 755 2067 785 gene-

1222 796 1326 824 ralium
1347 795 1567 832 significatorum
1588 802 1678 823 unum
1698 795 1834 832 accipitur
1853 797 1884 823 ut
1908 795 2065 832 proprietas

1222 842 1354 875 alterius;
1375 843 1403 869 et
1422 848 1478 868 non
1499 842 1541 869 est
1561 840 1599 868 ihi
1621 841 1784 877 synonymia
1798 848 1848 870 nec
1867 844 1933 869 sunt
1952 841 2065 869 nomina

1222 895 1390 924 synonyma,
1411 886 1460 914 sed
1481 889 1575 914 manet
1595 886 1666 914 ratio
1687 886 1804 915 subiecti
1832 889 1859 915 et
1885 886 2064 924 proprietatis

1222 934 1379 963 secundum
1399 932 1515 961 modum
1547 932 1736 969 significandi,
1758 935 1785 962 et
1805 935 1899 961 manet
1920 933 2004 962 etiam
2024 941 2069 962 se—

1222 979 1347 1008 cundum
1368 978 1483 1007 modum
1505 978 1676 1015 intelligendi
1683 989 1690 1012 ς
1711 978 1777 1015 quia
1795 986 1847 1015 per
1867 978 2016 1007 essentiam
2036 977 2064 1007 ln

1222 1028 1352 1055 creatura
1371 1025 1554 1061 intelligimus
1575 1025 1724 1053 essentiam
1744 1025 1773 1053 in
1794 1025 1942 1060 Creatore,
1963 1028 1991 1054 et
2014 1032 2064 1062 per
2243 1050 2245 1055 .

1222 1071 1367 1100 veritatem
1381 1073 1527 1099 creaturae
1542 1070 1723 1107 intelligimus
1737 1070 1881 1100 veritatem
1903 1071 2063 1100 increatam.
2236 1063 2245 1110 l*

1221 1117 1298 1146 Unde
1319 1117 1390 1145 sicut
1410 1116 1514 1145 veritas
1534 1119 1627 1145 creata
1647 1119 1689 1145 est
1702 1116 1859 1153 proprietas
1880 1120 1907 1145 et
1928 1116 2000 1145 ratio
2020 1124 2062 1145 co-
2236 1110 2249 1243 J}

2238 553 2248 617 ,m-

1221 1163 1370 1200 gnoscendi
1391 1163 1540 1192 essentiam
1565 1165 1703 1197 creatam,
1735 1162 1775 1191 sic
1806 1163 1909 1192 veritas
1940 1163 2063 1191 increata

1221 1210 1376 1239 secundum
1409 1209 1545 1238 rationem
1576 1208 1749 1246 significandi
1780 1212 1808 1238 et
1828 1209 2001 1246 intelligendi
2019 1212 2061 1238 est

1220 1256 1291 1284 ratio
1312 1255 1495 1292 cognoscendi
1510 1257 1537 1284 et
1552 1255 1723 1292 intelligendi
1738 1255 1887 1284 essentiam
1902 1255 2062 1284 increatam.

2234 1435 2247 1472 ἶ-”
2235 1365 2248 1415 ζιὶ
2235 1310 2249 1365 ,,-;·ζ.
2234 1289 2236 1294 “
2247 1274 2249 1279 v

1221 1526 1275 1548 dem
1292 1528 1397 1554 respectu
1414 1524 1511 1549 subiecti
1516 1534 1525 1553 ,·
1542 1529 1564 1549 et
1580 1526 1612 1548 sic
1629 1526 1712 1548 veritas
1729 1528 1764 1548 est
1780 1525 1887 1548 indivisio
1904 1528 1968 1549 actus
1985 1528 2008 1549 et
2021 1533 2063 1555 po-
2245 1528 2248 1540 ¹

1222 1565 1315 1592 tentiae,
1333 1564 1369 1586 vel
1387 1570 1439 1586 cum
1457 1564 1573 1586 Avicenna
1590 1565 1612 1586 in
1629 1564 1666 1586 Xl.
1684 1564 1781 1592 Metapli.
1799 1570 1818 1586 c.
1837 1565 1863 1586 2:
1881 1564 1970 1587 Veritas
1987 1566 2061 1588 cuius·
2234 1565 2236 1568 ’

1221 1602 1275 1624 libet
1291 1603 1323 1624 rei
1340 1605 1374 1625 est
1391 1603 1519 1630 proprietas
1536 1603 1571 1625 sui
1588 1609 1647 1630 esse,
1665 1602 1728 1631 quod
1745 1602 1870 1625 stabilitum
1887 1606 1922 1626 est
1938 1604 1985 1631 rei;
2014 1605 2064 1626 sive

1220 1641 1304 1662 veritas
1321 1643 1355 1662 est
1371 1640 1407 1662 illa
1424 1646 1474 1668 res,
1491 1646 1551 1669 quae
1567 1642 1601 1662 est
1617 1641 1640 1662 in
1657 1643 1721 1668 actu;
1739 1643 1761 1662 et
1777 1640 1821 1663 suh
1839 1641 1882 1663 hoc
1899 1644 2005 1669 respectu
2023 1641 2064 1664 de—

1220 1677 1308 1700 finitur:
1321 1677 1427 1700 indivisio
1439 1683 1488 1700 esse
1499 1680 1521 1700 et
1532 1677 1596 1707 quod
1605 1678 1646 1700 est.
1657 1690 1689 1694 —
1700 1678 1807 1700 Secundo
1819 1678 1977 1701 consideratur
1987 1685 2065 1707 respe-

1220 1718 1257 1738 ctu
1274 1716 1309 1738 sui
1322 1715 1452 1745 principii,
1471 1716 1535 1745 quod
1552 1719 1586 1738 est
1602 1716 1719 1745 exemplar
1736 1716 1859 1745 divinum,
1881 1717 1918 1739 eui
1942 1722 1980 1739 res
2004 1717 2060 1739 assi-

1220 1754 1343 1782 milantur;
1366 1756 1389 1776 et
1412 1754 1456 1776 8011
1481 1755 1525 1776 1100
1549 1756 1655 1782 respectu
1679 1753 1787 1776 definitur
1810 1754 1939 1777 secundum
1954 1755 2063 1783 Augusti-

1220 1798 1276 1814 num
1301 1793 1323 1814 in
1349 1792 1399 1814 libr.
1425 1792 1455 1814 dc
1480 1793 1540 1815 Vera
1565 1793 1682 1820 Religione
1707 1799 1726 1815 c.
1752 1793 1789 1815 36.
1814 1799 1835 1815 n.
1853 1793 1897 1815 66:
1915 1793 2004 1816 Veritas
2028 1796 2063 1816 est

1219 1837 1310 1853 summa
1337 1831 1463 1854 similitudo
1490 1832 1596 1860 principii
1609 1850 1614 1860 ,
1643 1838 1703 1860 quae
1729 1832 1778 1854 sine
1805 1832 1849 1854 ulla
1877 1831 2062 1854 dissimilitudine
2231 1853 2233 1859 ,

1219 1872 1265 1898 est,
1293 1869 1355 1892 unde
1384 1870 1468 1892 salsitas
1494 1870 1573 1892 oritur.
1595 1881 1627 1886 —
1644 1870 1721 1892 Tertio
1747 1869 1817 1892 modo
1845 1870 2003 1893 consideratur
2028 1876 2063 1893 re·
2231 1865 2233 1887 i

1220 1910 1300 1936 spectu
1317 1908 1347 1930 ad
1363 1908 1470 1937 effectum
1487 1909 1672 1937 consequentem,
1692 1911 1806 1937 quatenus
1822 1908 1939 1931 obiectum
1954 1910 1977 1931 in
1994 1909 2060 1931 intel·
2232 1902 2233 1910 ¹

1219 1947 1278 1969 lectu
1290 1949 1368 1969 causat
1378 1947 1509 1974 veritatem
1527 1949 1549 1969 et
1565 1947 1597 1969 sic
1613 1949 1647 1969 est
1662 1948 1719 1969 ratio
1736 1947 1890 1975 cognoscendi
1902 1953 1951 1969 rem
1962 1953 2061 1976 eamque

1219 1985 1389 2013 distinguendi,
1407 1987 1428 2007 et
1445 1984 1489 2007 sub
1507 1985 1551 2007 hoc
1567 1987 1673 2013 respectu
1690 1985 1797 2008 definitur
1814 1985 1843 2008 ab
1859 1985 1987 2013 Augustino
2008 1985 2060 2014 (loe.

1219 2024 1274 2051 cit.)t
1286 2023 1376 2046 Veritas
1391 2025 1426 2045 est
1442 2029 1501 2051 quae
1519 2023 1616 2046 ostendit
1633 2023 1657 2045 id
1673 2024 1737 2052 quod
1753 2026 1798 2052 est;
1816 2026 1838 2046 et
1854 2024 1883 2046 ab
1900 2024 1999 2047 Hilario:
2016 2024 2061 2047 Ve-
2230 2003 2232 2040 ἱ

1219 2062 1273 2084 ritas
1300 2063 1335 2083 est
1361 2061 1526 2084 declarativum
1554 2068 1611 2084 esse.
1635 2061 1679 2085 Cfr.
1702 2068 1773 2090 supra
1795 2062 1817 2084 d.
1842 2063 1862 2085 3.
1880 2069 1902 2091 p.
1920 2063 1935 2084 Ι.
1952 2062 2009 2085 dub.
2027 2062 2058 2091 7;
2230 2047 2231 2073 ἵ

1219 2100 1280 2122 Alex.
1297 2100 1361 2128 Hah,
1378 2106 1401 2128 p.
1422 2100 1437 2122 i.
1454 2106 1476 2128 q.
1495 2100 1531 2122 45.
1549 2106 1579 2122 m.
1599 2100 1629 2127 3;
1655 2101 1677 2123 S.
1703 2101 1800 2129 Thom.,
1826 2100 1856 2123 de
1881 2101 1981 2123 Veritate
1997 2107 2020 2130 q.
2039 2101 2062 2123 1.
2228 2120 2231 2146 X

1219 2145 1239 2160 a.
1258 2139 1279 2160 1.
1290 2150 1322 2155 -
1333 2139 1380 2160 Alia
1397 2138 1511 2160 distinctio
1529 2139 1629 2161 veritatis
1646 2141 1723 2161 contra
1739 2139 1859 2162 salsitatem
1876 2141 1899 2162 et
1914 2141 1991 2162 contra
2008 2145 2061 2168 per-

1219 2177 1351 2199 mixtionem
1369 2179 1430 2205 patet
1446 2183 1472 2199 ex
1490 2180 1558 2199 textu.
2228 2167 2230 2215 ι

1282 2215 1314 2237 lll.
1332 2214 1413 2242 Quoad
1431 2215 1536 2237 ordinem
1554 2218 1744 2243 argumentorum
1760 2222 1804 2245 pro
1827 2218 1849 2238 et
1872 2216 1955 2239 contra
1980 2218 2060 2238 notan-
2227 2219 2230 2279 j
2245 2235 2246 2239 ,

2226 2360 2228 2375 l

1219 2253 1291 2282 dum,
1309 2253 1372 2282 quod
1389 2254 1464 2282 prima
1481 2255 1618 2282 propositio,
1636 2261 1696 2283 quae
1712 2256 1759 2283 agit
1776 2255 1805 2277 de
1822 2256 1929 2283 veritate,
1946 2256 2059 2284 quatenus

1219 2292 1366 2320 distinguitur
1383 2295 1460 2315 contra
1477 2293 1611 2321 salsitatem,
1630 2293 1741 2321 probatur
1765 2293 1838 2316 tribus
1855 2293 1972 2322 prioribus
1988 2300 2059 2322 argu—

1219 2332 1301 2353 mentis
1317 2337 1360 2359 pro
1377 2333 1442 2359 parte
1458 2331 1574 2361 neqativa.
1591 2332 1698 2354 Secunda
1719 2338 1787 2360 vero,
1806 2338 1865 2361 quae
1881 2334 1916 2355 est
1931 2332 1961 2354 de
1977 2333 2060 2354 verita-

1218 2371 1254 2397 te,
1272 2371 1384 2398 quatenus
1400 2369 1547 2397 distinguitur
1563 2373 1641 2393 contra
1658 2371 1842 2399 permixtionem,
1868 2370 1980 2398 probatur
1997 2370 2019 2393 5.
2035 2373 2061 2393 et

1219 2408 1240 2430 6.
1258 2410 1394 2435 argumento
1411 2414 1453 2436 pro
1470 2410 1535 2436 parte
1551 2409 1694 2431 affirmativa.
1712 2408 1791 2432 Cetera
1808 2411 1944 2437 argumenta
1960 2415 2003 2437 per
2025 2408 2057 2431 di-

1218 2447 1360 2468 stinctionem
1376 2447 1399 2468 in
1416 2448 1477 2468 recto
1495 2452 1563 2469 sensu
1581 2448 1904 2475 explicantur.—Attentione
1914 2447 1985 2475 digna
1996 2450 2056 2475 sunt,

1218 2491 1276 2513 quae
1289 2485 1325 2506 hic
1336 2485 1358 2506 in
1371 2490 1433 2512 corp.
1447 2488 1469 2507 et
1480 2485 1502 2506 in
1514 2486 1579 2508 solut.
1597 2485 1625 2508 ad
1639 2486 1659 2507 1.
1672 2487 1693 2508 2.
1705 2489 1727 2508 et
1738 2486 1767 2508 ad
1779 2486 1818 2508 ult.
1830 2486 1859 2509 de
1871 2487 1965 2509 veritate
1982 2489 2057 2509 creata

1217 2523 1330 2551 dicuntur,
1342 2523 1389 2545 scil.
1401 2523 1464 2552 quod
1476 2524 1536 2545 nulla
1548 2524 1632 2547 veritas
1644 2527 1718 2547 creata
1735 2526 1763 2548 sit
1777 2526 1861 2547 veritas
1873 2531 1915 2553 per
1925 2526 2055 2553 emendam,

388 2702 396 2716 ¹
413 2701 457 2724 Cfr.
481 2702 584 2729 Aristot,
609 2701 637 2723 V.
664 2701 743 2729 Topic.
769 2707 788 2723 c.
816 2701 836 2723 1.
862 2703 884 2723 01
906 2701 926 2723 2.
944 2707 970 2723 30
986 2701 1113 2728 Porphyr.,
1131 2700 1159 2722 de

326 2739 472 2762 Praedicabil.
488 2746 507 2762 c.
525 2739 554 2762 de
571 2740 673 2768 Propria.

387 2778 397 2792 ²
413 2777 520 2800 Mendum
538 2778 587 2800 Vat.
604 2776 742 2800 antecedens
759 2777 809 2799 loco
826 2776 933 2800 accidens
957 2778 1098 2800 correximus
1115 2776 1160 2799 fide

326 2820 380 2837 mss.
397 2817 419 2837 et
434 2816 503 2837 trium
528 2816 655 2843 primarum
672 2815 724 2837 edd.
742 2815 812 2837 Paulo
828 2815 886 2837 intra
908 2817 960 2842 post
980 2814 1085 2837 veritatis
1108 2820 1160 2837 non-

326 2853 381 2875 nulli
398 2853 465 2875 codd.
482 2859 535 2875 cum
551 2853 586 2876 ed.
606 2854 614 2875 1
636 2859 680 2876 000
697 2856 749 2881 apte
766 2853 854 2875 addunt
870 2853 1005 2881 particulam
1021 2854 1048 2876 et.

1277 2698 1287 2713 ³
1303 2699 1407 2728 Plerique
1427 2699 1493 2722 codd.
1511 2702 1536 2722 ut
1552 2700 1668 2722 ARSTY
1685 2703 1727 2723 etc.
1751 2699 1910 2723 denominant.
1929 2699 1994 2723 Unde
2010 2700 2055 2730 dis>

1214 2737 1299 2766 ferret,
1318 2739 1341 2760 et
1357 2738 1425 2766 paulo
1442 2738 1498 2760 infra
1516 2737 1598 2761 deinde
1615 2744 1657 2766 pro
1674 2738 1776 2761 secundo
1801 2741 1823 2761 et
1838 2738 1983 2768 accipiamus
1999 2739 2051 2761 looo

1216 2782 1351 2805 accipimus.
