2253 3317
756 172 788 200 lN
809 172 826 200 1.
848 172 971 200 LIBRUM
992 171 1252 200 SENTENTIARUM.

157 252 239 273 tarium
256 252 278 273 in
294 250 458 273 Lombardum.
481 251 529 273 Hoc
545 252 625 273 asserit
650 253 729 272 auctor
749 249 813 272 libri:
837 249 1002 273 Firmamenta

157 297 230 320 trium
240 296 297 320 Ord.
306 297 333 320 B.
340 297 365 319 P.
375 297 405 320 N.
414 296 544 325 Francisci,
555 297 600 324 (ed.
612 297 744 319 Parisiensis
757 296 824 323 1512,
837 296 873 318 tol.
884 295 913 317 42
922 296 1001 323 recto),

156 344 200 372 qui·
217 346 340 372 postquam
363 343 391 365 de
416 344 512 365 Summa
534 343 662 371 theologiae
679 343 769 365 locutus
790 346 835 369 est,
854 343 910 364 haec
927 341 1001 364 addit:

160 398 169 410 ι
181 390 276 418 Scripsit
291 390 360 412 etiam
368 389 463 419 primus
479 389 541 412 inter
558 395 638 412 omnes
655 388 761 412 doctores
777 395 847 417 super
868 388 1002 416 Magistrum

156 437 323 459 Sententiarum
340 436 369 458 ad
386 436 483 459 litteram
500 437 612 464 scriptum
627 436 748 464 egregium
761 443 781 457 i).
800 435 904 456 Attamen
921 434 1003 456 Natalis

156 483 288 511 Alexander,
298 482 402 505 Oudinus
413 483 525 511 multique
534 485 586 510 post
593 488 633 505 eos
641 482 728 510 volunt,
736 482 797 504 hunc
803 481 1000 504 commentarium

156 535 200 552 non
211 536 262 552 esse
274 529 392 552 diversum
404 536 416 552 a
429 530 524 552 Summa
537 529 664 557 theologiae
673 528 777 551 ciusdem
787 527 915 550 Alexandri.
925 528 947 549 Si
960 528 1003 550 hoc

155 579 189 598 est
203 582 297 604 verum,
316 579 376 598 certe
393 581 438 597 non
463 575 590 603 publicavit
612 575 802 597 commentarium
827 574 849 596 in
867 574 1000 596 Sententias.

154 623 215 645 Haec
225 623 287 645 enirn
299 623 394 645 Summa
411 623 490 644 vocari
501 622 596 644 minime
611 623 686 649 potest
701 621 879 643 commentarius
896 621 918 642 111
936 620 1003 648 Magi·

155 672 235 697 strum,
253 669 284 690 uti
302 669 386 696 cuique
402 668 500 690 eandem
523 668 651 695 inspicienti
671 667 817 689 manifestum
834 668 879 695 est,
897 672 951 689 cum
969 672 1004 688 re—

155 720 206 737 rum
218 718 241 737 et
251 715 331 737 ordine
343 717 365 737 et
376 717 421 737 tota
433 714 582 742 dispositione
593 714 647 736 nihil
659 713 749 741 habeat,
762 713 825 742 quod
838 713 867 735 ad
887 718 1004 735 commen-

155 763 236 785 tarium
248 763 384 791 requiritur,
403 768 447 784 non
465 762 540 790 magis
556 767 627 790 quam
645 761 739 783 Summa
758 761 780 782 S.
799 761 915 788 Thomae,
931 766 1003 789 quam

154 812 216 831 certo
233 814 309 837 nemo,
326 814 429 836 congrue
441 808 545 837 loquens,
557 808 612 830 velit
623 813 708 829 vocare
724 807 915 829 commentarium
927 807 948 828 in
961 806 1003 828 Ma-

154 856 258 883 gistrum.
271 855 287 876 Ε
299 855 412 877 contrario
424 854 530 876 Sbaralea
541 854 669 882 (Supplem.
681 859 735 881 pag.
752 853 790 881 17)
804 853 871 875 talem
886 858 1004 875 commen—

154 903 236 924 tarium
253 905 344 930 praeter
360 902 480 923 Summam
504 900 632 923 Alexandro
648 900 767 922 vindicare
790 900 877 927 nititur,
895 898 1001 921 adductis

154 949 230 971 multis
256 949 389 971 testimoniis
414 948 566 975 scriptorum,
593 947 651 969 inter
676 952 735 975 quos
758 946 860 968 nominat
879 945 1002 967 Henricum

153 994 348 1022 (landaviensem,
366 994 405 1022 qui
424 993 466 1020 (de
477 992 633 1021 scriptoribus
644 992 724 1015 eccles.
737 998 756 1014 c.
770 991 816 1020 45.)
829 993 870 1019 ait,
883 992 1002 1019 scripsisse

154 1040 305 1063 Alexandrum
318 1046 389 1068 super
397 1043 496 1069 quatuor
505 1039 576 1062 libros
582 1039 757 1061 Sententiarum.
765 1038 871 1060 Similiter
878 1039 1003 1067 loquuntur

156 1087 282 1114 ltaynerius
301 1086 395 1108 Pisanus
412 1085 466 1108 Ord.
484 1085 564 1108 Praed.
581 1086 603 1107 in
621 1091 662 1107 sua
681 1085 853 1113 Pantheologia,
871 1085 1002 1112 Alphonsus

155 1133 278 1156 'l'olctanus
307 1132 361 1155 Ord.
379 1133 400 1154 S.
418 1133 527 1160 August,
545 1133 567 1154 S.
588 1132 683 1154 loannes
704 1131 862 1159 Capistranus,
879 1131 1002 1158 Dionysius

153 1179 241 1208 Carth.,
264 1181 303 1209 qui
320 1180 465 1208 distinguunt
481 1180 602 1202 Summam
624 1179 728 1201 eiusdem
746 1181 768 1201 et
789 1178 1000 1206 Commentarium,

153 1227 237 1255 aliique
249 1227 398 1255 posteriores,
413 1227 455 1255 *qui
473 1225 547 1248 videri
559 1228 656 1254 possunt
667 1225 730 1253 apud
742 1225 843 1247 eundem
860 1224 1000 1247 Sbaraleam.

152 1273 239 1295 Afferre
256 1273 367 1300 potuisset
383 1272 515 1294 Sbaraleam
532 1272 601 1295 ettam
618 1271 697 1299 plures
713 1270 805 1293 codices
820 1276 874 1293 mss.
887 1271 909 1292 in
921 1270 1001 1293 biblio-

153 1320 224 1342 thecis
240 1321 380 1347 asservatos,
403 1319 443 1347 qui
460 1324 513 1341 cum
531 1319 624 1340 nomine
641 1317 762 1339 Alexandri
785 1317 890 1345 inscripti
907 1320 961 1339 sunt
977 1318 1001 1340 ti-

152 1366 199 1389 tulo
216 1365 385 1390 commentarii
400 1365 425 1388 in
441 1364 573 1388 Sententias
589 1365 626 1387 vel
644 1365 671 1387 In
688 1363 827 1387 Sententias.

215 1413 379 1436 Verumtamen
396 1412 466 1435 iidem
483 1413 505 1434 hi
522 1411 613 1434 codices
624 1412 673 1433 vim
691 1411 887 1438 testimoniorum,
899 1410 929 1433 ad
941 1417 1000 1439 quae

152 1460 259 1482 Sbaralea
276 1461 399 1488 provocat,
420 1464 504 1486 magna
521 1464 549 1481 ex
566 1461 631 1486 parte
648 1458 742 1480 elidunt.
760 1457 816 1480 Nam
833 1458 852 1480 si
869 1458 998 1480 accuratius

151 1507 322 1534 examinantur,
344 1509 451 1534 apparet,
477 1505 539 1534 quod
563 1511 608 1527 non
626 1505 756 1527 contine-ant
778 1503 961 1527 Commentarios
987 1510 1000 1526 a

151 1555 277 1576 memorata
294 1553 389 1575 Summa
406 1552 526 1580 diversos,
544 1551 585 1574 sed
598 1558 642 1573 non
653 1552 702 1574 nisi
720 1552 794 1579 ipsam
807 1551 934 1573 Summam.
953 1551 1000 1574 Hoc

152 1601 193 1628 ipsi
211 1599 388 1622 observavimus
404 1600 426 1621 in
445 1599 559 1621 nonnullis
576 1598 695 1621 codicibus
712 1598 818 1626 antiquis,
837 1603 936 1626 nempe:

216 1644 305 1675 Assisz‘i,
328 1646 464 1669 bibliotheca
490 1645 621 1668 Conventus
640 1645 662 1667 S.
685 1645 809 1674 Francisci,
827 1644 882 1668 Cod.
901 1645 998 1668 membr.

152 1695 174 1716 in
186 1694 223 1716 t'ol.
235 1699 308 1722 parv.,
321 1699 379 1715 saec.
393 1693 456 1720 xlii„
469 1693 527 1720 sign.
540 1692 633 1714 XXXll.
644 1692 668 1714 B.
682 1692 733 1714 ⁶268.
747 1692 783 1714 fol.
800 1693 805 1714 1
822 1693 844 1714 111
861 1698 912 1721 sup.
925 1698 999 1721 marg.

152 1739 289 1764 Alemander
299 1739 408 1762 Hazensis
419 1740 437 1762 1.
449 1739 551 1762 Sentent.
565 1739 656 1766 incipit:
671 1738 790 1766 taoniam
801 1738 863 1762 sicut
873 1738 930 1762 dicit
945 1739 999 1762 Boe-

151 1787 214 1811 thius
230 1787 255 1810 in
268 1786 320 1810 libr.
332 1786 360 1810 de
379 1786 461 1809 Trim't.
475 1786 574 1809 Desinit:
586 1785 652 1808 Finis
666 1784 742 1815 primi
753 1786 774 1808 et
784 1785 879 1808 initium
895 1785 999 1809 secundi.

151 1834 271 1856 Secundus
288 1833 345 1856 liber
361 1832 506 1855 inscribitur:
524 1831 548 1854 in
566 1831 654 1855 librum
670 1832 699 1854 II.
719 1831 903 1855 Sententiamm.

215 1878 354 1907 Florentiae,
373 1880 395 1901 in
418 1878 555 1901 bibliotheca
578 1878 735 1906 Laurentiano,
752 1878 808 1906 plut.
831 1878 913 1900 XXIV.
940 1878 999 1901 dext.

150 1926 206 1949 Cod'.
224 1927 260 1949 lV.
278 1925 376 1949 membr.
394 1926 415 1948 in
429 1926 473 1953 sol.,
486 1931 545 1947 saec.
563 1925 626 1953 xm„
645 1927 732 1947 constat
748 1925 785 1947 rol.
799 1924 850 1953 325,
869 1931 881 1947 a
898 1925 999 1947 secunda

152 1980 220 1996 manu
245 1973 379 1995 adnotatum
404 1973 456 1994 suit:
479 1971 616 1995 Alexander
639 1971 667 1994 de
684 1971 755 1994 Hales
776 1977 849 2000 super
870 1971 1000 1995 secundum

151 2019 335 2044 Sententiarum.
344 2019 434 2047 incipit:
444 2018 568 2048 completis
582 2017 721 2042 tractatifflts
733 2018 761 2041 de
772 2014 800 2041 zi's
812 2025 873 2048 quae
883 2018 1002 2048 pertinent

150 2067 182 2090 ad
197 2066 382 2097 speculationem
400 2064 447 2088 Dei.
567 2065 570 2069 '

214 2113 321 2142 Parisiis,
344 2113 447 2135 biblioth.
465 2113 487 2135 S.
506 2113 616 2141 Victoris;
634 2112 689 2135 Cod.
709 2112 784 2135 44530
801 2112 908 2136 membr.⁴
936 2119 996 2136 saec.

151 2161 221 2183 Χ111.;
234 2160 259 2183 in
271 2159 358 2183 librum
375 2160 386 2182 1
391 2159 415 2182 V.
433 2159 619 2183 Sententiarum.

213 2208 258 2230 Nec
278 2207 391 2230 Ioannem
407 2212 422 2229 a
438 2205 544 2235 Rupella,
563 2212 720 2229 successorem
742 2206 863 2229 Alexandri
883 2207 905 2228 in
924 2208 997 2229 cathe-

150 2255 191 2277 dra
208 2254 334 2282 Parisiensi,
350 2254 541 2275 commentarium
561 2252 690 2281 publicasse
710 2256 826 2281 putamus.
844 2254 935 2276 Nullum
948 2254 997 2277 talis

150 2303 226 2331 operis
243 2301 346 2324 codicem
358 2301 471 2323 novimus.
489 2300 534 2323 Nec
545 2300 669 2323 verisimile
681 2300 773 2323 videtur
786 2301 808 2323 S.
821 2301 996 2323 Bonaventurae

150 2356 162 2370 a
174 2337 336 2376 Superioribus
353 2347 486 2369 mandatum
498 2339 579 2375 tuisse,
596 2350 621 2370 ut
638 2353 725 2369 novum
738 2348 929 2370 commentarium
942 2347 997 2369 scri-

151 2394 224 2422 beret,
242 2394 260 2416 si
277 2394 313 2416 isti
335 2393 383 2415 duo
403 2392 544 2415 celeberrimi
562 2394 665 2421 magistri
683 2393 728 2415 iarn
751 2393 823 2415 simile
846 2399 906 2420 opus
923 2393 997 2420 perse-

150 2442 238 2469 rissent,
256 2446 310 2462 cum
326 2441 375 2468 ipse
392 2435 428 2462 an'.
449 2439 505 2461 ¹248
524 2445 568 2462 non
586 2440 654 2462 tuerit
670 2442 742 2462 aetate
759 2440 833 2462 maior
850 2439 880 2462 27
897 2440 968 2462 annis.

212 2487 294 2515 Negari
306 2492 351 2509 non
363 2489 449 2514 potest,
467 2488 564 2508 aetatem
581 2486 641 2508 illam
659 2486 823 2509 adolescentiae
835 2486 908 2509 videri
920 2487 996 2515 potius

150 2527 296 2555 immaturam
307 2535 329 2555 et
340 2533 453 2560 imparem
462 2533 510 2554 istis
521 2531 657 2554 muneribus
665 2532 789 2560 obeundis,
802 2532 887 2554 scilicet
898 2532 996 2555 docendi

150 2579 175 2609 in
184 2578 332 2600 celeberrima
344 2578 473 2600 studiorum
486 2576 606 2606 metropoli
618 2578 757 2606 theologiam
769 2581 791 2601 et
801 2578 886 2601 librum
900 2579 997 2601 immen-

149 2631 201 2647 sum
219 2624 248 2647 de
265 2625 365 2647 materiis
382 2619 429 2647 tani
446 2624 524 2647 arduis
535 2622 663 2647 ¹scribendi.
682 2620 728 2647 Sed
739 2623 934 2648 considerandum
950 2628 995 2654 est,

150 2664 209 2693 dona
226 2670 336 2693 naturalia
348 2673 370 2692 et
380 2670 561 2698 supernaturalia
573 2670 641 2693 huius
653 2670 772 2699 Ser-aphici
782 2670 827 2693 viri
837 2672 912 2699 magis
927 2672 998 2694 etiam

149 2717 272 2739 excessisse
294 2713 399 2738 ordinem
421 2711 569 2738 communem
591 2719 613 2739 et
633 2716 765 2745 vulgarem,
789 2722 860 2745 quam
882 2722 996 2738 annorum

150 2762 252 2790 paucitas
269 2761 389 2784 deficiebat
400 2768 412 2784 a
429 2762 508 2790 regula
521 2761 648 2790 ordinaria,
666 2762 696 2784 ita
708 2765 732 2784 ut
749 2765 809 2784 recte
822 2761 898 2784 dicere
915 2765 996 2789 potue-

1836 172 1901 201 LVss

1060 250 1088 271 rit
1099 250 1174 271 Sixtus
1186 249 1222 272 lV.
1235 250 1257 271 in
1270 250 1332 272 Bulla
1344 250 1532 272 canonizationis:
1548 258 1558 269 a
1569 250 1696 272 Paucorum
1706 255 1819 272 annorum
1832 251 1905 278 spatio

1060 296 1217 318 incredibilem
1235 294 1308 319 suerat
1324 298 1441 320 scientiam
1458 300 1595 320 consecutus
1607 305 1628 319 n.

1123 343 1229 366 Ceterum
1251 344 1273 366 S.
1296 344 1455 366 Bonax-entura
1479 350 1521 372 pro
1544 344 1654 372 singulari
1682 350 1724 366 sua
1747 343 1858 366 modestia
1887 346 1909 365 et

1060 389 1185 412 humilitate
1197 395 1237 412 sua
1250 393 1331 418 sponte
1348 393 1370 413 et
1386 391 1502 413 voluntate
1514 396 1633 419 nunquam
1645 390 1674 412 ad
1687 393 1732 412 tam
1749 390 1821 412 ardua
1833 390 1908 412 adhue

1060 436 1150 458 iuvenis
1172 437 1225 458 eniti
1244 438 1433 465 praesumsisset,
1458 438 1500 459 nisi
1528 437 1670 465 obedientia,
1694 443 1764 466 quam
1787 436 1908 465 profiteba-

1061 486 1098 505 tur
1119 489 1174 510 erga
1196 484 1338 512 superiores,
1361 487 1384 506 et·
1408 484 1505 506 fraterna
1533 483 1623 506 dileetio
1651 490 1706 511 erga
1735 486 1796 506 suos'
1811 484 1907 512 iratres,

1060 529 1169 552 instanter
1192 530 1253 552 hunc
1270 529 1372 552 laborem
1397 530 1544 557 postulantes,
1563 530 1681 558 propriam
1704 531 1747 557 ipsi
1773 530 1907 552 electionem

1061 576 1228 603 praeclusisset.
1246 576 1296 604 lpse
1313 577 1357 598 hoc
1373 579 1468 599 testatur
1491 577 1512 598 in
1530 576 1574 598 sine
1592 575 1642 598 libri
1661 577 1718 598 tertii
1740 577 1762 598 in
1780 576 1907 599 Sententias

1061 622 1096 644 his
1112 621 1203 644 verbis:
1224 630 1234 641 α
1248 622 1322 644 lesum
1339 621 1454 644 Christum
1471 627 1539 650 rogo,
1552 625 1577 644 ut
1591 622 1657 643 faciat
1669 622 1793 649 provenire
1809 622 1865 643 mihi
1874 621 1903 643 ad

1061 667 1204 690 obedientiae
1221 668 1329 690 meritum
1346 670 1367 689 et
1384 667 1480 690 fratrum
1503 668 1647 695 protectum,
1661 668 1761 696 propter
1782 673 1843 696 quae
1860 666 1907 690 111ιο

1062 712 1130 736 labor
1146 712 1188 736 iste
1203 713 1250 742 fuit
1266 719 1281 736 a
1294 712 1412 742 prenotato
1429 714 1552 736 assumtus
1564 720 1590 741 1>;
1607 715 1630 735 ct
1646 713 1722 735 adhuc
1738 713 1868 741 expressius
1884 714 1906 735 in

1061 760 1163 789 quodam
1180 760 1291 782 anecdoto
1304 760 1401 788 prologo
1418 760 1448 782 ad
1460 759 1483 781 11.
1496 759 1581 782 librum
1593 760 1759 782 Sententiarum
1777 759 1813 781 vel
1831 759 1907 787 potius

1060 807 1152 835 epilogo
1169 807 1198 829 ad
1215 807 1229 830 1.
1247 806 1339 834 librum,
1357 813 1427 836 quem
1439 807 1462 828 P.
1476 806 1556 829 Fidelis
1567 807 1691 834 primusin
1702 805 1839 829 bibliotheca
1852 807 1907 828 civi-

1061 854 1111 876 tatis
1122 854 1296 881 Andegavensis
1308 853 1373 882 (Cod.
1388 854 1439 881 193,
1453 853 1551 876 membr.
1564 854 1586 875 in
1598 853 1643 881 tol„
1656 859 1714 875 saec.
1727 853 1786 880 XIV,
1804 853 1840 874 sol.
1866 853 1906 874 164

1061 900 1137 929 verso)
1151 900 1234 923 detexit
1245 903 1267 923 et
1277 902 1403 929 exscrIpsn.
1415 901 1480 923 llunc
1491 906 1534 923 suo
1546 901 1595 923 loco
1608 901 1723 928 integrum
1740 899 1857 928 dabimus;
1871 901 1907 922 hic

1060 950 1136 970 autem
1154 948 1254 969 initium:
1275 955 1284 967 n<
1298 947 1421 970 Sa1vatons
1433 947 1556 975 opitulante
1574 947 1657 975 gratia,
1670 953 1697 968 cx
1709 953 1755 975 quo
1768 950 1905 975 perventum

1060 996 1094 1016 est
1110 993 1139 1016 ad
1152 993 1328 1020 completionem
1342 994 1409 1021 primi
1422 994 1589 1016 Sententiarum
1599 992 1615 1021 ¹,
1634 993 1725 1015 Patrum
1742 994 1906 1016 interveniente

1059 1041 1176 1068 instantia,
1199 1042 1290 1068 oportet
1316 1041 1423 1062 inchoare
1447 1040 1582 1062 secundum.
1606 1040 1633 1062 At
1658 1040 1856 1068 quemadmodum
1884 1041 1905 1062 in

1059 1088 1135 1115 primo
1152 1087 1210 1109 libro
1227 1087 1347 1109 Sententiis
1358 1087 1367 1101 ²
1385 1087 1477 1109 adhaesi
1489 1090 1510 1109 et
1522 1086 1685 1109 communibus
1701 1086 1848 1115 opinionibus
1860 1093 1905 1109 ma-

1059 1134 1183 1161 gistrorum
1196 1135 1218 1155 et
1234 1133 1352 1161 potissime
1364 1133 1467 1160 magistri
1485 1136 1507 1155 et
1521 1134 1592 1161 patris
1610 1134 1679 1155 nostri
1691 1133 1765 1155 bonae
1779 1135 1905 1156 memoriae

1058 1180 1190 1208 Alexandri,
1208 1181 1241 1202 sic
1258 1181 1279 1202 in
1297 1180 1491 1209 consequentibus
1509 1180 1572 1203 libris
1589 1181 1618 1203 ab
1641 1187 1721 1203 eorum
1739 1182 1842 1209 vestigiis
1859 1187 1903 1203 non

1058 1228 1172 1250 recedam.
1185 1227 1233 1249 Non
1246 1228 1307 1249 enim
1319 1227 1411 1250 intendo
1424 1234 1496 1249 novas
1508 1228 1628 1256 opiniones
1640 1228 1775 1256 adversare,
1788 1228 1830 1251 sed
1842 1235 1905 1251 com-

1058 1280 1140 1296 munes
1161 1277 1183 1296 et
1199 1274 1339 1302 approbatas
1360 1277 1468 1296 retexere.
1491 1275 1536 1297 Nec
1556 1275 1680 1303 quisquam
1702 1276 1817 1302 aestimet,
1841 1275 1904 1303 quod

1059 1322 1112 1343 novi
1129 1321 1207 1349 scripti
1230 1321 1301 1343 velim
1317 1327 1368 1343 esse
1390 1321 1524 1349 l'abricator;
1547 1322 1590 1343 hoc
1607 1322 1668 1343 enim
1691 1322 1763 1343 sentio
1780 1324 1802 1343 et
1821 1322 1904 1349 fateor,

1058 1367 1122 1397 quod
1139 1373 1190 1389 sum
1208 1373 1298 1395 pauper
1314 1370 1336 1389 et
1353 1368 1426 1390 tenuis
1443 1367 1584 1397 compilator
1595 1376 1605 1388 υ
1626 1370 1668 1390 ete.
1686 1368 1747 1390 More
1769 1368 1904 1390 Sanctorum

1058 1416 1102 1437 hoc
1123 1421 1136 1437 a
1161 1415 1285 1443 Seraphico
1308 1414 1394 1437 dictum
1411 1420 1462 1436 esse
1484 1415 1559 1442 magis
1581 1415 1710 1437 secundum
1732 1416 1904 1443 inspirationem

1057 1461 1202 1488 humilitatis,
1220 1466 1291 1489 quam
1303 1460 1431 1483 secundum
1443 1461 1475 1482 rei
1493 1461 1624 1488 veritatem,
1642 1461 1664 1482 in
1677 1461 1780 1483 confesso
1797 1464 1832 1483 est
1842 1460 1905 1489 apud

1057 1515 1144 1531 omnes.
1162 1508 1235 1531 Facile
1251 1509 1320 1530 etiam
1338 1507 1489 1530 demonstrari
1510 1510 1598 1535 posset,
1616 1508 1693 1535 ipsum
1715 1513 1759 1530 non
1777 1508 1904 1535 simplicem

1057 1554 1246 1584 compilatorem,
1266 1554 1307 1576 sed
1323 1560 1379 1576 vere
1400 1556 1526 1582 auctorem,
1543 1553 1580 1577 vel
1595 1553 1679 1577 saltem
1696 1554 1905 1577 commentatorem

1056 1601 1219 1629 appellandum
1237 1607 1299 1628 esse,
1317 1601 1334 1623 si
1353 1600 1492 1623 attendimus
1509 1600 1538 1622 ad
1555 1607 1594 1622 eas
1608 1600 1762 1628 definitiones,
1780 1607 1838 1629 quas
1855 1602 1905 1629 ipse

1056 1649 1088 1670 sic
1100 1648 1226 1676 proponit:
1242 1655 1252 1667 «ι
1264 1647 1405 1675 Notandum,
1418 1646 1482 1675 quod
1495 1646 1639 1675 quadruplex
1656 1649 1690 1669 est
1708 1647 1791 1669 modus
1809 1647 1904 1669 faciendi

1056 1694 1148 1717 librum.
1166 1694 1253 1722 Aliquis
1265 1694 1326 1716 enim
1344 1693 1422 1716 scribit
1435 1693 1507 1716 aliena
1529 1694 1583 1715 nihil
1601 1693 1708 1715 addendo
1728 1693 1763 1715 vel
1782 1693 1904 1721 mutando,

1056 1743 1078 1763 et
1094 1741 1135 1764 iste
1152 1747 1216 1763 mere
1242 1740 1323 1763 dicitur
1344 1740 1453 1770 scriptor.
1477 1741 1564 1769 Aliquis
1586 1740 1664 1763 scribit
1685 1740 1757 1762 aliena
1784 1740 1903 1768 addendo,

1056 1788 1097 1810 scd
1114 1794 1158 1810 non
1183 1787 1211 1809 de.
1228 1793 1282 1815 suo;
1300 1790 1322 1810 et
1344 1788 1385 1809 iste
1403 1787 1544 1816 compilator
1566 1787 1655 1809 dicitur.
1674 1787 1761 1815 Aliquis
1782 1786 1859 1809 scribit
1882 1790 1904 1809 ct

1056 1835 1128 1857 aliena
1145 1837 1167 1856 et
1183 1841 1235 1862 sua,
1254 1834 1295 1856 sed
1313 1834 1383 1856 aliena
1403 1836 1511 1862 tanquam
1529 1834 1663 1861 principalia
1684 1836 1706 1856 et
1726 1840 1767 1856 sua
1794 1836 1902 1862 tanquam

1056 1876 1142 1903 annexa
1160 1881 1189 1903 ad
1201 1880 1354 1908 evidentiam,
1372 1883 1393 1902 ct
1411 1881 1452 1902 iste
1465 1880 1547 1903 dicitnr
1558 1878 1740 1909 commentatos,
1760 1886 1804 1902 non
1817 1883 1902 1903 auctor.

1055 1927 1143 1956 Aliquis
1159 1926 1238 1950 scribit
1259 1930 1281 1949 et
1297 1933 1339 1949 sua
1355 1929 1376 1949 et
1399 1927 1483 1955 alicua,
1505 1926 1546 1949 sed
1566 1932 1607 1949 sua
1625 1930 1734 1955 tanquam
1757 1927 1902 1955 principalia,

1056 1974 1128 1996 aliena
1145 1976 1254 2002 tanquam
1277 1980 1363 1996 annexa
1381 1973 1410 1996 ad
1433 1973 1642 2001 confirmationem,
1659 1977 1682 1995 et
1703 1974 1752 1996 talis
1773 1973 1841 1996 debet
1858 1974 1902 1996 dici

1055 2022 1140 2044 auctor
1152 2029 1162 2041 υ
1183 2021 1207 2047 (Ι.
1225 2021 1285 2043 Sent.
1303 2027 1325 2049 q.
1344 2020 1365 2043 4.
1383 2020 1513 2049 Prooemii).

1118 2067 1203 2089 Eadem
1220 2067 1332 2089 modestia
1350 2067 1451 2095 loquitur
1468 2067 1489 2088 in
1503 2066 1547 2089 tine
1560 2066 1582 2089 11.
1596 2066 1646 2089 libri
1660 2067 1841 2089 Sententiarum:
1857 2075 1866 2086 α
1880 2066 1902 2088 Si

1055 2115 1091 2136 cui
1107 2117 1184 2136 autem
1202 2114 1265 2136 aliter
1282 2113 1374 2135 videtur
1390 2115 1413 2135 ct
1430 2113 1531 2135 fortassis
1542 2113 1625 2135 melius
1642 2114 1664 2134 in
1678 2113 1745 2135 huius
1763 2113 1902 2141 quaestionis

1055 2159 1254 2187 determinatione,
1266 2159 1337 2181 immo
1349 2159 1506 2187 explanatione
1523 2158 1622 2181 duorum
1635 2158 1747 2181 llbrorum
1764 2159 1901 2187 praeceden-

1053 2206 1123 2233 tium,
1142 2211 1186 2227 non
1209 2205 1314 2232 inv-idem
1338 2204 1378 2227 sed
1401 2205 1445 2227 hoc
1466 2211 1536 2233 rogo,
1560 2207 1584 2227 ut
1601 2205 1619 2227 si
1642 2205 1694 2233 quis
1710 2205 1796 2234 aliquid
1818 2206 1840 2227 in
1859 2205 1901 2227 hec

1054 2252 1166 2280 opusculo
1184 2252 1297 2274 invenerit
1313 2250 1480 2279 approbatione
1491 2251 1601 2279 dignum,
1619 2254 1672 2279 agat
1684 2252 1767 2279 gratias
1785 2251 1842 2280 Deo,
1861 2252 1902 2274 lar-

1054 2299 1120 2326 gitori
1137 2297 1260 2320 bonorum.
1278 2298 1300 2319 ln
1318 2297 1367 2319 aliis
1387 2302 1443 2319 vcro
1461 2297 1527 2324 locis,
1552 2296 1591 2318 ubi
1603 2296 1613 2310 ³
1630 2296 1743 2319 invenerit
1765 2297 1801 2319 vel
1820 2297 1901 2320 salsum

1053 2345 1089 2367 vel
1106 2344 1205 2367 dubium
1222 2344 1259 2366 vel
1277 2343 1416 2372 obscurum,
1434 2343 1554 2366 scribentis
1566 2344 1737 2366 insufficientiae
1754 2344 1854 2372 benigne
1871 2346 1901 2367 in-

1052 2389 1156 2418 dulgeat,
1175 2390 1214 2418 qui
1236 2389 1325 2418 absque
1343 2389 1425 2418 dubie,
1450 2387 1504 2412 teste
1521 2391 1671 2418 conscientia,
1689 2396 1756 2418 vera,
1779 2394 1856 2418 aperta
1879 2395 1901 2414 et

1052 2437 1183 2459 communia
1195 2436 1271 2458 dicere
1283 2437 1415 2464 concupivit
1425 2445 1446 2458 n.
1459 2436 1562 2465 Denique
1571 2437 1593 2458 in
1603 2436 1689 2459 tinelli.
1702 2437 1770 2465 sent,
1785 2446 1795 2457 α
1806 2437 1900 2460 immen-

1052 2490 1102 2511 sas,
1119 2484 1203 2512 inquit,
1221 2484 1306 2511 gratias
1322 2489 1367 2511 ago
1389 2482 1489 2511 Christo,
1507 2485 1546 2512 qui
1564 2484 1651 2506 adiuvit
1672 2490 1709 2506 me
1726 2485 1847 2512 pervenire
1870 2485 1898 2507 ad

1052 2532 1273 2554 consummationem
1296 2531 1412 2559 opusculi,
1431 2532 1552 2554 miseratus
1573 2534 1731 2559 paupertatem
1749 2533 1855 2554 scientiae
1878 2535 1900 2554 et

1052 2578 1136 2605 ingenii
1154 2577 1199 2599 mei
1209 2585 1230 2599 n.

1115 2670 1128 2697 g
1150 2668 1170 2690 3.
1198 2668 1229 2691 De.
1254 2667 1367 2691 relatione
1388 2674 1448 2697 quae
1470 2669 1504 2691 est
1525 2667 1586 2691 inter
1611 2668 1739 2692 Summam
1764 2668 1899 2693 Alexandri

1052 2714 1160 2738 Halensis
1185 2715 1207 2737 et
1228 2713 1253 2737 S.
1276 2714 1458 2737 Bonaventarcw
1477 2713 1679 2737 Gommentarcum
1699 2715 1774 2745 plura
1799 2715 1899 2739 dicenda*

1052 2762 1114 2783 sunt.
1132 2761 1155 2782 ln
1173 2753 1346 2789 quaestionibus
1369 2760 1502 2783 decidendis
1519 2764 1598 2783 auctor
1615 2760 1776 2784 Commentarii
1794 2763 1897 2791 sequitur

198 2873 206 2891 1
220 2873 284 2891 Lectio
297 2875 325 2891 est
338 2872 405 2894 dubim
420 2878 453 2896 pro
467 2873 604 2891 Sententiarum
617 2873 674 2891 etiarn
687 2873 723 2896 legi
736 2873 806 2896 poterit
818 2873 908 2897 fratrum.

196 2908 211 2926 2<
220 2907 313 2926 Videntur
326 2907 405 2930 intelligi
418 2907 527 2926 Sententiae
542 2907 594 2925 Petri
607 2907 709 2926 Lomhardi
720 2914 724 2930 ;
738 2907 788 2931 quod
801 2908 860 2931 magis
873 2908 969 2927 contextui
982 2907 1039 2927 totius
1052 2907 1107 2926 buius
1120 2907 1195 2930 Prologi
1208 2907 1316 2930 respondet.

197 2943 208 2961 3
220 2942 240 2961 ln
253 2942 282 2961 ed.
296 2942 388 2961 Vaticana
401 2945 431 2964 ιιι,
445 2942 478 2961 sed
492 2944 556 2961 contra
569 2944 643 2961 nostros
656 2942 738 2961 codices.

244 2978 266 3001 S.
283 2978 371 3002 Bonae.
388 2990 420 2995 —
437 2978 503 3001 Tom.
521 2978 536 3000 1.

1736 2963 1767 3001 'ix
1798 2971 1801 2973 ’
