2253 3317
897 167 999 196 ΒΗΜΛ
1021 167 1105 196 SIXTI
1128 168 1157 196 V.
1811 168 1877 197 XLV
1881 168 1899 196 Π

160 256 255 291 quae
281 244 405 279 adh-uc
436 257 574 291 magna
608 244 799 279 Ecclesiae
833 244 998 279 utilitate
1034 249 1071 278 et
1104 257 1180 279 non
1213 245 1394 280 mediocri
1420 244 1490 280 Dei
1517 244 1703 280 beneficio
1730 249 1897 290 exstant,

158 315 331 349 quaeque
357 308 395 337 ct
420 308 567 338 nostrae
594 304 891 350 etsuperiorum
916 307 1082 337 aetatum
1110 303 1179 337 viri
1205 303 1343 338 eruditi
1368 303 1489 338 multo
1516 316 1604 338 cum
1638 303 1766 338 fructu
1799 303 1900 349 lege-

159 366 248 396 runt
272 365 310 395 et
335 374 563 408 magnopere
589 361 900 409 comprobarunt,
928 366 1093 408 quantus
1126 361 1192 396 ille
1218 362 1257 396 in
1284 362 1477 408 theologia
1502 362 1633 408 fuerit,
1661 363 1752 397 satis
1777 362 1900 396 decla-

158 424 253 455 rant.
272 416 327 455 Ea
343 421 444 455 enim
472 420 593 455 divini
620 421 767 467 ingenii
784 421 842 455 sui
860 424 1107 455 monumenta
1131 421 1291 466 posteris
1308 420 1481 467 reliquit,
1502 420 1641 467 quibus
1659 420 1900 467 perdifficiles

158 483 196 512 et
214 479 345 514 multis
363 479 658 515 obscuritatibus
684 479 876 514 involutae
903 479 1142 526 quaestiones
1167 491 1307 525 magna
1336 479 1566 525 optimorum
1591 484 1899 525 argumentorum

159 537 284 584 copia,
313 538 374 572 via
399 543 436 572 et
461 538 590 573 ordine
624 538 818 573 enucleate
843 550 887 572 ac
914 537 1079 572 dilucide
1110 537 1366 584 explicantur,
1394 537 1483 572 fidei
1516 538 1724 572 catholicae
1762 539 1900 573 veritas

158 595 385 642 illustratur,
412 597 615 642 perniciosi
641 607 780 631 errores
805 601 843 631 et
868 595 1046 643 profanae
1073 596 1243 631 haereses
1268 596 1537 643 profligantur,
1565 601 1602 631 et
1627 597 1710 643 piae
1728 597 1899 631 fidelium

157 659 303 689 mentes
328 655 375 689 ad
400 654 471 689 Dei
496 668 661 690 amorem
695 659 733 690 et
759 655 931 690 caelestis
948 655 1090 701 patriae
1115 654 1343 689 desiderium
1373 655 1647 690 admirabiliter
1664 655 1900 690 inflamman-

156 716 227 747 tur.
254 712 344 748 Fuit
369 714 470 748 enim
496 714 536 748 in
563 713 597 749 S.
624 713 889 749 Bonaventura
913 714 975 748 id*
990 714 1238 760 praecipuum
1270 718 1308 748 et
1332 713 1544 760 singulare,
1584 719 1626 748 ut
1662 726 1738 748 non
1776 714 1899 749 solum

156 772 446 817 argumentandi
472 772 702 819 subtilitate,
730 772 889 807 docendi
916 772 1117 819 facilitate,
1151 772 1357 807 definiendi
1396 772 1547 807 solertia
1584 778 1805 819 praestaret,
1835 773 1898 808 sed

156 830 287 865 divina
312 831 475 878 quadam
500 832 646 866 animos
671 831 916 878 permovendi
943 831 982 865 vi
1008 831 1220 866 excelleret.
1248 831 1308 866 Sic
1336 831 1436 865 enim
1464 831 1662 866 scribendo
1689 845 1776 866 cum
1800 844 1899 866 sum-

156 901 217 923 ma
243 889 452 924 eruditione
477 903 605 936 parem
631 890 784 937 pietatis
809 890 977 924 ardorem
1005 890 1221 936 coniungit,
1249 894 1292 924 ut
1332 889 1511 924 lectorem
1550 890 1719 925 docendo
1750 896 1899 925 moveat

153 952 193 982 et
218 948 258 982 in
283 948 437 984 intimos
463 949 582 983 animi·
606 961 773 984 recessus
798 949 995 995 illabatur,
1022 962 1065 983 ac
1092 949 1255 995 denique
1282 949 1487 995 seraphicis
1513 949 1741 995 quibusdam
1758 949 1898 984 aculeis

156 1019 219 1041 eor
245 1012 478 1053 compungat
511 1012 549 1042 et
574 1008 669 1043 mira
694 1008 907 1043 devotionis
933 1007 1134 1042 dulcedine
1160 1007 1380 1054 perfundat,
1408 1020 1520 1054 quam
1548 1020 1635 1042 sane
1673 1008 1833 1054 gratiam
1859 1009 1898 1042 in

155 1066 235 1100 eius
262 1078 322 1100 ore
348 1070 386 1100 et
411 1066 556 1101 calamo
583 1066 760 1101 diffusam
786 1066 975 1101 admirans
1000 1066 1263 1112 praedecessor
1295 1071 1422 1101 noster
1460 1066 1588 1102 Sixtus
1614 1066 1678 1101 IV.
1720 1065 1898 1101 Pontifex

154 1123 251 1158 illud
277 1124 399 1159 dicere
425 1137 502 1159 non
529 1125 736 1171 dubitavit,
764 1125 947 1172 Spiritum
973 1124 1153 1160 Sanctum
1179 1125 1219 1159 in
1244 1138 1288 1159 eo
1314 1125 1485 1160 locutum
1511 1125 1641 1160 videri.

249 1182 268 1229 ξ
293 1183 325 1217 4.
353 1182 448 1218 Cum
473 1184 592 1229 igitur
618 1195 724 1218 servo
750 1184 854 1218 fideli
881 1188 958 1218 tam
984 1183 1105 1218 multa
1123 1189 1160 1218 et
1177 1184 1367 1230 praeclara
1385 1196 1406 1218 a
1423 1183 1587 1218 Domino
1616 1184 1759 1218 talenta
1776 1188 1900 1219 essent

154 1242 313 1287 credita,
340 1246 383 1276 ut
407 1242 486 1277 illis
511 1242 558 1276 ad
584 1242 743 1277 fratrum
769 1242 973 1277 utilitatem
1000 1242 1219 1276 exercendis
1254 1247 1290 1276 et
1327 1243 1568 1288 negotiandis
1607 1243 1779 1277 caelestis
1817 1255 1899 1287 gra-

152 1300 226 1334 tiae
244 1300 438 1335 thesauros
462 1300 727 1347 amplificaret,
755 1301 885 1335 divino
913 1300 1071 1335 consilio
1091 1305 1128 1334 et
1145 1312 1293 1335 summo
1320 1301 1437 1335 totius
1462 1301 1520 1335 sui
1536 1300 1688 1336 Ordinis
1714 1313 1900 1336 consensu

154 1358 294 1393 Romae
319 1358 491 1394 Minister
517 1360 711 1395 Generalis
737 1360 921 1406 septimus
948 1363 1033 1405 post
1059 1358 1213 1393 beatum
1240 1358 1485 1394 Franciseum
1511 1364 1568 1394 est
1594 1359 1735 1405 factus3
1763 1372 1838 1406 quo
1860 1360 1899 1393 in

153 1417 265 1453 officii
291 1431 444 1453 munere
470 1431 545 1453 non
572 1419 695 1453 solum
722 1418 982 1465 prudentiam,
1011 1418 1269 1464 vigilantiam,
1291 1418 1588 1453 sollicitudinem
1610 1419 1815 1464 praestitit,
1835 1418 1900 1453 sed

153 1481 258 1511 tanto
284 1476 468 1512 fraternae
495 1478 661 1512 caritatis
686 1478 815 1512 ardore
846 1477 984 1512 exarsit
1018 1481 1198 1523 tantaque
1237 1476 1461 1511 christianae
1500 1477 1727 1512 humilitatis
1765 1477 1900 1512 demis-

153 1535 255 1570 sione
281 1535 461 1572 fratribus
486 1537 705 1583 inservivit,
732 1541 775 1571 ut
802 1537 841 1570 in
867 1549 910 1570 eo
936 1536 1034 1570 illud
1060 1535 1263 1571 Salvatoris
1293 1540 1582 1582 agnosceretur:
1618 1536 1687 1580 Qui
1715 1536 1828 1571 w'ecm‘or
1853 1539 1901 1571 esf

152 1595 191 1630 iu
215 1595 324 1640 vobis,
351 1596 398 1630 sit
421 1598 528 1631 vester
554 1596 712 1631 minister
739 1594 885 1642 (Matth.
912 1595 967 1641 20,
995 1594 1077 1641 26.).
1768 1602 1771 1604 ’

247 1654 266 1701 ξ
292 1655 323 1689 5.
351 1654 450 1699 Quin
477 1659 515 1689 et
539 1655 625 1701 piae
651 1654 852 1689 memoriae
877 1653 1141 1700 praedecessor
1165 1657 1292 1688 noster
1310 1652 1484 1688 Clemens
1503 1652 1607 1699 Papa
1624 1652 1708 1699 IV.,
1734 1654 1800 1700 qui
1817 1665 1900 1688 san-

153 1719 257 1749 ctum
284 1714 408 1748 virum
428 1713 545 1748 ‘valde
572 1713 706 1747 dilexit
740 1717 777 1747 et
803 1713 883 1747 eius
908 1712 1081 1746 doctrina
1106 1711 1264 1746 mirifice
1309 1716 1365 1746 est
1391 1711 1615 1758 delectatus,
1648 1716 1691 1746 ut
1728 1716 1802 1746 tam
1839 1725 1900 1746 ex-

153 1773 294 1808 cellens
321 1772 440 1807 Virtus
475 1777 512 1807 et
536 1772 739 1819 prudentia
763 1771 810 1805 ad
837 1771 1044 1805 multorum
1071 1770 1273 1805 utilitatem
1301 1770 1425 1804 latiori
1451 1771 1490 1804 in
1524 1783 1658 1816 campo
1676 1775 1896 1814 excurreret,

154 1832 346 1878 insignem
373 1831 648 1866 Eboracensem
676 1830 1043 1875 archiepiscopatum
1068 1829 1101 1863 ei
1128 1828 1278 1863 obtulit.
1306 1828 1377 1863 Ille
1406 1841 1491 1863 vero
1519 1841 1605 1863 cum
1631 1841 1669 1863 se
1695 1841 1716 1863 a
1734 1829 1898 1875 seraphi-

154 1903 217 1925 cae
246 1890 481 1937 paupertatis
506 1889 709 1935 complexu
735 1888 865 1922 divelli
893 1900 969 1922 non
995 1887 1108 1922 facile
1135 1891 1343 1933 pateretur,
1371 1886 1535 1922 oblatam
1564 1887 1791 1933 dignitatem
1821 1900 1898 1922 mo-

155 1949 259 1984 deste
295 1953 407 1995 atque
434 1948 629 1982 humiliter
652 1947 850 1982 recusavit.

247 2008 266 2054 §
293 2008 324 2042 6.
352 2006 527 2042 Ceterum
545 2020 632 2041 eum
651 2006 855 2052 Gregorius
872 2005 932 2052 X.,
952 2017 1121 2040 summus
1139 2004 1328 2050 Pontifex,
1348 2004 1396 2039 ob
1414 2005 1656 2051 gravissimas
1674 2005 1897 2039 christianae

153 2067 385 2113 reipublicae
425 2071 555 2101 causas
581 2065 794 2101 Concilium
825 2064 1000 2110 generale
1031 2063 1266 2110 Lugdunum
1306 2063 1505 2098 indixisset
1551 2064 1725 2110 virosque
1760 2064 1898 2098 sancti-

152 2130 239 2172 tate,
260 2125 431 2160 doctrina
448 2129 485 2159 et
503 2124 688 2171 sapientia
713 2128 945 2170 praestantes
971 2123 1221 2169 perquireret,
1249 2135 1408 2169 quorum
1426 2121 1516 2157 forti
1534 2126 1571 2157 et
1587 2122 1692 2156 fideli
1714 2119 1897 2168 opera'ad

152 2186 205 2220 rei
232 2185 417 2220 maximae
443 2184 706 2218 tractationem
738 2187 851 2229 atque
877 2182 1171 2228 explicationem
1196 2185 1378 2226 uteretur,
1413 2181 1488 2216 duo
1525 2181 1565 2215 in
1602 2181 1735 2227 primis
1772 2181 1898 2216 claris-

152 2245 247 2280 sima
271 2243 375 2278 illins
401 2243 533 2277 aetatis
557 2242 704 2276 lumina
735 2255 754 2276 e
781 2240 928 2276 duobus
962 2240 1237 2275 florentissimis
1276 2239 1482 2275 Ordinibus
1519 2239 1824 2275 Praedicatorum
1862 2244 1898 2274 et

151 2302 341 2338 Minorum
366 2301 518 2347 delegit,
547 2300 703 2336 Sanctos
729 2299 913 2335 Thomam
932 2304 983 2334 et
1009 2299 1328 2345 Bonaventuram,
1357 2311 1450 2345 quos
1473 2298 1521 2333 ad
1539 2311 1577 2333 se
1601 2299 1652 2333 ire
1676 2299 1795 2333 iussit.
1827 2298 1898 2334 Sed

153 2374 240 2396 cum
266 2361 360 2395 alter
386 2361 423 2395 in
453 2360 536 2406 ipso
561 2360 694 2394 itinere
720 2359 759 2393 in
786 2358 960 2393 morbum
986 2358 1190 2392 incidisset
1214 2361 1327 2404 atque
1353 2357 1401 2391 ad
1430 2357 1571 2403 gloriae
1610 2370 1785 2392 eoronam
1815 2356 1897 2391 feli-

149 2421 246 2454 citer
272 2419 474 2464 evolasset,
503 2417 536 2453 S.
564 2417 837 2463 Bonaventura,
864 2416 1098 2462 Lugdunum
1116 2415 1320 2462 profectus,
1347 2416 1618 2450 humanissime
1636 2420 1817 2462 exceptus
1842 2420 1898 2450 est

155 2492 177 2514 a
201 2478 370 2514 Romano
395 2476 580 2512 Pontifice
607 2476 807 2523 Gregorio,
835 2476 900 2522 qui
927 2476 966 2509 in
992 2475 1072 2509 eius
1097 2475 1237 2509 virtute
1263 2478 1302 2509 et
1326 2475 1512 2521 sapientia
1536 2475 1589 2508 ita
1613 2473 1894 2520 acquiescebat,

155 2541 198 2572 ut
224 2536 385 2572 Concilii
409 2540 509 2570 recte
535 2536 728 2582 dirigendi·
757 2539 794 2570 et
819 2533 1107 2569 administrandi
1133 2537 1258 2579 partes
1284 2533 1317 2567 ei
1342 2533 1543 2579 praecipue
1569 2532 1787 2567 tribuendas
1817 2544 1895 2567 esse

157 2596 382 2630 decerneret.
410 2588 530 2638 Quare
556 2607 601 2629 ex
627 2593 784 2641 publica
808 2593 999 2628 Ecclesiae
1026 2592 1191 2627 utilitate
1226 2596 1263 2626 et
1293 2592 1535 2637 necessitate,
1570 2595 1613 2625 ut
1644 2591 1774 2625 maiori
1809 2603 1895 2625 cum

157 2655 343 2700 dignitate
361 2658 398 2687 et
414 2653 635 2687 auctoritate
654 2652 813 2688 Concilii
839 2651 951 2686 rebus
976 2664 1052 2685 non
1070 2651 1192 2685 solum
1210 2651 1422 2696 interesset,
1449 2650 1514 2684 sed
1531 2653 1733 2696 praeesset,
1765 2650 1896 2684 statuit

155 2713 348 2748 lucernam
374 2712 566 2746 ardentem
592 2716 630 2746 et
654 2712 844 2746 lucentem
863 2722 976 2757 supra
993 2709 1185 2744 excelsum
1200 2708 1469 2743 candelabrum
1485 2720 1638 2755 ponere,
1667 2712 1710 2742 ut
1727 2708 1766 2742 in
1785 2708 1895 2742 domo

154 2772 223 2806 Dei
254 2772 375 2818 magis
400 2771 552 2805 luceret.

249 2831 268 2877 ξ
293 2832 324 2865 7.
352 2830 484 2877 Itaque
511 2829 545 2865 S.
573 2828 888 2873 Bonaventuram,
907 2828 1034 2862 nullos
1051 2827 1210 2861 honores
1235 2830 1496 2872 appetentem,
1517 2825 1728 2871 fugientem
1746 2825 1890 2870 potius,

154 2891 222 2926 sed
249 2889 388 2925 Christi
414 2888 563 2923 Vicario
590 2887 911 2934 obtemperantem
946 2886 1147 2932 nullosque
1173 2898 1240 2932 pro
1266 2884 1435 2920 Ecclesia
1462 2884 1608 2919 labores
1634 2883 1758 2918 subire
1788 2895 1892 2917 reeu-

157 2954 319 2996 santem,
348 2953 527 2995 tanquam
552 2947 593 2980 in
619 2947 734 2981 totius
761 2946 861 2981 orbis
886 2950 1003 2980 terrac
1021 2945 1166 2980 theatro
1184 2945 1224 2979 in
1242 2956 1389 2979 sacrum
1407 2942 1664 2979 Cardinalium
1688 2941 1893 2987 collegium
