2253 3317
208 401 315 428 Suppositio

188 426 207 444 in
215 425 257 443 :this
266 425 322 443 ratio-

187 449 248 467 nibus.

188 910 285 937 Quomodo
291 910 319 928 di-

189 936 314 957 stmguuntur.

219 1797 290 1815 Solutio
304 1796 320 1815 l.

328 134 364 162 78

327 213 407 239 actus
431 207 622 246 productionis
643 213 739 234 rerum
766 205 801 233 de
826 204 913 233 nihilo
938 204 973 233 sit
992 204 1068 239 eius,
1099 204 1146 241 qui
1161 205 1168 219 ¹

327 258 369 285 est
390 263 475 292 super
489 261 600 283 omnem
614 255 781 281 creaturam.
799 252 829 279 Et
844 251 881 279 ita
902 258 939 279 ex
954 251 1006 279 hoc
1025 253 1089 279 actu
1114 253 1170 278 tan-

328 310 412 339 quam
427 309 463 330 ex
488 300 601 338 proprio
626 298 802 335 cognoscitur
822 298 897 326 Deus
911 297 1101 333 omnipotens,
1123 296 1171 324 im-

328 355 450 377 mensus.
464 363 503 367 ——
517 347 545 374 In
566 345 628 373 aliis
642 344 733 373 trihus
755 343 909 372 rationibus
930 343 1097 379 supponitur
1120 345 1172 371 sta-

328 397 388 428 tus,
417 393 488 422 slent
512 393 540 420 in
565 394 621 420 tota
645 390 822 427 philosophia
844 389 1012 426 supponitur
1034 392 1122 417 status
1144 389 1171 417 in

328 440 434 473 causis3
454 442 481 468 et
502 438 564 467 ideo
585 445 666 465 omne
681 436 815 465 mutabile
830 436 975 464 reducitur
990 435 1025 463 ad
1045 435 1173 463 immuta-

328 487 398 520 bile,
413 486 478 522 quia
493 486 519 513 in
541 483 667 512 mutabili
690 491 745 511 non
759 485 801 511 est
826 485 914 511 status
939 482 967 510 in
992 489 1093 518 genere
1118 481 1174 510 effi-

329 532 425 561 cientis
442 531 495 560 nisi
516 531 544 558 in
568 532 696 558 movente
720 537 775 557 non
801 531 888 557 moto:
904 536 986 556 omne
1001 528 1075 556 enim
1097 527 1172 564 quod

329 581 469 612 movetur,
481 577 516 606 ab
528 576 582 605 alio
596 578 725 604 movetur
735 575 753 603 ².
765 575 897 603 Similiter
908 574 1013 602 bonum
1028 576 1055 602 et
1072 573 1172 602 melius

328 625 503 654 reducuntur
527 623 563 652 ad
587 622 740 659 optiinum,
761 621 827 658 quia
851 629 904 649 non
920 623 962 649 est
983 623 1073 649 status
1088 620 1115 648 in
1130 628 1172 657 ge-

328 679 395 700 nere
419 671 482 699 finis
506 669 559 698 nisi
583 669 611 697 in
635 669 747 705 optimo.
767 667 898 696 Similiter
913 666 1046 704 pulcrum
1066 669 1093 695 et
1114 666 1173 703 pul-

329 718 405 747 crius
425 717 460 745 ad
485 715 725 753 pulcherrImum,
744 714 809 751 quia
834 722 888 742 non
909 717 951 742 est
972 716 1060 742 status
1082 713 1109 741 in
1131 721 1173 749 ge-

330 772 396 793 nere
427 762 527 800 speciei
559 765 587 790 et
617 761 739 795 formae,
760 760 813 789 nisi
835 760 863 789 in
884 768 917 789 eo
941 760 1017 796 quod
1044 762 1086 788 est
1114 759 1173 796 ipsa

329 811 434 848 species
455 817 505 846 per
526 808 684 837 essentiam.

406 856 444 884 Ad
456 855 526 883 illud
537 854 612 891 quod
623 854 769 891 quaeritur
784 854 819 881 de
830 852 1005 881 distinctione
1020 852 1172 886 rationum,

327 911 363 932 ex
379 903 459 931 dictis
483 902 538 930 iam
563 903 639 938 patet
664 900 816 936 responsio.
839 899 897 927 Non
912 899 986 927 enim
1002 901 1119 935 possunt
1134 898 1173 926 di-

328 949 431 986 stingui
457 955 543 985 penes
570 954 658 984 genus
685 953 836 974 causarum
871 947 988 979 tantum,
1015 952 1065 973 nec
1086 952 1172 981 penes

329 996 426 1024 modos
451 993 634 1031 cognoscendi
659 995 784 1027 tantum,
809 992 858 1021 sed
874 1000 958 1028 penes
987 994 1140 1028 utrumque
1152 990 1170 1018 ³.

328 1042 420 1070 Prima
445 1041 519 1069 enim
544 1039 614 1068 ratio
638 1039 760 1068 sumitur
782 1038 938 1067 secundum
953 1038 1089 1066 rationem
1111 1045 1174 1066 cau-

331 1096 393 1123 sae3
414 1088 485 1116 aliae
510 1088 662 1116 sumuntur
677 1093 763 1123 penes
779 1085 915 1113 rationem
930 1092 1031 1113 causae
1045 1087 1072 1112 et
1086 1083 1177 1112 excel-

327 1134 443 1168 lentiae,
467 1133 529 1171 quia
556 1132 734 1161 considerant
753 1131 882 1160 ordinem
907 1133 934 1159 et
958 1130 1173 1167 dIstinguuntur

328 1180 484 1209 secundum
497 1179 626 1208 ordinem
640 1179 668 1206 in
682 1178 784 1215 triplici
800 1185 901 1214 genere
916 1185 1017 1206 causae
1025 1176 1042 1211 ⁴,
1057 1176 1176 1205 efficien-

329 1227 364 1255 tis
379 1226 437 1255 sive
452 1225 604 1260 moventis,
624 1224 745 1253 finientis
759 1226 787 1252 et
801 1223 979 1260 exemplaris.

692 1316 760 1344 Due.
783 1316 813 1344 ΙΙ.

408 1411 477 1439 Item
501 1409 647 1447 quaeritur
669 1409 704 1438 de
728 1409 781 1437 hoc
802 1408 877 1445 quod
897 1410 994 1444 postea
1018 1407 1084 1436 dicit
1098 1407 1178 1444 Magi-

331 1461 401 1492 ster,
416 1458 491 1495 quod
505 1466 540 1485 ex
556 1456 748 1494 perpetuitate
773 1455 945 1492 intettiqz'tur
972 1454 1109 1483 Conditor
1134 1462 1178 1481 ae-

332 1509 439 1533 ternas.
455 1504 528 1532 Nihil
540 1504 615 1532 enim
627 1503 714 1531 valet:
731 1502 846 1531 effectus
857 1504 899 1530 est
910 1503 1064 1538 perpetuus
1074 1501 1096 1536 ⁵,
1111 1508 1178 1538 ergo

332 1552 455 1581 efficiens
477 1554 519 1580 est
532 1554 672 1580 aeternus.

410 1598 478 1626 Item
492 1597 638 1634 quaeritur
653 1595 780 1624 similiter
792 1595 801 1610 ⁶
821 1595 856 1624 de
871 1595 924 1623 hoc
937 1594 1013 1631 quod
1028 1594 1109 1623 dicit:
1133 1595 1177 1622 Ex

333 1644 536 1681 magnitudine
568 1643 754 1679 omnipotens.
787 1642 859 1670 Nihil
892 1642 967 1670 enim
994 1641 1083 1669 valet:
1115 1640 1179 1669 fecit

333 1698 450 1728 magna,
465 1698 532 1727 ergo
546 1692 587 1718 est
601 1689 776 1725 omnipotens
790 1688 834 1716 vel
856 1690 946 1724 potest
966 1687 1057 1715 facere
1078 1687 1179 1715 omnia.

412 1737 588 1765 ResponnEo:
611 1735 650 1764 Ad
676 1735 728 1763 hoc
743 1735 840 1763 dicunt
854 1734 955 1771 aliqui,
980 1734 1055 1770 quod
1070 1736 1179 1761 tantum

334 1786 376 1813 est
391 1783 529 1820 quaedam
554 1782 698 1820 persuasio
719 1789 770 1818 per
794 1781 919 1818 signum,
943 1788 999 1808 non
1023 1780 1179 1809 necessaria

334 1829 547 1867 argumentatio.
562 1829 664 1858 Dicunt
677 1828 751 1857 enim
761 1850 768 1863 ,
790 1828 865 1864 quod
879 1826 1079 1864 omnipotentia
1093 1829 1120 1855 et
1137 1834 1180 1855 ae-

335 1950 387 1975 post
403 1946 477 1969 nihilo
494 1946 546 1968 cod,
563 1946 583 1968 K
601 1945 656 1973 legit
672 1950 720 1967 non
730 1945 806 1974 potest
816 1950 865 1967 esse
881 1943 928 1967 m‘si
938 1950 954 1967 α
963 1943 1068 1974 potentia
1079 1943 1179 1974 infinita,

335 1985 356 2007 el
373 1984 436 2014 quod
451 1984 483 2007 sit
492 1985 560 2007 actzts
572 1982 622 2006 eius
633 1982 697 2013 quod
707 1984 741 2005 est
751 1988 825 2012 super·
835 1984 951 2005 naturam
962 1984 985 2005 et
999 1988 1071 2012 super
1087 1988 1181 2005 omnem

334 2024 488 2050 creaturam;
504 2022 588 2044 deinde
605 2022 687 2044 omittit
703 2025 778 2044 cetera
796 2027 870 2049 usque
887 2021 917 2043 ad
934 2021 962 2043 In
978 2020 1039 2043 aliis.

399 2060 406 2074 ¹
426 2061 475 2082 Vat.
493 2062 571 2082 contra
588 2066 642 2082 mss.
659 2062 682 2082 et
698 2060 734 2082 ed.
755 2060 761 2081 1
784 2065 850 2089 quae.
869 2059 938 2081 Paulo
955 2060 1013 2081 infra
1030 2058 1066 2081 ed.
1082 2059 1088 2080 l
1103 2058 1181 2088 primo

336 2105 379 2127 pro
395 2098 500 2128 proprio.

400 2137 410 2151 ²
426 2138 530 2166 Ariston,
554 2137 599 2159 VII.
625 2137 691 2164 Phys.
715 2139 766 2159 text.
788 2137 806 2158 I.
824 2138 846 2159 et
863 2136 884 2158 3.
901 2148 933 2153 —
949 2136 999 2158 Mox
1016 2135 1066 2158 cod.
1084 2135 1103 2157 R
1128 2138 1181 2163 post

336 2175 393 2205 quia
410 2175 474 2197 addit
490 2175 515 2198 in
531 2174 590 2198 bono
606 2179 629 2198 et
645 2176 714 2203 paulo
731 2175 788 2197 intra
804 2175 856 2197 cod.
874 2175 893 2197 Y
910 2177 962 2203 post
975 2173 1086 2204 pulcrius
1103 2174 1181 2196 adiun-

338 2215 370 2242 git
386 2213 542 2237 reducuntur.

400 2253 409 2268 ³
427 2253 481 2276 Fide
498 2260 553 2276 mss.
570 2256 593 2276 et
608 2253 644 2276 ed.
663 2254 671 2275 ’1
693 2253 855 2276 substituimus
870 2254 999 2282 utrumque
1015 2253 1066 2275 loco
1077 2253 1179 2282 utraque

336 2294 359 2314 et
374 2291 507 2314 immediate
523 2295 576 2320 post
592 2292 641 2313 loco
658 2292 738 2314 autem
754 2292 876 2319 posuimus
892 2290 961 2313 enim.

399 2330 409 2345 ⁴
426 2331 477 2354 Vat.
494 2331 530 2353 hie
547 2330 611 2353 addit
626 2331 665 2359 ut,
684 2331 725 2353 sed
743 2330 834 2353 obstant
851 2337 905 2353 mss.
922 2336 976 2353 cum
993 2329 1046 2352 edd.
1065 2330 1090 2358 l,
1109 2330 1136 2358 2,
1154 2329 1180 2357 3,

340 2370 352 2392 4
363 2388 368 2398 ‚
386 2370 407 2392 5.
424 2382 456 2386 —
472 2370 538 2392 Plura
555 2369 585 2392 de
601 2370 636 2392 his
653 2370 796 2397 argumentis
812 2369 867 2392 vide
884 2369 941 2391 intra
958 2369 980 2391 d.
1000 2369 1020 2390 8.
1038 2375 1061 2396 p.
1087 2368 1101 2390 I.
1119 2374 1139 2390 a.
1159 2368 1179 2390 t.

339 2416 359 2438 q.
379 2410 399 2431 2.
417 2412 440 2431 et
456 2409 562 2431 Hexaem.
580 2409 653 2430 Serm.
671 2408 692 2430 5.
709 2411 732 2431 et
749 2409 785 2430 1l0.

400 2447 410 2462 ⁵
426 2448 474 2470 Hoc
490 2450 535 2476 est,
553 2448 593 2476 qui
609 2447 660 2470 licet
677 2447 760 2469 habeat
781 2448 883 2475 initium,
907 2453 952 2469 non
970 2449 1045 2468 tamen
1071 2445 1140 2468 habet
1156 2445 1182 2467 fi-

337 2492 397 2508 nem.
413 2498 446 2502 —
462 2486 512 2508 Vat.
530 2486 618 2515 absque
635 2486 768 2508 auctoritate
785 2492 839 2508 mss.
857 2488 879 2507 ct
895 2485 933 2507 ed.
949 2485 954 2507 Ι
971 2484 1096 2507 omittendo
1109 2483 1179 2506 verba

337 2524 404 2547 Nihil
419 2524 482 2547 enim
500 2524 571 2553 valet,
593 2524 745 2547 obiectionem
763 2525 792 2546 ita
818 2525 938 2552 proponit:
956 2523 1058 2553 Effectus
1074 2529 1123 2546 non
1147 2524 1180 2546 est

334 2564 477 2592 perpetuus:
495 2569 551 2593 erqo
572 2569 646 2593 neque
670 2563 769 2593 efficiens
791 2564 826 2586 est
849 2564 975 2591 aeternus‚·
991 2562 1033 2585 sed
1050 2563 1126 2584 minus
1151 2562 1180 2584 ad

338 2607 400 2629 rem,
418 2604 443 2623 ut
459 2602 530 2630 liquet
546 2608 573 2624 ex
589 2603 738 2631 responsione
755 2602 777 2624 S.
794 2602 898 2624 Doctoris
915 2601 944 2623 ad
961 2600 1120 2623 obiectionem.

399 2640 409 2654 ⁶
426 2640 574 2662 Restituimus
590 2647 617 2662 ex
634 2646 688 2663 mss.
706 2643 728 2662 ct
739 2640 776 2662 ed.
795 2641 803 2661 l
825 2639 924 2662 verbum
941 2638 1056 2662 similiter.

401 2677 411 2692 ⁷
427 2679 490 2701 Hanc
506 2679 641 2701 sententiam
657 2678 758 2701 defendit
775 2679 848 2706 Scot.‚
865 2679 880 2700 I.
893 2679 952 2700 Sent.
965 2678 987 2701 d.
1007 2679 1027 2700 2.
1045 2684 1067 2707 q.
1085 2677 1107 2699 3.
1124 2683 1145 2699 n.
1159 2677 1180 2698 6.

339 2718 361 2738 et
378 2716 400 2738 d.
419 2716 454 2738 42.
472 2723 494 2745 q.
512 2718 571 2739 unic.
589 2720 610 2739 et
627 2716 734 2745 Quodlib.
751 2724 773 2745 q.
791 2716 812 2738 7.

402 2754 411 2768 ⁸
428 2754 581 2782 Depravatam
606 2756 725 2777 lectionem
751 2755 801 2778 Vat.
827 2754 912 2778 habeat
934 2755 968 2778 ita
991 2761 1108 2784 maqnum
1133 2760 1181 2778 esse

339 2794 362 2816 et
376 2792 410 2816 ita
426 2793 577 2822 dispositum,
596 2795 617 2816 et
633 2793 676 2817 hoc
693 2794 871 2817 emendavimus
887 2800 914 2816 ex
932 2800 986 2816 mss.
1004 2796 1026 2816 et
1042 2793 1078 2816 ed.
1097 2794 1117 2815 4.

401 2831 411 2845 ⁹
428 2831 505 2853 Plures
522 2832 589 2854 codd.
606 2833 712 2854 omittunt
728 2832 823 2861 divina,
843 2839 923 2855 omnes
939 2835 1016 2855 autem
1033 2832 1118 2855 habent
1129 2838 1181 2856 con-

340 2869 388 2892 dita
405 2874 482 2893 contra
499 2870 563 2899 Vat.,
580 2877 639 2898 quae
655 2872 719 2899 ponit
734 2870 805 2900 facul.

1011 126 1262 156 SENTENTIARUM
1283 127 1342 156 LIB.
1365 127 1382 156 1.

1226 205 1356 239 ternitas,
1372 212 1437 233 cum
1452 204 1506 233 sint
1525 204 1663 239 infinitae,
1684 212 1739 232 non
1760 206 1877 241 possunt
1902 203 2070 232 sufficienter

1227 251 1340 287 probari
1355 258 1405 288 per
1430 253 1588 285 creaturas,
1610 258 1682 287 quae
1706 253 1772 279 sunt
1796 250 1888 279 finitae
1901 250 1919 278 ⁷.
1935 267 1974 270 —
1988 250 2071 279 Aliter
2084 263 2155 282 smum,
2167 264 2187 282 2,

1226 299 1323 324 tamen
1347 299 1437 333 potest
1462 297 1532 331 dici,
1557 297 1632 334 quod
1656 297 1784 333 quamvis
1805 304 1860 324 non
1884 298 2018 333 sequatur
2043 296 2070 324 in

1228 342 1352 379 quolibet
1366 342 1510 377 efficiente,
1535 345 1627 371 tamen
1652 342 1807 371 necessario
1822 342 1948 379 sequitur
1963 342 1992 371 in
2015 342 2071 371 effi-

1228 389 1316 417 ciente
1331 388 1388 417 sive
1403 391 1586 426 perpetuante
1604 389 1703 426 primo.
1729 389 1900 425 Impossibile
1914 389 1989 417 enim
2010 392 2052 418 est
2063 412 2070 424 ,

1229 435 1304 472 quod
1319 438 1449 464 creatura
1470 436 1571 464 habeat
1595 443 1656 464 esse
1679 437 1707 464 et
1721 443 1854 472 magnum
1869 435 1949 464 esse⁸
1970 437 1997 463 et
2018 435 2070 464 hoc

1229 484 1320 509 totum
1343 481 1379 509 ab
1403 481 1512 518 aliquo,
1534 482 1582 518 qui
1607 489 1662 509 non
1687 481 1773 518 possit
1798 481 1826 509 in
1841 483 1946 515 totum;
1968 484 1995 510 et
2015 489 2072 518 qua.

1230 529 1335 557 ratione
1350 529 1378 557 in
1402 528 1454 557 hoc
1479 531 1583 563 totum,
1605 531 1632 556 et
1659 528 1687 556 in
1712 528 1864 565 quodlibet.
1880 528 2026 562 Similiter,
2049 528 2072 556 si

1229 577 1271 603 est
1284 575 1409 612 primum
1423 577 1603 612 perpetuans,
1619 576 1661 603 est
1674 574 1786 603 omnmo
1801 574 1829 602 in
1844 577 1908 603 actu
1922 577 1949 603 et
1960 574 2029 603 nihil
2043 574 2072 602 in

1229 621 1367 658 potentia;
1388 624 1416 650 et
1439 621 1460 649 si
1487 621 1554 655 hoc,
1569 629 1634 649 cum
1656 620 1743 658 possit
1757 620 1849 649 facere
1870 620 1974 649 durare
1995 620 2072 649 aliud

1229 667 1256 695 in
1271 667 1423 701 infinitum,
1439 667 1532 704 ipsum
1546 669 1588 695 est
1602 669 1666 696 actu
1680 666 1820 695 infinitum
1835 666 1993 695 duratione:
2006 674 2073 704 ergo

1230 716 1386 743 aeternum.

1585 806 1653 834 DUB.
1674 806 1714 834 ΙΙΙ.

1308 899 1375 927 Item
1390 898 1535 935 quaeritur
1556 899 1591 927 de
1613 899 1665 927 hoc
1679 898 1755 935 quod
1770 898 1850 927 dicit:
1876 899 1982 928 Omnia
2001 908 2075 938 quae

1230 948 1294 973 arte
1309 945 1411 973 divina
1430 945 1570 973 σοηιίίῐοι9
1593 948 1676 978 sunt,
1701 945 1843 973 unitatem
1867 945 2019 983 quandam
2044 945 2075 974 in

1230 999 1259 1019 se
1275 991 1429 1019 ostendunt
1449 994 1474 1019 et
1498 991 1620 1028 speciem
1644 994 1671 1019 et
1694 991 1834 1019 ordinem.
1860 991 1976 1020 Videtur
2001 992 2075 1020 enim

1230 1038 1322 1074 primo
1344 1038 1436 1066 dicere
1462 1038 1577 1072 falsum,
1605 1038 1671 1074 quia
1699 1037 1722 1066 si
1743 1037 1811 1071 hoc,
1833 1045 1897 1066 cum
1925 1038 1994 1067 haec
2021 1038 2075 1067 tria.

1231 1084 1342 1113 condita
1363 1084 1431 1118 sint,
1447 1087 1513 1112 tunc
1535 1084 1638 1112 habent
1657 1084 1816 1117 unitatem,
1838 1084 1960 1120 speciem
1981 1087 2008 1113 et
2032 1093 2077 1113 or-

1232 1131 1344 1164 dinem,
1367 1133 1394 1159 et
1415 1130 1453 1159 sic
1475 1130 1509 1158 de
1531 1130 1606 1158 aliis:
1629 1138 1695 1166 ergo
1717 1130 1740 1158 si
1762 1132 1804 1158 est
1825 1132 1914 1165 stare,
1936 1132 2003 1159 tunc
2029 1130 2077 1159 ali-

1232 1186 1288 1215 qua
1309 1177 1419 1206 condita
1440 1179 1520 1211 sunt,
1540 1185 1612 1214 quae
1634 1177 1702 1205 haec
1723 1185 1777 1205 non
1798 1177 1941 1205 habentm.

1312 1224 1378 1252 Item
1394 1224 1506 1252 videtur
1521 1223 1593 1251 male
1607 1230 1784 1257 enumerare,
1799 1222 1861 1259 quia
1875 1223 2075 1259 Augustinus¹¹

1234 1270 1311 1306 ponit
1342 1270 1394 1298 ista.
1416 1270 1482 1297 trIa:
1508 1269 1644 1303 modum,
1676 1269 1798 1305 speeiem
1822 1271 1850 1297 et
1871 1268 2018 1304 ordinem,
2049 1272 2077 1298 et

1234 1316 1302 1344 haec
1323 1316 1389 1343 alia:
1412 1316 1571 1349 unitatem,
1586 1316 1738 1344 veritatem
1759 1318 1787 1343 et
1807 1314 1970 1343 bonitatem.
1992 1315 2079 1352 Quae-

1234 1363 1307 1391 ritur
1337 1371 1404 1399 ergo
1435 1363 1470 1391 de
1501 1362 1620 1391 diversis
1652 1362 1742 1391 modis
1773 1362 1972 1396 enumerandi,
2003 1362 2079 1391 unde

1234 1409 1355 1438 veniant.

1313 1455 1488 1483 Rsssronnsso:
1512 1455 1551 1483 Ad
1566 1455 1617 1483 hoc
1638 1455 1735 1483 dicunt
1755 1454 1857 1492 aliqui,
1879 1454 1954 1491 quod
1969 1454 2021 1483 hoc
2039 1454 2078 1482 in·
2089 1463 2169 1490 Sonam
2183 1462 2218 1481 ciu-

1234 1501 1368 1538 telligitur
1390 1501 1425 1530 de
1439 1501 1575 1529 creaturis
1590 1501 1733 1538 perfectis,
1756 1501 1800 1529 vel
1817 1501 1840 1529 si
1855 1501 1890 1530 de
1904 1500 2035 1529 omnibus
2048 1500 2077 1535 ¹²,
2101 1487 2181 1510 ‘'hm‘'

1236 1551 1302 1576 tunc
1317 1548 1364 1576 illa
1379 1548 1432 1576 tria
1446 1556 1501 1575 non
1516 1547 1612 1576 dicunt
1626 1547 1796 1576 conditiones
1812 1548 1839 1575 in
1861 1555 1891 1575 re
1910 1549 2015 1581 creata,
2030 1547 2079 1576 sed

1235 1594 1263 1622 in
1284 1593 1440 1630 exemplari
1468 1593 1600 1622 increato.
1622 1610 1660 1613 —
1682 1593 1772 1621 Potest
1795 1596 1890 1621 tamen
1910 1593 1979 1628 dici,
2002 1593 2078 1630 quod

1236 1640 1263 1668 in
1284 1640 1383 1677 primis
1398 1640 1597 1668 intentionibus
1618 1642 1645 1668 et
1670 1639 1848 1676 generalibus
1859 1639 1879 1654 ¹³
1901 1642 1943 1668 est
1963 1639 2081 1668 reflexio

1236 1690 1263 1715 et
1284 1687 1346 1715 ideo
1361 1690 1465 1721 status,
1488 1694 1538 1715 nec
1560 1689 1602 1715 est
1625 1686 1698 1714 ultra
1718 1686 1936 1723 procedendum.

1314 1733 1353 1761 Ad
1376 1733 1445 1761 illud
1466 1732 1542 1769 quod
1569 1732 1716 1769 quaeritur
1739 1732 1774 1761 de
1795 1733 2004 1761 enumeratione
2024 1732 2081 1761 illo-
2104 1741 2150 1759 Tres
2169 1741 2221 1759 meai

2088 1764 2220 1782 considerandi

1236 1787 1301 1808 rum
1322 1779 1424 1813 trium,
1446 1779 1521 1816 quod
1536 1787 1591 1807 non
1606 1779 1717 1808 videtur
1731 1779 1914 1813 conveniens3
1929 1779 2079 1808 dicendum
2091 1789 2202 1806 ereaturam.

1236 1825 1312 1862 quod
1333 1833 1378 1853 res
1399 1827 1492 1853 creata
1513 1825 1599 1854 habet
1618 1825 1764 1862 tripliciter
1784 1825 1969 1854 considerari:
1990 1826 2081 1855 autin

1298 1942 1320 1957 ¹⁰
1336 1942 1470 1965 Perturbata
1487 1942 1552 1964 lectio
1570 1942 1619 1964 Vat.
1636 1941 1740 1971 falsum,
1758 1941 1822 1971 quod
1836 1947 1897 1971 quae
1913 1941 2008 1965 condita
2026 1943 2085 1965 sunt

1237 1982 1286 2005 sive
1301 1981 1379 2011 sacta,
1399 1980 1502 2004 habeant
1512 1980 1557 2003 ista
1569 1980 1628 2009 tm'a,
1642 1980 1730 2004 scilicet
1745 1980 1873 2008 unitatem,
1892 1980 1990 2010 speciem
2006 1981 2030 2004 et
2044 1987 2083 2004 or-

1237 2020 1330 2044 dinem:
1348 2020 1404 2050 quia
1421 2019 1504 2050 aliqua
1520 2019 1615 2043 condita
1625 2020 1682 2042 sunt
1693 2026 1752 2049 quae
1764 2019 1822 2043 hoec
1838 2025 1887 2042 non
1902 2019 2002 2048 habent,
2021 2019 2084 2043 sicut

1238 2058 1345 2081 diabolus
1362 2059 1385 2081 et
1400 2057 1495 2087 reprobi
1510 2059 1635 2085 castigatur
1651 2064 1696 2085 ope
1714 2058 1781 2080 codd.
1798 2061 1821 2080 et
1837 2058 1873 2081 ed.
1892 2058 1913 2086 l,
1939 2059 1979 2087 qui
2003 2058 2082 2087 quoad

1237 2096 1389 2119 substantiam
1405 2097 1507 2119 lectionis
1519 2097 1541 2118 in
1554 2098 1640 2118 textum
1657 2092 1762 2124 receptae
1775 2097 1930 2125 consentiunt,
1943 2097 1994 2119 licet
2005 2096 2081 2125 quoad

1237 2136 1384 2158 accidentalia
1401 2135 1563 2163 divergantur3
1581 2135 1613 2157 sic
1630 2134 1681 2157 cod.
1699 2135 1717 2156 Α
1734 2134 1791 2164 quia
1807 2134 1916 2157 similiter
1927 2135 1976 2157 loco
1993 2134 2050 2164 quia
2061 2134 2083 2157 si

1238 2174 1294 2202 hoc,
1313 2174 1365 2197 cod.
1383 2173 1400 2196 O
1418 2176 1470 2202 post
1486 2173 1580 2196 condita
1591 2174 1649 2196 sunt
1659 2174 1713 2195 satis
1724 2173 1783 2195 bene
1796 2173 1859 2196 addit
1870 2172 1942 2201 haem-
1960 2173 2027 2196 codd.
2045 2173 2081 2195 11<

1237 2218 1294 2242 erqo
1312 2219 1355 2240 pro
1372 2213 1444 2240 tunc,
1464 2212 1514 2234 cod.
1533 2212 1551 2234 Μ
1570 2213 1626 2235 tum
1643 2211 1756 2235 haberent
1771 2212 1822 2234 loco
1839 2213 1895 2235 timo
1911 2211 2002 2235 habent.

1300 2250 1318 2265 ¹1
1336 2250 1398 2273 Libr.
1411 2250 1439 2273 de
1452 2250 1534 2272 Natura
1552 2250 1606 2272 boni
1617 2268 1621 2278 ‚
1640 2256 1659 2272 c.
1677 2251 1690 2272 3
1701 2256 1706 2272 ε
1718 2251 1779 2273 Haec
1790 2256 1847 2278 ergo
1859 2251 1916 2272 tria:
1928 2250 2019 2279 modus,
2032 2257 2081 2278 spe·

1236 2291 1297 2319 cies,
1315 2290 1373 2312 ordo
1390 2292 1499 2318 tanquam
1517 2289 1631 2317 generalia
1648 2289 1709 2311 bona
1727 2292 1780 2311 sunt
1797 2290 1818 2311 in
1835 2288 1906 2311 rebus
1922 2295 1935 2311 a
1952 2289 1999 2311 Deo
2016 2289 2081 2312 sactis

1236 2329 1286 2351 sive
1303 2329 1325 2351 in
1343 2329 1432 2356 spiritu,
1451 2329 1500 2350 sive
1518 2329 1541 2350 in
1561 2334 1666 2355 corpore.
1685 2328 1770 2350 Similia
1788 2327 1857 2351 habet
1874 2328 1901 2350 V.
1918 2328 1948 2350 de
1963 2327 2012 2351 Civ.
2029 2328 2083 2356 Dei,

1236 2374 1255 2390 c.
1277 2368 1310 2389 Η.
1328 2367 1360 2389 De
1376 2366 1479 2395 unitate,
1499 2365 1596 2389 veritate
1612 2367 1633 2389 el
1650 2365 1750 2389 bonitate
1762 2366 1816 2388 vide
1829 2366 1879 2389 libr.
1896 2366 1925 2389 de
1937 2367 1996 2389 Vera
2008 2367 2081 2395 Relig.

1236 2412 1255 2428 c.
1275 2407 1298 2428 tut
1310 2424 1316 2434 ‚
1334 2406 1370 2428 36.
1388 2408 1411 2428 et
1427 2405 1464 2427 55.
1481 2417 1513 2422 —
1530 2405 1578 2433 Ope
1596 2411 1651 2427 mss.
1668 2408 1690 2428 et
1705 2405 1742 2427 ed.
1761 2406 1769 2427 1
1792 2405 2028 2435 substituimusponit
2039 2412 2082 2434 pro

1236 2445 1360 2467 enumerat
1376 2450 1402 2466 ac
1420 2444 1488 2472 paulo
1505 2444 1563 2466 infra
1580 2446 1632 2472 post
1650 2443 1771 2467 raritatem
1787 2444 1949 2472 supplevimus
1965 2445 1993 2467 et.

1300 2483 1319 2498 ¹²
1335 2482 1408 2505 Codd.
1426 2483 1445 2505 V
1457 2483 1485 2505 W
1503 2483 1539 2504 hic
1556 2482 1644 2505 addunt
1660 2483 1688 2505 et.

1300 2521 1319 2536 1³
1336 2522 1383 2544 Hoc
1400 2524 1446 2550 est,
1463 2522 1486 2543 in
1503 2521 1739 2544 transcendentalibus
1756 2521 1883 2544 rationibus
1895 2520 2006 2549 unitatis,
2027 2520 2083 2544 veri-

1237 2560 1291 2583 tatis
1307 2561 1329 2583 et
1345 2559 1454 2583 bonitatis
1471 2566 1624 2589 unaquaeque
1641 2563 1716 2588 potest
1732 2560 1761 2582 de
1782 2566 1807 2582 se
1831 2562 1854 2582 et
1876 2560 1925 2582 aliis
1941 2559 2082 2587 praedicari,

1236 2606 1259 2621 v.
1277 2606 1300 2627 g.
1317 2600 1401 2621 veritas
1418 2601 1452 2621 est
1469 2605 1536 2626 vera,
1554 2605 1599 2620 una
1615 2601 1638 2620 et
1654 2598 1727 2627 bona;
1745 2599 1766 2620 in
1784 2599 1833 2621 aliis
1858 2600 1935 2621 autem
1956 2597 2083 2620 rationibus

1235 2645 1276 2661 seu
1294 2639 1373 2660 formis
1390 2639 1446 2660 haec
1463 2638 1554 2660 reflexio
1568 2637 1666 2667 proprie
1682 2644 1728 2660 non
1745 2638 1886 2665 admittitur3
1904 2637 1937 2659 sic
1954 2637 2082 2665 improprie

1237 2677 1320 2699 dicitur
1337 2676 1420 2699 albedo
1437 2679 1471 2699 est
1487 2676 1545 2699 alba.
1563 2676 1607 2699 Csr.
1625 2677 1681 2698 infra
1699 2677 1722 2698 d.
1741 2676 1776 2699 17.
1795 2683 1817 2704 p.
1835 2677 1850 2698 I.
1868 2683 1890 2705 q.
1909 2677 1930 2698 2.
1947 2675 1976 2698 ad
1998 2675 2036 2697 ult.
2051 2686 2084 2691 —
2240 2689 2244 2712 ἰ

1236 2716 1361 2738 Difficultas
1382 2722 1395 2737 a
1421 2716 1545 2743 Seraphico
1562 2716 1598 2738 hic
1615 2717 1733 2744 proposita
1756 2716 1857 2743 tangitur
1881 2718 1904 2738 et
1929 2715 1987 2737 infra
2004 2714 2026 2736 d.
2044 2714 2082 2736 33.
2240 2715 2242 2721 ¹

1238 2761 1260 2783 q.
1278 2754 1299 2776 4.
1316 2754 1353 2777 ad.
1374 2755 1392 2776 l.
1410 2757 1432 2776 ot
1449 2755 1469 2776 2.
1487 2754 1532 2777 Cfr.
1550 2757 1572 2776 et
1588 2755 1648 2777 Alex.
1666 2755 1722 2783 Hah,
1741 2755 1763 2777 S.
1781 2761 1804 2783 p.
1821 2755 1835 2776 I.
1853 2761 1875 2783 q.
1894 2754 1930 2776 18.
1943 2759 1973 2775 m.
1987 2753 2007 2775 4.
2019 2752 2049 2775 ad
2062 2753 2082 2774 l.

1238 2796 1260 2815 et
1277 2800 1299 2821 p.
1317 2793 1340 2815 II.
1359 2800 1381 2822 q.
1397 2792 1419 2815 7.
1437 2799 1467 2815 m.
1486 2794 1506 2815 2.
1525 2793 1553 2815 ad
1571 2794 1592 2816 6.
1604 2805 1636 2810 -—
1647 2794 1670 2816 B.
1683 2793 1776 2822 Alhert.,
1789 2794 1825 2816 hie
1834 2800 1854 2816 a.
1873 2792 1909 2815 45.
1926 2804 1958 2809 —
1974 2791 2080 2814 Richard.

1238 2838 1251 2854 a
1268 2831 1339 2860 Med.,
1358 2832 1394 2854 hic
1411 2832 1471 2854 circa
1488 2832 1519 2854 lit.
1537 2835 1560 2855 et
1575 2832 1598 2854 d.
1616 2833 1653 2854 33.
1670 2839 1690 2855 a.
1708 2833 1729 2855 3.
1747 2839 1769 2861 q.
1788 2833 1809 2854 2.
