2253 3317
840 158 1019 188 PRAEFATIO
1041 158 1227 187 GENERALIS.
1870 157 1892 185 V

153 239 294 275 Ordine
319 238 523 285 Minorum,
542 251 564 272 a
589 238 652 284 pio
670 238 750 272 viro
776 236 935 272 collecta
960 235 1048 270 data
1065 247 1143 270 esse
1169 235 1209 269 111
1227 234 1352 269 11106111
1370 234 1440 269 sub
1466 234 1617 269 nomine
1636 233 1670 269 S.
1697 233 1892 269 Bonavcn-

154 302 268 332 turae.
294 297 421 343 Atque
439 297 520 343 ipse
545 295 778 342 Rosweydus
804 307 868 330 sex
894 294 1061 334 eiusdem
1087 294 1208 328 sancti
1233 293 1304 327 viri
1330 292 1513 339 opuscula
1536 293 1576 327 in
1601 293 1892 327 controversiam

154 360 265 391 vocat
289 360 327 390 et
351 359 533 402 tanquam
559 354 820 401 supposititios
837 353 962 388 foetus
979 352 1063 387 aliis
1082 351 1254 398 patribus
1279 352 1468 387 attribuit:
1494 351 1726 399 Alphabetum
1748 351 1894 386 scilicet

153 414 414 460 monachorum,
444 413 653 449 Collationes
669 415 761 458 00t0,·
786 411 970 459 Speculum
995 410 1200 457 disciplinae
1222 409 1269 445 ad
1294 410 1475 456 NovitiosJ
1492 411 1538 445 de
1563 410 1733 457 Profectu
1757 410 1894 458 religio-

153 485 269 508 sorum
294 473 360 508 lib.
379 473 412 520 Ι,
432 473 477 507 (16
502 471 672 518 Profectio
697 471 937 518 reliyz'osorum
962 469 1027 504 lib.
1047 469 1101 515 II;
1121 470 1167 504 de
1184 469 1412 504 Institutione
1437 469 1646 505 novitiorum
1662 473 1808 516 partem
1825 468 1854 503 I.
1872 483 1886 501 »

154 531 300 566 Deinde
317 531 559 577 Waddingus
584 530 695 577 plura
711 529 870 576 profert,
899 528 1038 576 quibus
1063 528 1198 563 nititur
1215 528 1329 562 etiam
1354 529 1427 563 ista
1451 540 1516 563 sex
1533 528 1716 574 opuscula
1741 527 1894 562 Doctori

155 589 357 636 Seraphico
384 589 586 624 vindicare.

250 648 349 692 Quid
374 647 526 682 valeant
557 647 637 682 eius
662 650 887 693 argumenta
911 645 1004 681 alibi
1036 645 1106 680 erit
1130 645 1421 680 discutiendum.
1448 644 1579 689 Quoad
1610 645 1778 692 quinque
1805 657 1895 691 opu-

154 706 275 752 scula,
303 718 398 753 quae
424 705 472 740 ab
490 705 698 740 editoribus
722 704 927 739 Vaticanae
953 704 1130 739 editionis
1147 708 1190 738 ut
1215 704 1457 750 supposititia
1474 704 1535 738 vel
1561 704 1696 738 saltem
1722 702 1838 738 dubia
1855 704 1896 737 in

154 764 366 811 appendice
395 764 520 811 posita
549 768 658 811 sunt,
691 763 933 810 Waddingus
969 762 1047 797 fere
1078 776 1166 797 cum
1195 763 1288 809 ipsis
1321 763 1510 798 convenit.
1542 761 1600 797 Ex
1638 762 1755 796 altera
1791 766 1896 808 parte

154 823 257 857 idem
281 827 411 858 auctor
435 827 535 857 recte
560 823 733 869 asseruit,
760 822 871 868 plura
897 821 930 858 S.
959 822 1244 857 Bonaventurae
1270 834 1382 868 opera
1407 821 1573 867 genuina
1602 821 1725 855 adhuc
1755 821 1898 855 inedita

157 894 252 928 esse,
281 894 376 928 quae
401 882 441 916 in
467 894 567 917 nova
592 894 705 928 quam
731 880 957 916 moliebatur
982 880 1146 915 editione
1172 880 1344 915 omnium
1367 892 1523 926 operum
1549 879 1583 915 S.
1613 879 1898 914 Bonaventurac

157 952 195 975 se
220 940 409 975 editurum
427 940 610 986 promisit.
637 939 755 986 «Nos,
775 940 915 987 inquit,
943 952 1122 985 magnam
1139 951 1403 986 praeparamus
1420 938 1653 973 additionem
1671 938 1718 972 ad
1744 951 1786 972 ea
1803 950 1897 984 quae

159 999 355 1045 hucusque
381 999 602 1045 prodierunt
625 999 665 1033 in
692 999 856 1033 editione
881 998 1066 1033 Vaticana
1091 999 1261 1033 oninium
1286 998 1558 1044 copiosissima,
1587 1010 1633 1031 ex
1657 1009 1759 1044 penu
1786 997 1898 1031 etiam

157 1056 342 1092 Vaticano
360 1058 558 1104 exscriptis
575 1057 707 1092 multis
725 1070 820 1104 quae
837 1069 1033 1104 nunquam
1050 1057 1270 1103 prodierunt
1289 1056 1509 1103 operibus».
1527 1055 1707 1090 Attamen
1726 1056 1900 1102 egregius

153 1116 214 1150 vir
238 1120 357 1151 morte
382 1120 602 1162 praereptus
627 1116 864 1162 propositum
890 1128 1000 1150 suum
1027 1115 1181 1162 exsequi
1207 1128 1284 1150 non
1308 1115 1456 1161 potuit,
1483 1115 1528 1149 de
1554 1127 1629 1161 quo
1655 1114 1787 1149 dolens
1811 1113 1900 1149 Phi-

152 1174 275 1221 lippus
302 1173 422 1209 Lahbe'
445 1173 479 1210 S.
503 1173 531 1209 I.
548 1174 579 1208 ¹:
618 1173 819 1220 «Utinam,
854 1174 993 1221 inquit,
1024 1174 1163 1220 aliquis
1193 1174 1233 1208 in
1264 1173 1474 1220 Waddingi
1503 1173 1630 1208 locum
1661 1173 1898 1220 subrogetur,

158 1233 224 1280 qui
252 1237 455 1280 utrumque
487 1245 626 1267 munus
655 1237 880 1279 praestet»,
915 1232 1065 1267 scilicet
1095 1232 1279 1267 anecdota
1314 1233 1401 1267 edat
1438 1237 1475 1267 et
1513 1233 1680 1278 genuina
1711 1245 1732 1267 a
1764 1232 1901 1279 spuriis

157 1296 335 1326 secernat.

251 1349 409 1385 Interim
435 1363 481 1384 ex
505 1350 661 1385 adversa
686 1354 791 1396 parte
818 1350 979 1385 surrexit
998 1349 1192 1385 Gasimirus
1212 1349 1387 1395 Oudimcs,
1406 1350 1446 1383 in
1465 1348 1604 1385 Ordine
1626 1349 1902 1384 Praemonstra-

157 1409 323 1444 tensium
347 1409 469 1456 primo
495 1408 701 1455 professus,
730 1408 866 1443 deinde
891 1408 939 1443 ab
966 1408 1107 1444 Ordine
1132 1413 1170 1443 et
1194 1421 1216 1443 a
1241 1408 1315 1443 fide
1341 1413 1521 1455 apostata,
1549 1409 1615 1455 qui
1640 1409 1680 1443 in
1706 1409 1903 1443 notissimo

158 1480 224 1503 suo
242 1480 368 1515 opere:
389 1467 662 1503 Commentarius
686 1467 727 1502 de
752 1467 980 1514 scriptoribus
1017 1467 1269 1512 ecclesiasticis,
1301 1472 1383 1502 tum
1413 1467 1604 1502 doctrinae
1634 1467 1793 1502 duorum
1822 1479 1904 1502 san-

159 1531 305 1561 ctorum
330 1526 538 1562 Doctorum
563 1526 728 1561 Thomae
754 1527 958 1573 Aquinatis
984 1531 1021 1561 et
1046 1526 1332 1561 Bonaventurae
1358 1526 1546 1560 virulento
1572 1526 1698 1561 animo
1724 1526 1902 1571 detraxit,

155 1589 241 1620 tum
263 1598 334 1632 ope
360 1586 511 1620 criticae
535 1585 701 1632 partium
724 1585 850 1620 studio
873 1584 1037 1620 infectae
1061 1584 1218 1632 probare
1242 1589 1400 1619 conatus
1423 1589 1494 1631 est,
1520 1584 1685 1631 plurima
1708 1585 1904 1632 utriusque

136 1645 301 1691 ,scripta
325 1656 404 1679 esse
431 1644 708 1690 supposititia?
734 1643 922 1679 Neutrum
949 1644 1110 1690 dignum
1136 1644 1349 1678 autumavit
1378 1643 1491 1679 titulo
1517 1643 1691 1678 Doctoris
1712 1642 1904 1678 Ecclesiae

160 1707 198 1737 et
222 1715 300 1738 non
324 1715 406 1737 raro
423 1702 573 1737 levibus
598 1702 660 1737 vel
687 1703 801 1737 etiam
826 1702 932 1737 falsis
949 1703 1183 1749 argumentis
1208 1715 1298 1737 usus
1324 1706 1394 1748 est,
1421 1707 1465 1737 ut
1481 1702 1659 1749 plurima,
1686 1702 1905 1748 praesertim

157 1760 364 1808 Seraphici,
393 1761 533 1807 scripta
557 1761 656 1795 inter
681 1762 810 1807 spuria
836 1761 896 1795 vel
922 1761 1056 1796 saltem
1082 1760 1199 1795 dubia
1223 1761 1403 1795 reiiceiet.

254 1819 345 1855 Post
371 1818 512 1855 Oudini
537 1820 853 1866 intemperantem
879 1819 1065 1865 criticam,
1093 1819 1184 1853 licet
1208 1819 1350 1865 pluries
1380 1832 1468 1854 vera
1485 1802 1597 1854 etiam
1616 1833 1661 1854 ex
1684 1819 1834 1854 levibus
1851 1832 1905 1854 ar-

158 1879 352 1925 gumentis
370 1878 671 1924 concludentem,
699 1878 773 1913 duo
802 1877 931 1913 Patres
949 1847 1101 1913 Ordinis
1119 1877 1153 1913 S.
1172 1877 1202 1912 F
1204 1890 1364 1912 rancisci
1394 1878 1440 1912 de
1468 1877 1613 1913 Observ
1603 1879 1731 1924 antia,
1758 1878 1905 1913 reticito

156 1937 313 1972 nomine
339 1936 514 1984 (fuerunt
537 1942 664 1971 autem
690 1936 735 1971 P.
762 1936 913 1972 Ioannes
937 1936 1146 1972 Mazzucato
1171 1941 1208 1970 et
1233 1936 1279 1971 P.
1305 1936 1456 1972 Ioannes
1493 1936 1533 1972 de
1569 1936 1810 1984 Augustinis),
1842 1950 1906 1972 no-

161 2008 248 2030 vam
274 2000 312 2030 et
337 2000 508 2043 quartam
534 2000 763 2042 paraverunt
786 1995 1007 2041 editionem,
1035 2008 1130 2042 quae
1167 1995 1292 2029 lucem
1328 1995 1476 2041 aspexit
1513 1995 1682 2030 Venetiis
1712 2008 1770 2030 an.
1798 1996 1904 2042 1751,

162 2067 208 2088 ex
234 2054 490 2101 typographia
514 2053 696 2101 Stephani
722 2053 878 2090 Orlandi
904 2058 942 2088 et
967 2053 1069 2089 Ioan.
1096 2054 1203 2100 Bapt.
1231 2053 1403 2100 Albritii,
1432 2054 1475 2088 13
1502 2058 1593 2089 tom.
1619 2055 1660 2088 in
1685 2055 1729 2089 4⁰.

256 2112 308 2147 Hi
331 2113 458 2147 omnia
480 2117 517 2147 et
541 2113 620 2148 sola
643 2125 756 2160 opera
778 2117 815 2147 et
832 2112 1016 2159 opuscula
1033 2112 1209 2147 editionis
1227 2111 1432 2147 Vaticanae
1450 2112 1663 2159 ediderunt,
1681 2113 1810 2147 addita
1825 2117 1906 2147 tan—

163 2175 245 2205 tum
271 2172 434 2218 quadam
459 2171 681 2207 brevissima
699 2171 860 2218 epistola
885 2171 919 2207 S.
938 2171 1240 2216 Bonaventurae3
1268 2170 1438 2205 ordinem
1462 2175 1589 2205 tamen
1608 2171 1761 2206 omnino
1787 2176 1906 2206 muta-

164 2234 266 2276 runt,
287 2230 557 2276 distinguendo
574 2235 693 2265 totam
711 2230 916 2265 editionem
934 2230 974 2264 in
992 2234 1066 2265 tres
1091 2234 1230 2275 partes,
1251 2242 1410 2276 quarum
1427 2242 1503 2264 una
1520 2242 1632 2276 opera
1649 2234 1763 2275 certa,
1791 2230 1908 2264 altera

166 2288 291 2335 dubia,
319 2293 356 2323 et
381 2289 491 2323 tertia
523 2289 836 2336 complecteretur
861 2301 904 2323 ea
929 2301 1024 2335 quae
1051 2301 1097 2322 ex
1123 2301 1251 2323 eorum
1283 2289 1471 2322 sententia
1499 2293 1623 2323 essent
1654 2288 1904 2335 supposititia.

166 2346 293 2382 Primo
318 2352 420 2382 tomo
445 2348 700 2394 praefixerunt
724 2348 1060 2394 praelocutionem,
1089 2359 1184 2393 quae
1222 2359 1298 2381 una
1335 2359 1422 2381 cum
1447 2347 1526 2381 vita
1550 2346 1584 2382 S.
1619 2347 1904 2382 Bonaventurae

167 2405 321 2440 exhibet
343 2405 547 2441 Diatribam
564 2406 1153 2454 historico-chronoloyico-criticam
1171 2405 1209 2440 in
1227 2417 1330 2452 opera
1356 2405 1515 2451 eiusdem,
1534 2406 1573 2439 in
1592 2418 1666 2452 qua
1683 2405 1728 2440 de
1742 2405 1907 2451 singulis

168 2463 344 2510 operibus
362 2465 588 2500 sententiam
605 2458 712 2507 suam
737 2464 879 2511 ferunt,
899 2469 1026 2505 utrum
1044 2465 1121 2499 sint
1138 2464 1319 2510 genuina,
1346 2477 1475 2499 necne.
1496 2463 1728 2499 Promittunt
1754 2464 1908 2511 quidem

167 2522 207 2556 hi
234 2523 393 2558 editores
419 2523 624 2558 editionem
655 2524 881 2559 ornatiorem
910 2528 947 2557 et
978 2523 1252 2569 correctiorem,
1286 2522 1437 2569 qualem
1469 2527 1506 2557 ct
1535 2522 1774 2569 Waddingus
1803 2535 1907 2569 prac-

162 2581 315 2627 'paravit
341 2585 378 2615 et
402 2581 605 2629 Philippus
630 2581 761 2617 Labbe
788 2582 992 2629 exoptavit.
1033 2580 1206 2627 «Labbe,
1234 2581 1443 2627 inquiu11t³‚
1471 2593 1558 2616 sane
1585 2585 1672 2616 vota
1697 2582 1737 2615 in
1762 2592 1908 2615 cassum

170 2640 305 2674 emissa
329 2652 405 2674 non
431 2640 617 2675 videntur.
644 2640 742 2676 Nam
760 2646 839 2676 esto
864 2653 948 2687 nos,
969 2640 1035 2687 qui
1053 2644 1089 2674 et
1106 2652 1177 2674 usu
1195 2644 1232 2673 et
1257 2640 1411 2685 ingenio
1429 2629 1562 2686 parum
1587 2652 1800 2686 possumus,
1820 2639 1908 2673 huic

169 2698 451 2744 perlustrandae
482 2700 698 2745 provinciae
730 2700 892 2746 impares
923 2710 1068 2744 sumus,
1101 2698 1280 2732 unanimo
1311 2702 1437 2732 tamen
1469 2699 1554 2733 nisu
1592 2703 1628 2732 et
1660 2698 1908 2733 concordibus

266 2864 273 2878 ¹
293 2864 314 2886 ln
334 2865 392 2886 notis
409 2864 503 2897 adiectis
520 2864 549 2886 ad
566 2864 649 2887 librum
667 2865 759 2887 Roborti
776 2866 905 2888 Benarmini
923 2866 950 2888 de
968 2866 1075 2894 scriptor.
1093 2866 1188 2893 eccles,
1207 2865 1242 2887 cd.
1261 2865 1340 2892 chct.
1360 2865 1432 2892 ⁴728,
1453 2871 1504 2893 pag.
1524 2864 1575 2887 449.
1593 2865 1634 2887 col.
1653 2865 1674 2886 2.

268 2907 277 2921 2
296 2907 361 2929 Tom.
380 2907 419 2935 111,
437 2907 529 2929 nissen.
546 2907 575 2929 de
591 2909 668 2935 script.
685 2908 708 2930 S.
727 2909 829 2931 Thomae
846 2909 888 2931 col.
907 2908 966 2936 2543
985 2909 1076 2931 Dissort.
1095 2908 1123 2931 (16
1140 2909 1217 2936 script.
1235 2909 1256 2930 S.
1276 2908 1361 2930 Bonav.
1378 2909 1419 2930 (ὋΙ.
1438 2908 1488 2930 373.

266 2949 275 2964 3
292 2950 393 2973 Diatriba
413 2956 465 2978 pag.
485 2950 521 2972 45.
540 2950 575 2973 46.
