2253 3317
894 138 976 166 DIST.
998 138 1081 167 xvti:
1098 139 1122 166 P.
1146 138 1163 166 1.

1840 142 1857 169 te>

1859 141 1895 169 ΞΟ.

843 261 1077 295 DISTINCTIO
1110 261 1206 294 XVll.

977 354 1046 382 l'Aas
1068 354 1085 382 l.

527 457 587 485 CAP.
607 458 625 485 Ι.

195 542 271 575 Quod
290 541 408 577 Spiritus
426 546 534 569 sanctus
554 547 590 569 esc
608 543 723 574 caritas,
743 552 796 580 (μαι
815 543 955 579 diliqimus

422 585 508 612 Deum
527 589 550 611 et
565 585 734 620 proccimmn.

227 669 280 696 Iam
300 676 370 695 nunc
390 669 550 696 accedamus
570 669 603 696 ad
631 670 817 704 assignandam
846 671 998 698 missionem

157 711 271 746 Spiritus
290 712 388 745 sancti,
408 719 461 746 qua
480 712 648 739 invisibiliter
667 713 780 739 mittitur
808 713 834 739 in
863 713 944 740 corda
973 714 1000 740 fi-

157 753 264 781 delium.
284 754 351 781 Nam
370 755 428 788 ipse
451 754 566 789 Spiritus
593 758 714 786 sanctus,
743 755 790 790 qui
809 756 879 782 Deus
900 759 940 782 est
967 763 998 783 ac

157 796 234 823 tertia
253 796 279 822 in
297 796 424 823 Trinitate
442 804 569 831 persona,
589 800 619 824 ut
637 805 720 831 supra
738 800 873 824 ostensum
893 798 964 830 est¹‚
984 806 999 825 a

156 838 232 865 Patre
251 842 278 865 et
296 839 363 866 Filio
383 846 414 866 ac
433 847 462 866 se
481 840 539 874 ipso
559 840 742 874 temporaliter
761 841 891 874 procedit,
905 841 932 867 id
945 844 998 872 est,

156 881 269 908 mittitur
288 889 320 909 ac
339 882 454 909 donatur
473 882 603 909 fidelibus.
624 883 676 909 Sed
695 890 764 917 quae
784 883 817 909 sit
836 883 886 910 ista
905 883 998 909 missio

156 924 212 951 sive
231 924 353 958 donatio,
373 925 415 952 vel
434 926 569 960 quomodo
589 926 648 959 fiat,
672 926 896 953 considerandum
916 929 962 953 est.

226 967 281 994 Hoc
301 970 391 994 autem
410 970 439 994 ut
458 968 650 1001 intelligibilius
669 968 760 995 doceri
773 975 804 995 ac
817 968 923 1002 plenius
941 975 999 1002 per-

18 1010 223 1044 rraemtmtqrspici
242 1010 344 1042 valeat,
363 1010 588 1044 praemittendum
608 1014 647 1037 est
660 1011 788 1045 quiddam
802 1011 836 1037 ad
856 1011 907 1037 hoc
920 1010 998 1038 valde

15 1039 69 1104 {13¹5}
79 1039 145 1081 03⁵?ssss
154 1053 342 1079 necessarium.
362 1053 468 1079 Dictum
488 1053 597 1087 quidem
616 1056 656 1080 est
674 1060 757 1087 supra
770 1056 795 1079 et
808 1053 892 1080 sacris
910 1055 999 1080 aucto-

27 1091 33 1103 1
66 1099 69 1103 .

155 1095 278 1122 ritatibus
298 1098 431 1122 ostensum
443 1095 461 1128 ²,
481 1096 553 1129 quod
577 1095 691 1130 Spiritus
718 1098 826 1122 sancius
853 1102 928 1122 amor
959 1098 999 1122 est

155 1138 239 1165 Patris
252 1140 277 1164 et
289 1138 361 1171 Filii,
374 1146 427 1173 quo
441 1146 469 1165 se
489 1139 604 1165 invicem
622 1140 712 1164 amant
731 1141 757 1165 et
775 1145 831 1165 nos.
845 1138 891 1164 His
910 1141 997 1164 autem

155 1181 307 1208 addendum
326 1184 379 1214 est,
399 1181 471 1216 quod
495 1182 552 1216 ipse
581 1182 651 1208 idem
680 1181 794 1215 Spiritus
822 1184 931 1208 sanctus
959 1183 998 1207 est

155 1231 230 1250 arnor
249 1224 305 1250 sive
324 1224 438 1255 caritas,
459 1231 512 1258 qua
532 1231 580 1250 nos
599 1224 735 1258 diligimus
753 1224 837 1250 Deum
857 1225 883 1249 ct
910 1222 999 1257 proxi-

154 1273 236 1293 mum.
255 1266 327 1298 Quae
346 1266 456 1299 caritas,
476 1273 538 1293 cum
557 1266 591 1292 ita
610 1266 689 1293 estin
702 1265 793 1297 nobis,
814 1268 843 1292 ut
857 1272 905 1292 nos
918 1265 998 1291 faciat

155 1307 265 1342 diligere
284 1308 367 1334 Deum
388 1310 412 1334 et
432 1308 599 1342 proximum,
621 1311 683 1334 tunc
701 1307 815 1341 Spiritus
835 1310 943 1334 sanctus
962 1306 998 1332 di-

155 1349 224 1376 citur
242 1349 309 1375 mitti
330 1349 371 1376 vel
391 1349 449 1376 dari
461 1348 470 1362 ³
490 1349 580 1382 nobis;
600 1352 626 1376 et
645 1349 691 1383 qui
715 1349 801 1383 diligit
822 1349 909 1382 ipsam
935 1348 998 1374 dile-

155 1391 284 1424 ctionem,
304 1399 357 1426 qua
376 1391 461 1426 diligit
480 1392 647 1426 proximum,
668 1392 695 1417 in
715 1398 746 1418 eo
771 1392 830 1425 ipso
850 1391 933 1417 Deum
962 1390 999 1416 di-

155 1434 219 1468 ligit,
247 1434 310 1469 quia
338 1434 396 1468 ipsa
426 1432 531 1460 dilectio
559 1435 630 1461 Dens
658 1434 732 1465 esst,
762 1434 788 1460 id
820 1437 860 1460 est
883 1433 998 1468 Spiritus

155 1481 270 1504 sanctus.

225 1519 263 1546 Ne
282 1523 371 1546 autem
390 1520 417 1546 iu
436 1527 465 1546 re
486 1522 556 1546 tanta
575 1519 677 1554 aliquid
696 1518 729 1545 de
752 1522 841 1545 nostro
868 1517 998 1544 influere⁵

7 1600 8 1603 Ἴ
16 1566 147 1608 affingi-’321'-
156 1561 308 1593 videamur,
328 1562 412 1588 sacris
431 1561 634 1588 auctoritatibus
653 1560 726 1595 quod
738 1560 838 1587 dictum
852 1562 891 1586 est
911 1566 999 1585 corro-

155 1603 288 1631 boremus.
308 1604 346 1630 De
365 1604 417 1630 hoc
435 1604 598 1637 Augustinus
617 1604 643 1629 in
663 1606 758 1630 octavo
778 1602 847 1629 libro
866 1602 900 1628 de
917 1602 999 1628 Trini-

156 1646 229 1673 tate⁰
249 1646 298 1673 ait:
323 1647 393 1678 «Qui
415 1647 569 1681 proximum
588 1646 687 1679 diligit,
707 1652 873 1679 consequens
893 1647 945 1677 est,
969 1647 999 1670 ut

156 1689 241 1722 ipsam
261 1689 406 1723 praecipue
425 1688 595 1714 dilectionem
615 1688 714 1721 diligat.
734 1688 804 1714 Deus
823 1689 912 1713 autem
936 1686 999 1712 ‹lile-

155 1730 207 1756 ctio
227 1733 274 1757 est.
293 1730 463 1764 Consequens
482 1736 544 1763 ergo
558 1732 609 1762 est,
628 1732 657 1756 ut
669 1729 816 1763 praecipue
835 1729 919 1755 Deum
941 1728 998 1754 dili-

155 1775 231 1806 gat».
245 1773 309 1799 Item
322 1773 350 1799 in
363 1773 457 1799 eodem
468 1772 488 1798 ⁷:
508 1783 519 1795 «
529 1773 599 1799 Deus
612 1771 717 1799 dilectio
731 1776 783 1802 est,
796 1774 826 1798 ut
839 1772 875 1798 ait
889 1771 997 1798 loannes

155 1814 304 1848 Apostolus.
324 1815 358 1841 Ut
376 1814 441 1849 quid
461 1820 523 1847 ergo
542 1814 611 1840 imus
630 1816 655 1840 et
674 1813 807 1840 currimus
827 1813 853 1839 in
872 1812 997 1840 sublimia

155 1856 291 1883 caelorum
314 1859 340 1882 et
370 1856 421 1882 ima
451 1859 597 1889 terrarum,
626 1858 784 1890 quaerentes
804 1862 864 1881 eum
884 1855 930 1889 qui
959 1857 998 1881 est

155 1899 228 1933 apud
256 1907 317 1932 nos,
345 1899 367 1925 si
390 1906 438 1925 nos
457 1899 570 1925 velimus
591 1906 648 1925 esse
668 1898 741 1933 apud
769 1899 869 1925 eumn?
893 1897 997 1924 «Nemo

155 1942 239 1969 dicat:
261 1950 312 1969 non
326 1942 395 1974 novi,
409 1942 475 1976 quid
494 1942 610 1976 diligam.
630 1941 727 1975 Diligat
746 1941 853 1967 fratrem
867 1943 893 1967 et
905 1940 998 1973 diligat

155 1985 266 2012 eandem
286 1985 463 2012 dilectionem.
483 1985 566 2018 Magis
582 1985 653 2011 enim
667 1984 740 2011 novit
752 1983 930 2014 dilectionem,
944 1990 997 2017 qua

155 2027 254 2062 diligit,
273 2035 355 2062 quam
374 2028 496 2060 fratrem,
515 2034 596 2062 quem
624 2027 717 2060 diligit.
745 2027 815 2052 Ecce
841 2026 893 2053 iam
922 2028 998 2060 potes

155 2070 284 2096 notiorem
303 2070 387 2096 Deum
407 2069 506 2096 habere
519 2076 600 2103 quam
618 2069 740 2101 fratrem,
760 2068 840 2102 plane
858 2068 997 2099 notiorem,

153 2112 216 2146 quia
237 2112 456 2146 praesentiorem,
476 2112 538 2146 quia
559 2112 726 2143 interiorem,
753 2110 816 2145 quia
846 2111 996 2137 certiorem.

1054 461 1222 495 Amplectere
1236 461 1404 488 dilectionem
1418 462 1502 488 Deum
1513 461 1522 474 ⁸
1541 464 1567 488 et
1579 461 1721 488 dilectione
1734 462 1895 496 amplectere

1055 503 1146 530 Deum.
1165 503 1225 537 Ipsa
1244 506 1284 530 est
1302 503 1423 536 dileetio,
1442 511 1512 538 quae
1531 511 1622 530 omnes
1641 504 1725 530 bonos
1744 504 1857 538 Angelos
1870 506 1896 531 et

1055 552 1146 572 omnes
1164 546 1212 572 Dei
1231 553 1323 572 servos
1341 546 1477 573 consociat
1496 546 1603 573 vinculo
1622 547 1776 573 sanctitatis.
1793 547 1895 578 Quanto

1055 587 1135 621 igitur
1146 588 1264 615 saniores
1274 588 1284 601 ⁹
1297 596 1389 615 sumus
1403 596 1418 615 a
1436 591 1538 615 tumore
1549 588 1705 623 superbiae,
1720 591 1791 615 tanto
1804 596 1896 615 sumus

1055 629 1197 656 dilectione
1216 630 1363 664 pleniores:
1383 633 1409 657 et
1427 638 1481 665 quo
1501 631 1551 657 nisi
1579 632 1633 658 Deo
1660 631 1755 665 plenus
1782 634 1821 658 est
1849 632 1895 665 qui

1055 671 1150 705 plenus
1169 675 1208 698 est
1226 672 1402 700 dilectione».
1422 673 1468 700 His
1487 673 1576 700 verbis
1595 674 1658 700 satis
1678 674 1792 700 ostendit
1810 673 1896 707 Augu-

1055 714 1156 747 stinus,
1177 715 1251 748 quod
1271 715 1377 742 dilectio
1398 715 1471 750 ipsa,
1499 723 1552 750 qua
1580 716 1714 751 diligimus
1742 717 1826 743 Deum
1854 715 1895 742 vel

1056 757 1223 790 proximum,
1242 758 1313 784 Deus
1332 761 1379 785 est.
1408 758 1460 785 Sed
1487 758 1576 785 adhuc
1603 759 1721 793 apertius
1749 759 1775 784 in
1802 758 1894 785 eodem

1055 799 1123 826 libro
1135 799 1155 812 ¹⁴³
1169 800 1259 826 subdit
1272 800 1379 827 dicens:
1405 812 1416 824 ιι
1425 801 1599 828 Dilectionem
1611 801 1753 828 fraternam
1766 803 1894 835 quantum

1056 843 1224 870 commendet
1236 844 1345 871 Ioannes
1359 844 1515 878 Apostolus,
1535 844 1709 871 attendamus.
1725 843 1777 876 Qm'
1795 842 1895 879 diliqit,

1056 885 1141 919 inquit
1151 885 1184 917 ¹¹,
1202 885 1317 921 statrem
1342 885 1372 912 in
1394 886 1497 913 lumine
1514 891 1620 918 manet,
1639 890 1662 912 et
1687 885 1846 913 scandalum
1865 884 1893 911 in.

1055 934 1083 952 eo
1102 935 1159 954 ‘non
1178 931 1222 955 est.
1242 928 1408 955 Manifestum
1421 932 1472 962 est,
1492 929 1564 963 quod
1578 929 1692 956 iustitiae
1705 928 1895 963 perfectionem

1056 969 1081 994 in
1101 969 1189 996 fratris
1208 970 1350 997 dilectione
1369 972 1496 1005 posuerit.
1521 972 1588 998 Nam
1608 972 1633 998 in
1658 978 1711 1005 quo
1740 970 1895 997 scandalum

1055 1018 1107 1038 non
1127 1015 1166 1038 est
1190 1013 1282 1047 utique
1301 1013 1435 1047 perfectus
1454 1017 1501 1040 est.
1527 1014 1557 1040 Et
1588 1017 1674 1040 tamen
1702 1013 1815 1044 videtur,
1834 1012 1896 1039 dile-

1054 1054 1170 1081 ctionem
1190 1056 1237 1082 Dei
1256 1056 1380 1088 tacuisse,
1393 1057 1465 1091 quod
1479 1064 1615 1091 nunquam
1632 1058 1743 1089 faceret,
1763 1057 1813 1083 nisi
1833 1056 1894 1091 quia

1056 1097 1082 1123 in
1103 1097 1161 1131 ipsa
1180 1098 1296 1125 fraterna
1315 1099 1457 1126 dilectione.
1476 1100 1533 1126 vult
1546 1100 1654 1134 intelligi
1671 1100 1763 1126 Deum.
1782 1099 1896 1133 Apertis-

1055 1139 1121 1165 sime
1141 1140 1211 1166 enim
1239 1141 1266 1166 in
1294 1141 1388 1168 eadem
1412 1142 1530 1176 Epistola
1543 1142 1562 1155 ¹²
1582 1142 1662 1176 paulo
1682 1145 1743 1176 post
1760 1142 1825 1168 (licit
1844 1141 1894 1168 ita:

1055 1180 1246 1213 Dilectissimi,
1266 1182 1413 1219 diligamus
1432 1183 1563 1215 invicem,
1583 1184 1647 1219 quia
1666 1184 1771 1211 dilectio
1790 1192 1823 1210 ex
1841 1184 1894 1210 Deo

1054 1227 1107 1250 est:
1127 1228 1151 1250 et
1173 1224 1261 1251 omnis
1281 1224 1329 1260 qui
1347 1225 1453 1261 dili'qit,
1475 1235 1507 1253 ει·
1526 1227 1578 1253 Deo
1591 1231 1672 1253 natus
1684 1231 1721 1253 est
1739 1230 1762 1252 el
1775 1225 1896 1262 coynovit

1055 1266 1148 1293 Deum.
1170 1266 1223 1299 Qua·
1238 1275 1295 1294 non
1313 1266 1403 1303 diliqit
1419 1276 1475 1295 non
1494 1268 1615 1304 coqnovit
1634 1269 1733 1299 Deum,
1747 1268 1812 1305 quia
1825 1270 1895 1296 Deus

1057 1308 1163 1336 dileetio
1182 1313 1226 1336 esi.
1246 1311 1297 1337 ista
1309 1311 1443 1338 contextio
1457 1312 1520 1338 satis
1533 1315 1625 1346 aperte
1637 1312 1763 1344 declarat,
1784 1313 1895 1339 eandem

1055 1352 1141 1386 ipsam
1153 1352 1295 1379 fraternam
1308 1353 1478 1381 dilectionem
1487 1361 1592 1381 —nam
1604 1355 1719 1382 fraterna
1736 1355 1843 1382 dilectio
1857 1357 1896 1381 est

1057 1401 1111 1427 qua
1130 1394 1264 1428 diligimus
1284 1395 1398 1422 invicem
1409 1404 1508 1422 —non
1528 1397 1613 1423 solum
1632 1404 1665 1423 ex
1677 1397 1743 1428 Deo,
1756 1397 1803 1423 sed
1816 1398 1895 1424 etiam

1054 1436 1138 1463 Deum
1157 1444 1215 1463 esse
1236 1440 1306 1464 tanta
1319 1438 1477 1465 auctoritate
1490 1439 1655 1472 praedicari,
1669 1439 1771 1466 scilicet
1783 1439 1895 1466 Ioannis.

1055 1478 1120 1505 Cum
1139 1486 1202 1512 ergo
1222 1479 1255 1506 de
1267 1479 1287 1492 ¹³
1307 1480 1450 1507 dilectione
1479 1481 1613 1515 diligimus
1642 1482 1764 1514 fratrem,
1789 1481 1822 1508 de
1841 1482 1895 1508 Deo

1055 1521 1191 1554 diligimus
1209 1522 1331 1556 fratrem,
1352 1530 1401 1550 nec
1421 1523 1479 1550 fieri
1498 1527 1600 1558 potest,
1613 1527 1641 1551 ut
1655 1524 1766 1551 eandem
1780 1524 1897 1551 dilectio-

1055 1571 1115 1590 nem
1135 1572 1187 1591 non
1206 1565 1353 1599 praecipue
1372 1565 1526 1599 diligamus,
1546 1573 1599 1600 qua
1618 1566 1725 1593 fratrem
1749 1566 1895 1599 diligimus,

1055 1607 1182 1641 quoniam
1202 1608 1272 1634 Deus
1291 1607 1398 1635 dilectio
1424 1611 1464 1634 est
1477 1619 1500 1635 ».
1520 1608 1631 1635 1tem¹⁴:
1656 1608 1726 1640 «Qui
1745 1616 1797 1635 non
1810 1608 1896 1643 diligit

1054 1649 1161 1676 fratrem
1186 1657 1238 1676 non
1258 1653 1297 1677 est
1316 1650 1342 1676 in
1362 1650 1518 1683 dilectione;
1538 1654 1564 1678 et
1582 1652 1629 1686 qui
1648 1659 1701 1678 non
1720 1654 1758 1678 est
1787 1652 1813 1677 in
1833 1651 1895 1678 dile-

1054 1692 1141 1719 ctione
1164 1700 1217 1719 non
1236 1696 1275 1719 est
1294 1693 1320 1719 in
1339 1694 1407 1725 Deo,
1428 1694 1491 1728 quia
1510 1695 1580 1721 Deus
1599 1695 1705 1721 dilectio
1725 1698 1798 1722 est».
1824 1695 1895 1723 Ecce

1054 1734 1222 1768 apertissime
1232 1734 1253 1748 ¹⁵
1273 1735 1349 1767 dicit,
1369 1735 1511 1763 fraternam
1531 1736 1701 1763 dilectionem
1719 1737 1803 1764 Deum
1822 1745 1887 1764 esse.

1423 1821 1483 1847 Car.
1502 1821 1531 1848 II.

1055 1896 1131 1929 Quod
1148 1897 1273 1932 fraterna
1291 1896 1396 1924 dilectio
1409 1901 1446 1924 est
1464 1898 1548 1929 Deus,
1568 1906 1615 1925 nec
1627 1899 1707 1925 Pater
1725 1899 1768 1926 vel
1784 1899 1892 1930 Filius,

1252 1938 1298 1965 sed
1318 1943 1422 1966 tamum
1441 1939 1560 1975 Spiritus,
1578 1945 1693 1968 sanctus.

1124 2024 1189 2051 Cum
1209 2028 1297 2051 autem
1315 2025 1431 2052 fraterna
1450 2025 1557 2052 dilectio
1577 2026 1611 2052 sit
1629 2026 1712 2057 Deus,
1740 2033 1789 2053 nec
1817 2027 1893 2053 Pater

1054 2071 1093 2094 est
1111 2075 1161 2094 nec
1180 2068 1276 2101 Filius,
1295 2067 1342 2094 sed
1357 2071 1457 2095 tantum
1470 2068 1584 2102 Spiritus
1597 2072 1712 2102 sanctus,
1724 2070 1771 2104 qui
1784 2070 1893 2105 proprie

1055 2110 1079 2136 in
1098 2110 1224 2137 Trinitate
1237 2110 1345 2137 dilectio
1359 2110 1400 2137 vel
1414 2111 1511 2137 caritas
1524 2111 1629 2137 dicitur.
1643 2111 1718 2138 Unde
1730 2111 1893 2145 Augustinus

215 2225 222 2239 ¹
240 2225 294 2247 Dist.
313 2225 362 2247 XV.
380 2231 399 2247 c.
421 2226 437 2246 1.
453 2237 486 2241 --
503 2224 634 2247 immediate
652 2227 704 2252 post
721 2224 771 2247 cod.
784 2225 800 2246 E
816 2227 838 2246 et
849 2224 899 2246 Vat.
916 2225 994 2247 semet<

152 2263 203 2293 ipso
220 2269 262 2291 pro
279 2269 303 2286 se
319 2263 375 2292 ipso.

215 2302 225 2317 ²
242 2303 295 2324 Dist.
313 2302 341 2324 X.
353 2314 384 2318 —
395 2303 463 2324 Paulo
481 2305 533 2325 ante
544 2302 597 2324 edd.
615 2302 636 2329 l,
650 2303 662 2324 2
678 2301 796 2331 quoddam
814 2308 855 2330 pro
873 2300 994 2331 quiddam.

216 2340 226 2355 ³
242 2340 314 2363 Codd.
332 2340 373 2363 AC
390 2340 484 2363 donari.

216 2378 225 2393 ⁴
242 2379 256 2401 1.
274 2379 333 2401 loan.
351 2378 371 2407 4,
385 2378 405 2401 8.
418 2379 454 2401 46.
473 2379 586 2407 Vulgata:
603 2378 667 2401 Deus
684 2378 773 2402 caritas*
789 2380 829 2401 est.
842 2378 948 2406 Magister
960 2384 995 2400 se-

154 2419 232 2447 quitur
256 2418 376 2440 lectionem
402 2418 530 2445 Augustini.
547 2429 578 2434 -
594 2417 636 2440 Hic
652 2418 731 2445 incipit
753 2417 859 2445 Magister
881 2423 996 2445 exponere

154 2461 220 2478 suam
237 2456 371 2478 sententiam
381 2473 386 2483 ,
404 2458 429 2478 ut
445 2456 525 2477 falsam
542 2457 695 2478 communiter
712 2455 869 2483 reprobatam,
883 2461 943 2484 quae
959 2461 996 2477 ca-

153 2495 244 2517 ritatem
260 2496 285 2516 ut
301 2493 405 2516 habitum
421 2497 523 2516 creatum
541 2496 620 2523 negat;
633 2494 662 2517 de
679 2500 726 2523 quo
743 2494 796 2516 vide
814 2494 835 2515 S.
854 2494 996 2516 Bonaventu-

156 2538 212 2560 ram,
230 2533 266 2554 hic
282 2538 304 2560 p.
323 2532 337 2554 l.
356 2538 377 2560 q.
397 2532 417 2554 ¹l.

218 2572 228 2586 ⁵
245 2572 295 2593 Sola
313 2571 363 2593 Vat.
380 2572 495 2594 astruere.

218 2609 228 2624 ὅ
244 2609 298 2637 Cap.
315 2609 337 2631 7.
355 2615 376 2631 n.
396 2610 431 2631 io.
443 2622 473 2626 —
484 2609 615 2633 Immediate
633 2613 683 2633 ante
702 2610 850 2640 Augustinus
867 2610 919 2632 edd.
943 2611 964 2637 ·l,
982 2611 995 2632 8

156 2647 244 2670 addunt
260 2648 346 2670 aittem.

218 2687 228 2702 ⁷
246 2687 301 2709 lbid.
320 2692 340 2708 n.
360 2687 367 2708 ἸΙ
379 2687 384 2708 1
398 2694 403 2714 ;
421 2688 494 2708 textus
511 2686 643 2715 Scripturae
660 2690 694 2709 est
712 2687 724 2709 l.
744 2687 803 2709 loan.
817 2687 842 2715 4,
860 2687 892 2709 16.
904 2699 935 2703 —-
946 2687 997 2709 Pro-

156 2726 231 2748 ximus
247 2726 310 2747 locus
327 2724 447 2752 Augustini
464 2727 498 2746 est
514 2725 556 2746 loc.
573 2725 609 2747 cit.
627 2728 649 2747 et
665 2731 684 2747 c.
702 2725 723 2747 8.
741 2731 763 2747 n.
786 2725 817 2747 12.

219 2763 228 2777 ὃ
246 2763 284 2785 Ed.
303 2763 324 2784 5.
342 2762 390 2785 Dei.
407 2774 439 2779 —
454 2762 540 2785 Deinde
557 2762 593 2784 ed.
612 2763 620 2784 ¹1
643 2765 695 2790 post
710 2762 850 2792 amplectere
875 2764 929 2791 legit
944 2769 996 2792 pro-

154 2801 251 2824 oeimztm
268 2807 311 2829 pro
328 2801 411 2823 Deum.

219 2839 228 2854 9
245 2839 301 2862 Edd.
320 2840 328 2861 i
344 2858 348 2867 ‚
367 2840 395 2867 2,
414 2839 441 2867 ft,
459 2839 488 2867 5,
506 2839 535 2866 8,
553 2840 566 2861 9
584 2839 640 2861 salso
657 2839 802 2867 sanctiores,
820 2842 842 2862 et
859 2839 910 2862 cod.
922 2839 996 2868 Cfor-

158 2877 245 2906 tzhres;
263 2880 287 2900 ut
304 2879 431 2906 corrigatur
448 2878 485 2899 hic
500 2883 579 2905 error,
596 2877 649 2900 edd.
672 2878 677 2899 1
692 2895 696 2905 ‚
716 2879 728 2899 8
746 2884 799 2901 cum
817 2878 884 2901 codd.
902 2878 996 2900 BCDE

1052 2227 1224 2252 prosequuntur
1235 2225 1282 2247 sic:
1295 2224 1418 2246 sanctiores
1436 2229 1528 2251 sumus,
1546 2225 1634 2253 quanto
1646 2230 1658 2246 a
1671 2227 1758 2246 tumore
1770 2224 1892 2252 superbiae

1052 2261 1173 2285 inaniores
1191 2262 1258 2291 (cod.
1277 2261 1293 2284 C
1310 2261 1448 2290 saniores);
1465 2261 1506 2284 sed
1523 2264 1599 2284 nostra
1616 2262 1681 2284 lectio
1706 2265 1740 2285 est
1764 2263 1891 2285 seeundum

1052 2303 1138 2323 textum
1155 2301 1291 2328 Augustini,
1309 2300 1359 2323 cod.
1376 2302 1395 2322 A
1411 2303 1433 2323 et
1449 2300 1499 2323 Vat.
1517 2306 1571 2322 cum
1588 2300 1640 2323 cdd.
1659 2301 1686 2326 3.
1705 2301 1734 2328 6,
1752 2300 1774 2322 7.

1115 2338 1134 2353 ¹0
1151 2339 1203 2361 Loc.
1222 2340 1257 2361 cIt.
1276 2339 1345 2366 paulo
1362 2339 1425 2361 infra.
1443 2350 1473 2355 —
1489 2339 1541 2361 Sola
1558 2339 1608 2361 Vat.
1624 2340 1707 2361 omittit
1722 2338 1807 2362 dicens.

1115 2377 1132 2391 ¹1
1150 2378 1164 2399 1.
1183 2377 1242 2400 Ioan.
1260 2378 1288 2405 2,
1307 2378 1343 2399 110.
1360 2389 1391 2393 —
1407 2377 1477 2399 Paulo
1494 2379 1545 2399 ante
1561 2379 1614 2405 post
1630 2377 1775 2400 dilectionem
1791 2377 1844 2399 edd.
1862 2378 1890 2405 3,

1052 2416 1073 2444 7,
1083 2416 1104 2444 9,
1114 2417 1199 2438 omisso
1210 2415 1351 2445 fraternam,
1363 2418 1451 2443 ponunt
1461 2421 1533 2445 quam
1543 2422 1585 2443 pro
1594 2417 1717 2445 qnantum,
1728 2418 1812 2438 etcum
1823 2416 1891 2438 codd.

1053 2455 1069 2476 A
1079 2454 1123 2477 CD
1139 2457 1161 2476 et
1177 2454 1213 2476 ed.
1231 2455 1244 2476 6
1263 2454 1411 2477 commendat
1426 2460 1468 2482 pro
1485 2454 1635 2477 commendet.

1115 2492 1134 2507 ¹²
1150 2491 1204 2520 Cap.
1224 2492 1251 2520 4,
1270 2491 1291 2514 7.
1305 2493 1325 2514 8.
1339 2492 1452 2520 Vulgata:
1470 2492 1608 2521 carissimi,
1627 2492 1755 2522 diliqamus
1770 2498 1814 2515 nos
1835 2492 1892 2516 inri-

1052 2537 1117 2554 cem:
1136 2531 1193 2561 quia
1209 2530 1298 2554 caritas
1314 2537 1345 2554 ea:
1362 2531 1410 2554 Deo
1427 2532 1466 2554 esi.
1484 2531 1514 2554 El
1533 2531 1624 2559 ovinis,
1643 2530 1685 2561 qui
1700 2530 1781 2561 diliyit,
1795 2537 1826 2554 ex
1844 2532 1892 2554 Deo

1052 2571 1124 2593 natus
1135 2571 1170 2592 est
1185 2571 1206 2592 eb
1223 2569 1343 2599 ttoynoscit
1353 2569 1435 2592 Deum.
1450 2569 1497 2597 Qui
1507 2575 1554 2592 non
1565 2569 1656 2599 diliyit,
1669 2575 1717 2592 non
1730 2569 1793 2593 novit
1801 2570 1890 2593 Deum:

1052 2607 1164 2638 qnoniam
1189 2608 1252 2631 Dens
1277 2607 1366 2631 coritas
1390 2609 1430 2630 est.
1447 2620 1479 2624 —
1496 2608 1545 2630 Mox
1563 2608 1612 2630 Vat.
1636 2614 1689 2630 cuin
1712 2608 1817 2636 plurimis
1838 2608 1891 2631 edd.

1052 2647 1085 2670 ait
1096 2653 1138 2675 pro
1149 2646 1204 2670 dicit
1212 2656 1221 2675 ,·
1238 2647 1331 2674 insuper
1348 2650 1400 2674 post
1412 2646 1468 2670 dicit
1478 2646 1530 2668 edd.
1548 2647 1569 2675 3,
1587 2647 1607 2674 5,
1626 2647 1647 2674 6,
1660 2647 1681 2674 7,
1694 2648 1714 2674 9,
1728 2648 1813 2670 variata
1826 2649 1890 2670 inter-

1052 2686 1189 2713 punctione,
1214 2685 1273 2706 male
1301 2685 1392 2707 trahunt
1416 2685 1551 2712 particulam
1568 2684 1600 2707 ito
1618 2685 1648 2707 ad
1671 2685 1741 2707 verba
1766 2687 1890 2715 sequentia.

1053 2724 1154 2752 Denique
1171 2723 1207 2745 ed.
1229 2723 1237 2744 Ἰ
1259 2722 1391 2746 dulcissimi
1406 2729 1449 2751 pro
1465 2722 1615 2746 dilectissimi.

1116 2761 1135 2776 ¹³
1152 2761 1304 2784 solummodo
1321 2761 1373 2783 edd.
1392 2762 1400 2783 4
1415 2779 1420 2789 ‚
1438 2762 1451 2783 3
1468 2761 1517 2784 Dei.

1116 2799 1135 2814 1⁴
1152 2800 1205 2822 Loc.
1223 2800 1267 2827 cit.,
1285 2799 1326 2822 secl
1343 2800 1411 2827 paulo
1428 2800 1493 2822 infra.

1116 2838 1135 2853 ¹⁵
1152 2838 1201 2861 Vat.
1219 2844 1273 2860 cum
1290 2839 1338 2860 aliis
1349 2838 1410 2866 edd,
1422 2838 1629 2861 contradicentibus
1646 2839 1712 2861 codd.
1724 2842 1747 2861 et
1757 2839 1810 2862 edd.
1824 2840 1831 2861 ’1
1846 2858 1850 2867 ,
1869 2840 1890 2867 8,

1053 2879 1132 2907 operte
1142 2887 1151 2906 ,·
1168 2878 1299 2900 immediate
1316 2881 1368 2905 post
1384 2877 1437 2900 edd.
1456 2878 1484 2905 3,
1502 2877 1516 2899 7
1532 2877 1594 2901 discit
1609 2884 1651 2906 pro
1668 2878 1729 2902 dicit.
