2253 3317
879 172 1069 201 PssixEFATlo
1081 172 1266 201 GENERALIS.
1831 174 1932 203 xxxin

193 249 427 295 Quamquam
455 249 582 295 plures
608 248 705 283 illud
729 249 892 284 alterum
917 249 1039 295 magis
1064 249 1250 296 ambiant,
1277 255 1391 297 atque
1417 250 1464 285 ad
1482 250 1633 285 laudem
1650 251 1857 297 proclivius
1875 251 1929 286 ul-

190 313 247 343 tro
272 308 414 354 rapiat,
442 308 622 354 primum,
650 308 758 354 quasi
776 308 935 342 durioris
954 319 1087 354 operae
1105 320 1174 342 nec
1193 308 1246 343 sic
1264 308 1312 343 ad
1329 308 1481 343 laudem
1498 321 1675 355 pronum,
1700 309 1931 344 eruditorum

189 379 274 413 pars
299 366 464 412 plurima
487 366 661 412 negligat
685 370 798 413 atque
822 370 1024 412 respuat».
1042 388 1089 391 —
1114 365 1198 401 Hoc
1216 367 1318 413 quod
1336 367 1402 401 ille
1431 371 1626 414 oPtaverat
1647 368 1852 414 collegium
1876 381 1930 402 re-

188 438 275 459 vera
287 425 461 459 institum
479 437 558 460 esse
576 425 651 459 iam
670 437 783 471 supra
800 425 1188 460 commemoravimus.
1203 425 1359 460 Interim
1374 426 1414 460 in
1431 426 1598 461 decursu
1608 427 1785 461 undecim
1814 440 1930 462 anno-

186 496 271 518 rum
288 483 337 518 ab
361 483 525 518 alumnis
551 484 663 518 huius
689 483 851 529 Collegii
880 483 913 519 S.
940 483 1227 518 Bonaventurae
1253 488 1291 519 et
1314 484 1363 519 ab
1380 484 1465 519 aliis
1483 485 1594 520 sociis
1612 484 1653 520 P.
1672 484 1829 532 Fidelis,
1850 486 1929 520 sive

186 542 384 577 ordinariis
398 542 477 577 sive
491 542 803 588 extraordinariis,
819 542 976 588 plurimi
990 542 1140 577 codices
1153 543 1412 589 manuscripti,
1429 543 1598 591 undique
1612 544 1826 591 conquisiti,
1843 557 1930 579 cum

186 600 416 635 editionibus
441 600 632 646 impressis
659 600 787 635 collati
814 604 908 635 sunt
931 600 980 634 ad
1005 600 1240 646 colligendas
1266 601 1447 636 lectiones
1473 602 1671 637 variantes.
1703 602 1789 637 Non
1814 603 1927 649 pauci

186 659 331 705 integre
358 659 537 705 descripti
564 663 667 706 sunt,
695 659 726 694 si
751 659 937 705 agebatur
961 659 1007 693 de
1033 671 1144 705 opere
1170 659 1299 706 aliquo
1324 660 1508 695 anecdoto
1534 661 1595 695 vel
1622 674 1668 696 ex
1686 674 1747 696 ore
1765 661 1927 697 dicentis

185 722 354 763 excepto.
381 717 583 764 Improbus
608 718 671 752 hic
696 717 804 753 labor
829 717 1047 752 conferendi
1074 718 1332 764 manuscripta
1358 731 1497 765 magna
1522 732 1568 754 ex
1593 723 1698 766 parte
1730 720 1805 754 iam
1842 732 1925 766 per-

186 775 309 810 fectus
334 780 405 823 est,
432 777 652 822 praesertim
677 789 746 823 pro
772 777 928 811 edendis
955 777 1088 823 primis
1113 777 1282 824 quinque
1308 778 1433 812 tomis.-
1458 777 1543 812 Iure
1580 791 1760 814 vocamus
1798 779 1927 825 impro-

185 834 263 869 bum
286 834 389 869 hunc
414 834 596 881 laborem,
625 836 727 882 quia,
754 839 798 870 ut
821 835 919 870 bene
945 835 1024 881 fiat,
1052 848 1129 870 non
1155 840 1304 870 tantum
1329 836 1532 882 requiritur
1556 849 1695 883 magna
1724 837 1923 884 patientia,

184 893 249 928 sed
274 893 388 928 etiam
413 894 596 940 longioris
621 894 803 940 temporis
821 894 1000 929 studium.
1019 893 1152 941 Neque
1169 894 1262 929 haec
1281 894 1489 941 sufficiunt,
1509 895 1575 930 sed
1592 896 1796 942 requiritur
1812 896 1926 930 etiam

184 965 259 987 non
284 964 418 998 parum
443 953 589 998 ingenii
614 956 728 999 atquc
753 953 957 987 doctrinae.
984 952 1244 999 Manuscripta
1263 954 1370 988 ‘enim
1396 953 1511 988 medii
1536 954 1619 988 aevi
1645 954 1836 990 abundare
1870 967 1927 989 so-

183 1011 264 1045 lent
288 1011 387 1046 notis
414 1011 704 1057 compendiariis
729 1012 808 1047 sive
834 1012 964 1058 siglis,
993 1024 1088 1058 quae
1115 1024 1225 1058 saepe
1251 1016 1340 1047 sunt
1357 1012 1532 1047 lectionis
1549 1012 1702 1059 dubiae,
1722 1014 1838 1048 immo
1857 1013 1926 1047 fal-

184 1069 286 1116 lacis,
317 1074 354 1104 et
382 1070 691 1104 determinandae
717 1083 763 1105 ex
788 1070 965 1105 materiae
991 1070 1258 1105 describendae
1283 1075 1427 1106 natura.

276 1128 338 1162 Ad
362 1132 509 1163 textum
534 1127 816 1163 reformandum
842 1129 956 1163 etiam
982 1129 1124 1175 priores
1149 1129 1334 1164 editiones
1361 1142 1448 1164 cum
1474 1129 1659 1164 Vaticana
1680 1130 1925 1165 conferendas

183 1186 299 1221 fuisse
324 1190 439 1233 patet.
474 1185 651 1228 «Priores
676 1200 855 1233 namque,
884 1200 977 1234 quas
1003 1187 1217 1222 incunabula
1242 1192 1395 1234 vocant,
1424 1188 1502 1222 vim
1527 1188 1670 1223 habent
1695 1188 1772 1223 fere
1797 1201 1925 1235 parem

185 1244 380 1280 codicibus
405 1246 673 1292 manuscriptis
699 1240 793 1281 saec.
812 1245 913 1292 XV.,
933 1246 1006 1280 nisi
1025 1246 1176 1292 probari
1201 1247 1331 1293 possit,
1358 1247 1406 1281 ad
1432 1247 1655 1293 antiquioris
1685 1248 1768 1282 aevi
1795 1260 1925 1282 manu—

183 1304 322 1350 scripta
349 1304 578 1351 exemplaria
608 1316 670 1339 eas
695 1308 845 1339 exactas
872 1304 1011 1351 fuisse3
1038 1305 1110 1340 hoc
1136 1305 1237 1339 enim
1264 1305 1295 1340 si
1320 1305 1557 1352 probaretur,
1584 1306 1663 1340 vim
1689 1305 1765 1340 fere
1796 1319 1925 1352 parem

167 1362 365 1398 'haberent
382 1363 578 1398 codicibus
596 1363 676 1398 eius
694 1363 846 1410 saeculi,
864 1363 912 1398 ad
930 1376 1091 1410 quorum
1107 1376 1278 1399 normam
1296 1376 1406 1398 cusae
1425 1363 1575 1399 fuerint.
1594 1363 1820 1400 Posteriores
1838 1377 1925 1400 vero

182 1422 360 1456 maiorem
385 1422 446 1456 vel
472 1422 655 1457 minorem
680 1422 823 1457 habent
849 1422 928 1456 vim
960 1435 1028 1469 pro
1054 1423 1398 1469 manuscriptorum
1424 1422 1606 1469 qualitate
1625 1427 1663 1457 et
1679 1436 1747 1469 pro
1765 1423 1925 1469 diligen-

181 1480 233 1514 tia
258 1484 296 1515 et
320 1481 475 1527 ingenio
501 1481 595 1527 eius,
624 1482 689 1528 qui
714 1481 763 1515 ad
788 1481 874 1516 illas
907 1481 1150 1527 castigandas
1175 1481 1443 1527 manuscriptis
1469 1481 1665 1516 codicibus
1699 1494 1789 1517 usus
1819 1487 1875 1517 cst
1891 1497 1923 1517 J).

180 1539 304 1574 Huius
328 1540 381 1574 rei
407 1539 625 1586 exemplum
650 1539 895 1575 manifestum
922 1540 998 1574 iam
1024 1540 1227 1575 habuimus
1253 1540 1293 1574 in
1320 1540 1521 1590 collatione
1546 1541 1830 1587 antiquissimae
1848 1541 1925 1575 edi-

181 1599 294 1634 tionis
319 1603 401 1633 tum
426 1599 540 1645 primi
568 1603 648 1633 tum
674 1599 831 1633 secundi
857 1599 946 1633 libri
974 1598 1244 1634 Commentarii
1269 1599 1310 1633 in
1337 1598 1559 1634 Sententias.
1587 1599 1791 1646 Antiquior
1823 1600 1924 1634 enim

181 1658 295 1693 editio
320 1657 545 1704 plerumque
570 1657 725 1692 exhibet
750 1657 932 1692 lectiones
958 1658 1133 1692 codicum
1158 1658 1299 1693 saeculi
1325 1657 1450 1704 XIII.;
1477 1658 1700 1704 posteriores
1727 1671 1814 1693 vero
1848 1658 1924 1693 edi-

180 1717 310 1763 tiones,
338 1728 413 1763 quo
439 1721 527 1751 sunt
543 1716 717 1762 iuniores,
737 1728 780 1751 eo
797 1717 920 1762 magis
944 1729 967 1751 a
991 1717 1187 1763 primitivo
1212 1721 1319 1751 textu
1343 1717 1538 1751 recessisse
1557 1716 1859 1763 comprobantur.
1878 1739 1924 1742 —

181 1775 434 1811 Observamus
458 1779 584 1809 autem
611 1775 735 1821 quoad
760 1774 1065 1810 reformationem
1090 1779 1218 1810 textus
1243 1779 1281 1810 et
1303 1775 1534 1810 notationem
1553 1775 1760 1810 lectionum
1779 1776 1923 1810 varian-

180 1835 292 1880 tium,
319 1846 387 1869 nos
413 1833 612 1879 collegisse
638 1838 675 1868 et
701 1833 926 1869 collecturos
953 1846 1032 1868 esse
1059 1847 1104 1868 ex
1131 1833 1262 1868 multis
1291 1833 1486 1869 codicibus
1505 1838 1542 1869 et
1559 1834 1791 1869 editionibus
1809 1847 1923 1881 quam

180 1893 362 1940 plurimas
387 1892 570 1927 lectiones
597 1892 798 1938 variantes,
819 1905 893 1939 quo
911 1893 1078 1927 securius
1097 1897 1134 1927 et
1151 1892 1288 1927 melius
1305 1897 1431 1927 textus
1456 1893 1591 1939 corrigi
1615 1894 1744 1939 possit.
1778 1909 1792 1924 «
1809 1892 1923 1927 Haud

179 1957 305 1986 tamen
332 1963 393 1986 eas
419 1963 548 1985 omnes
574 1951 696 1985 daturi
723 1963 867 1997 sumus,
896 1964 983 1986 cum
1009 1951 1197 1998 siquidem
1223 1964 1353 1986 omnes
1380 1952 1493 1986 simul
1519 1964 1614 1998 opus
1640 1964 1750 1998 saepe
1778 1952 1918 1998 ipsum,

180 2011 287 2045 cuius
313 2013 416 2056 sunt,
444 2009 543 2044 mole
569 2014 797 2056 superarent.
825 2008 910 2044 Non
936 2010 1038 2044 enim
1064 2010 1174 2045 nobis
1200 2010 1383 2056 probatur
1408 2023 1537 2045 eorum
1562 2011 1671 2057 ratio,
1700 2011 1765 2057 qui
1791 2022 1921 2045 omnes

180 2073 366 2116 quotquot
403 2068 592 2114 colligunt
628 2068 814 2103 variantes
840 2068 1038 2115 lectiones,
1067 2069 1149 2103 sive
1176 2069 1339 2115 optimas
1384 2069 1462 2104 sive
1500 2069 1618 2104 bonas
1662 2069 1740 2104 sive
1777 2069 1921 2103 nullius

179 2128 376 2173 momenti,
403 2139 446 2162 ac
472 2127 533 2161 vel
559 2128 642 2173 ipsa
666 2128 910 2162 oscitantium
937 2127 1175 2163 librariorum
1201 2133 1321 2163 errata
1351 2127 1567 2174 manifesta,
1608 2128 1709 2162 haud
1742 2126 1849 2162 secus
1876 2140 1919 2162 ac

180 2188 211 2222 si
237 2190 361 2221 essent
386 2186 488 2220 nivei
514 2186 729 2232 viridesque
753 2185 893 2233 lapilli,
922 2186 1072 2222 lectoris
1103 2186 1174 2222 sub
1212 2187 1342 2222 oculos
1380 2187 1574 2233 ponendas
1612 2187 1841 2222 existimant.
1875 2186 1919 2221 Id

179 2257 499 2292 supervacaneum
525 2245 721 2291 ducimus,
748 2258 795 2279 ne
821 2245 991 2280 dicamus
1017 2246 1257 2292 damnosum,
1289 2250 1487 2292 propterea
1525 2246 1626 2292 quod
1656 2246 1807 2280 lectoris
1841 2246 1919 2279 ani-

178 2317 283 2339 mum
307 2304 425 2338 nimio
451 2316 517 2338 suo
543 2316 700 2338 numero
725 2303 941 2339 distrahunt
964 2317 1008 2339 ac
1034 2304 1158 2339 taedio
1183 2304 1363 2339 afficiunt.
1391 2303 1635 2350 Colliguntur
1656 2305 1783 2351 itaque
1802 2304 1919 2350 pluri-

178 2375 260 2397 mae
285 2363 627 2408 manuscriptorum
652 2375 696 2396 ac
723 2362 909 2397 editorum
935 2375 1091 2409 operum
1119 2362 1153 2399 S.
1182 2363 1469 2398 Bonaventurae
1496 2363 1677 2398 lectiones
1709 2364 1916 2409 variantes,

178 2426 220 2456 ut
245 2434 290 2455 ex
315 2421 374 2455 his
401 2421 573 2455 meliores
605 2425 642 2455 et
667 2433 713 2455 ex
739 2421 960 2456 melioribus
997 2422 1159 2468 optimas
1198 2421 1365 2467 deligere
1405 2422 1613 2467 valeamus,
1654 2434 1749 2468 quae
1780 2422 1840 2455 vel
1878 2422 1918 2455 in

178 2485 325 2514 textum
350 2479 594 2525 recipiantur,
622 2480 773 2526 quaudo
799 2480 880 2526 ipse
906 2480 1168 2515 emendatione
1195 2492 1304 2526 egere
1330 2480 1494 2526 videtur,
1524 2480 1584 2514 vel
1610 2480 1657 2514 ad
1684 2480 1825 2514 calcem
1852 2493 1917 2526 po-

178 2543 324 2573 nantur.
350 2537 436 2573 Non
464 2551 545 2573 raro
571 2538 685 2572 editio
712 2538 896 2573 Vaticana
933 2538 1133 2573 manifeste
1165 2551 1283 2573 errare
1322 2539 1583 2585 convincitur,
1624 2539 1773 2585 saepius
1804 2539 1940 2589 lectio-

177 2597 360 2643 eiusdem,
389 2597 567 2643 spectatis
592 2609 762 2643 numero,
790 2597 988 2644 qualitate,
1015 2598 1257 2644 antiquitate,
1285 2598 1532 2632 consonantia
1557 2597 1732 2632 codicum
1765 2602 1802 2632 et
1842 2598 1918 2632 edi-

177 2656 323 2690 tionum
348 2655 457 2689 aliter
482 2655 702 2701 legentium,
730 2655 1037 2702 probabilitatem
1063 2656 1126 2690 vel
1151 2656 1304 2702 penitus
1330 2656 1391 2690 Vel
1408 2668 1547 2701 magna
1573 2669 1619 2690 ex
1637 2660 1742 2702 parte
1760 2656 1916 2702 amittit,

177 2727 251 2760 quo
277 2726 366 2748 casu
390 2714 503 2748 lectio
529 2714 703 2748 codicum
729 2713 975 2760 praeferenda
1001 2719 1037 2749 ct
1062 2715 1102 2748 in
1129 2718 1277 2749 textum
1303 2714 1520 2760 recipienda
1545 2719 1610 2749 est.
1639 2713 1733 2749 Cum
1753 2727 1840 2749 vero
1859 2727 1918 2749 co-

177 2773 278 2806 dices
304 2772 541 2818 dissentiunt,
570 2772 629 2806 vel
656 2785 784 2807 corum
810 2772 923 2807 lectio
950 2773 1164 2819 suspicione
1191 2773 1443 2819 corruptionis
1468 2773 1628 2819 laborat,
1656 2773 1718 2807 vel
1736 2786 1803 2819 pro
1821 2778 1919 2807 utra-

177 2843 249 2876 que
274 2835 379 2877 parte
404 2831 606 2864 auctoritas
632 2835 669 2864 et
694 2832 787 2865 ratio
815 2831 971 2874 militat,
1000 2832 1113 2866 lectio
1139 2831 1315 2866 editionis
1342 2831 1546 2866 Vaticanae
1572 2832 1652 2866 iure
1670 2832 1918 2877 possessionis

176 2902 251 2923 11011
278 2894 333 2924 est
358 2889 556 2935 privanda,
585 2889 650 2923 sed
676 2889 714 2923 in
742 2889 858 2923 dubio
885 2890 957 2936 ipsi
986 2890 1191 2924 favendum
1219 2894 1284 2924 est.
1312 2889 1394 2924 Hoc
1422 2890 1461 2924 in
1487 2902 1575 2925 casu
1601 2890 1715 2924 lectio
1733 2890 1918 2925 dissidens

174 2948 349 2982 codicum
376 2947 436 2981 vel
464 2948 674 2982 editionum
699 2948 746 2982 ad
774 2948 916 2983 calcem
942 2949 1195 2983 remittitur».

303 3008 325 3029 S.
342 3008 431 3030 Bonae.
449 3019 480 3023 ——
498 3008 563 3029 Tora.
583 3008 596 3029 l.
1734 3009 1761 3030 U
