2253 3317
74 1381 128 1400 Ratio
141 1381 158 1399 1.

64 1797 130 1815 ‘Ratio
143 1797 160 1815 2.

78 2122 132 2141 Ratio
145 2122 161 2140 3.

908 135 991 163 DIST.
1013 134 1053 162 111.

253 216 278 243 5.
300 214 339 243 Ad
361 213 430 243 illud
452 213 527 250 quod
547 212 666 242 ultimo‘
687 212 831 247 obiicitur,
852 212 927 249 quod
949 211 1017 240 diffi-

175 261 255 290 cilius
270 263 311 289 est
326 267 491 297 cognoscere
502 260 656 293 mundum3
672 258 820 287 dicendum
830 281 837 292 ,
852 258 926 295 quod
942 257 1016 286 istud

174 307 351 343 intelligItur,
373 306 516 342 supposito
531 306 624 334 divino
638 305 826 339 adminiculo;
855 304 1016 341 simpliciter

173 355 266 381 autem
287 352 426 389 loquendo
445 352 545 381 salsum
561 354 610 381 est.
625 351 711 380 Citius
726 351 799 380 enim
821 351 1016 388 disponeretur

173 400 257 428 homo
271 399 306 427 ad
328 398 427 432 fidem,
443 406 527 436 quam
542 398 699 435 acquireret
712 397 720 410 ²
737 397 918 434 cognitionem
930 397 1017 433 philo-

917 485 1040 521 SGHO

234 576 248 598 l.
267 576 348 604 Quoad
365 576 546 604 propositionem
563 575 585 596 in
604 580 679 602 corp.‚
697 580 757 602 quae
774 573 875 596 attribuit
895 574 1014 595 haereticis

170 615 271 643 aliquem
297 614 400 636 habitum
424 613 492 641 fidei,
518 613 650 640 sciendum,
677 612 741 641 quod
764 612 848 639 duplex
865 611 1013 639 distinguitur

173 653 263 675 habitus
280 652 345 680 fidei,
364 653 410 674 scil.
430 652 519 674 infusus
536 653 558 673 et
575 652 712 679 acquisitus,
730 654 752 673 et
768 651 804 673 hic
821 654 855 673 cst
872 650 959 672 ordinis
976 656 1012 671 na-

172 691 257 714 turalis.
275 691 418 719 Aequisitum
436 689 539 712 habitum
555 690 592 711 vel
610 690 653 717 ipsi
676 689 782 711 haeretici
805 689 911 710 formales
928 687 1013 710 habere

172 732 274 758 possunt.

234 768 302 790 Recte
319 767 402 790 (licitur
423 768 445 789 in
469 768 535 789 solut.
553 767 582 789 ad
609 766 635 793 4,
654 766 717 795 quod
740 767 840 794 cognitio
863 766 970 793 imaginis
987 766 1014 787 sit

172 806 242 829 solius
259 806 319 828 fidei.
336 806 414 834 Imago
432 807 503 834 enim,
517 807 538 828 in
551 808 662 834 quantum
675 806 758 833 imago,
772 805 825 827 dicit
842 808 972 833 respectum
985 804 1014 826 ad

171 845 195 868 id
211 846 276 868 cuius
291 847 325 868 est
336 846 419 873 imago.
438 845 516 867 Nullus
533 848 609 867 autem
621 846 739 872 respectus
756 847 830 872 potest
847 844 953 871 cognosci
972 843 1013 865 nisi

175 885 265 912 cognito
283 887 381 913 utroque
399 887 507 906 extremo.
520 884 581 906 Licet
592 884 661 911 igitur
673 885 824 911 cognoscatur
840 882 1014 904 tundamentum

757 959 855 987 DUBIA
876 958 969 987 (ΗΒΕΑ
990 958 1042 986 LIT

537 1020 603 1072 Dus.
630 1044 648 1072 1.

249 1137 279 1166 In
293 1139 372 1174 parte
387 1136 439 1165 ista
453 1138 518 1165 sunt
533 1136 719 1165 dubitationes
740 1136 814 1164 circa
835 1135 955 1163 litteram
980 1135 1014 1163 de

172 1184 326 1214 rationibus
347 1184 418 1218 illis,
434 1191 504 1220 quas
518 1183 595 1220 ponit
609 1183 737 1219 Magister
752 1185 888 1219 quantum
913 1183 948 1211 ad
974 1191 1015 1211 ra-

173 1232 275 1260 tionem
296 1231 433 1268 probandi
461 1233 489 1259 et
517 1230 593 1258 vim³
612 1229 764 1264 inferendi,
790 1229 856 1266 quia
882 1229 1014 1258 videntur

172 1286 268 1307 omnes
279 1278 323 1306 vel
339 1285 394 1306 non
409 1277 502 1306 valere
518 1277 561 1306 vel
577 1277 695 1305 dubium
710 1284 876 1313 supponere.

250 1325 341 1353 Prima
355 1332 476 1361 namque
491 1324 561 1352 ratio
582 1324 644 1353 talis
659 1323 728 1352 est⁴.
751 1323 803 1359 Qui
827 1326 918 1360 potest
939 1323 1014 1360 quod

171 1371 248 1400 nulla
267 1374 396 1400 creatura
411 1372 512 1408 potest,
534 1372 576 1399 est
596 1378 682 1407 supra
703 1377 814 1398 omnem
839 1372 1014 1403 creaturam,

172 1418 220 1447 sed
256 1418 303 1454 qui
338 1417 401 1446 fecit
430 1416 568 1445 mundum
596 1416 701 1450 istum,
732 1416 795 1445 fecit
830 1416 905 1453 quod
936 1416 1014 1444 nulla

171 1467 260 1502 potest
284 1466 426 1493 creatura:
453 1471 519 1500 ergo
540 1471 595 1491 non
619 1466 661 1492 est
685 1465 829 1497 creatura,
853 1462 902 1491 sed
927 1471 1012 1500 super

172 1518 284 1539 omnem
299 1513 465 1539 creaturam.
482 1510 512 1538 Et
526 1509 621 1547 incipit
635 1509 704 1538 haec
725 1509 796 1537 ratio
810 1509 862 1537 ibi:
886 1509 964 1538 Nam
978 1509 1015 1537 si-

173 1560 220 1586 cut
241 1557 285 1585 ait
310 1556 501 1589 Ambrosius,
525 1559 558 1584 ut
578 1556 656 1584 Deus
671 1559 722 1585 etc.
740 1556 769 1584 In
790 1556 842 1584 ista
857 1556 963 1585 ratione
977 1556 1015 1584 vi-

175 1604 258 1632 detur
273 1603 392 1640 supponi
407 1603 514 1640 duplex
524 1602 534 1617 ⁵
549 1602 683 1637 dubium,
698 1602 827 1631 videlicet
847 1602 922 1639 quod
937 1611 1016 1631 mun-

173 1650 226 1679 dus
258 1650 309 1678 iste
341 1650 376 1678 sit
405 1649 510 1684 factus,
542 1652 568 1678 et
599 1649 674 1686 quod
690 1651 818 1677 creatura
843 1648 935 1685 ipsum
960 1657 1015 1677 non

174 1697 260 1734 possit
274 1697 380 1730 facere,
405 1703 527 1733 quorum
547 1698 700 1732 utrumque
721 1699 763 1724 est
783 1696 865 1724 valde
887 1696 1013 1724 dubium.

252 1742 379 1771 Secunda
401 1742 471 1770 ratio
492 1745 533 1770 est
553 1737 622 1770 11300
633 1741 650 1769 ⁶.
667 1742 719 1778 Qui
734 1741 797 1770 fecit
812 1742 968 1778 corporalia
989 1745 1015 1770 et

175 1789 290 1826 spiritus
305 1788 469 1822 mutabiles,
484 1790 526 1816 est
540 1795 625 1824 super
639 1788 731 1816 omnia
746 1788 901 1824 corporalia
915 1791 942 1816 et
956 1796 1016 1816 mu-

173 1835 283 1863 tabilia:
306 1842 372 1871 ergo
386 1837 427 1863 est
448 1833 593 1871 spirituale
615 1836 642 1862 et
664 1834 845 1862 immutabile.
868 1834 914 1863 Hic
943 1834 1016 1862 simi-

175 1881 237 1910 liter
252 1881 364 1910 videtur
380 1881 501 1917 supponi
514 1880 645 1914 dubium,
665 1880 740 1917 quod
754 1880 829 1909 Deus
847 1880 942 1909 fecerit
963 1881 1015 1917 spi-

173 1928 251 1956 ritus.
278 1929 309 1956 Et
333 1928 448 1962 iterum,
472 1935 528 1955 non
552 1927 679 1963 sequitur
701 1934 737 1955 ex
752 1927 816 1961 hoc,
832 1927 931 1963 quodsi
952 1927 1016 1956 fecit

174 1975 331 2009 mutabilia,
354 1974 448 2011 quod⁷
470 1974 505 2002 sit
526 1973 723 2007 immutabilis,
752 1973 837 2001 11111110
858 1974 951 2010 potius
978 1974 1016 2002 vi-

175 2021 257 2050 detur
280 2021 358 2057 sequi
379 2020 550 2057 oppositum,
566 2020 670 2049 scilicet
685 2020 760 2057 quod
775 2020 810 2048 sit
824 2020 974 2049 mutabilis.

254 2067 345 2095 Tertia
360 2067 430 2094 ratio
444 2067 512 2095 11300
527 2069 576 2095 051.
592 2066 644 2102 Qui
658 2066 723 2095 fecit
737 2066 809 2094 bona
833 2069 859 2095 et
884 2066 1015 2101 meliora,

176 2116 217 2143 est
237 2113 358 2150 optimus
366 2124 374 2148 3
394 2112 443 2142 sed
470 2112 545 2141 Deus
569 2112 632 2141 fecit
654 2113 822 2149 corporalia,
851 2121 923 2150 quae
951 2116 1016 2142 sunt

1075 134 1181 163 DUBIA.
1877 133 1912 160 77

1073 211 1194 248 sophiae.
1209 211 1366 239 Intellectus
1387 212 1479 238 tamen
1494 211 1587 238 noster
1602 209 1665 246 plus
1679 211 1769 246 potest
1782 209 1810 236 111
1825 209 1914 246 cogni-

1073 257 1173 285 tionem
1189 265 1284 285 rerum
1300 256 1505 285 mundanarum
1522 263 1605 292 quam
1621 255 1772 290 Trinitatis;
1787 256 1852 292 quia
1867 256 1913 284 illa

1073 306 1114 332 est
1125 311 1211 340 supra
1222 303 1372 337 rationem,
1388 305 1415 331 et
1430 303 1600 331 contrarium
1612 303 1672 331 eius
1682 302 1758 331 videt
1772 302 1799 330 111
1815 310 1912 334 sensu;

1043 349 1046 429 ἱ
1074 352 1099 378 01
1120 349 1182 378 ideo
1203 349 1307 386 indiget
1331 357 1402 377 nova
1433 349 1584 377 elevatione
1597 372 1603 383 ,
1634 351 1729 385 utpote
1760 348 1913 385 cognitione

1073 404 1122 433 per
1144 391 1318 424 infusionem.

1051 485 1178 520 LION.

1070 573 1184 595 relationis
1200 572 1225 594 iu
1242 571 1336 600 nolimu,
1356 573 1369 594 i.
1387 578 1406 594 e.
1429 573 1507 600 imago
1524 571 1679 595 materialiter
1693 573 1815 601 intellecta,
1838 576 1913 596 tamen

1073 617 1116 633 non
1136 611 1283 639 cognoscitur
1299 609 1434 639 formaliter
1452 613 1476 632 ut
1492 610 1584 639 imaqo,
1603 611 1713 639 quamdiu
1731 612 1786 633 alter
1804 613 1914 634 terminus

1070 650 1183 672 relationis
1200 655 1245 671 non
1263 650 1416 677 cognoscitur,
1434 655 1517 677 nempe
1534 652 1580 671 tres
1597 656 1708 677 personae
1725 650 1822 672 (livinae.

1134 689 1157 710 Il.
1176 689 1198 710 S.
1216 688 1314 716 Bonav.,
1332 688 1445 716 Breviloq.
1463 694 1485 715 p.
1497 686 1517 709 'l.
1531 694 1549 710 c.
1563 689 1583 710 2.
1595 700 1626 704 —
1639 688 1698 710 Alex.
1717 688 1777 716 Hal,
1790 689 1812 710 S.
1824 695 1846 716 p.
1865 689 1878 711 1.
1891 696 1913 718 q.

1073 728 1092 749 Ξ.
1105 733 1135 749 m.
1155 727 1175 749 sl.
1193 733 1212 748 a.
1225 727 1246 748 3.
1258 739 1290 742 -
1306 727 1373 754 scot,
1393 726 1499 754 Quodlib.
1517 732 1538 755 q.
1558 726 1593 748 14.
1611 739 1642 742 -
1659 727 1680 749 S,
1694 727 1784 755 Thom.‚
1797 728 1839 749 hic.
1852 734 1873 756 q.
1897 729 1912 750 l.

1072 773 1091 787 a.
1110 765 1138 793 4;
1156 766 1177 787 S.
1196 765 1209 787 l.
1228 771 1249 793 q.
1268 765 1304 787 32.
1322 771 1341 787 a.
1361 765 1380 786 1.
1397 777 1429 781 --
1445 765 1468 786 Β.
1486 764 1578 793 Α1])011.,
1592 766 1628 787 1110
1645 771 1664 787 3.
1687 766 1723 793 18;
1742 766 1763 787 S.
1781 772 1804 794 p.
1821 766 1835 788 I.
1853 769 1879 788 tr.
1893 767 1912 788 3.

1072 811 1093 833 q.
1114 804 1149 826 13.
1167 810 1196 825 111.
1216 804 1236 825 3.
1258 816 1290 819 -
1314 803 1371 825 Petr.
1398 810 1410 825 a
1428 804 1494 831 Tar.,
1513 804 1556 826 hic.
1576 810 1597 832 q.
1616 805 1637 826 2.
1655 810 1674 826 a.
1693 805 1713 826 2.
1730 817 1761 820 —
1777 805 1883 827 Richard.
1901 811 1913 827 a

1073 842 1129 864 Med.
1140 860 1145 870 ,
1163 843 1200 864 1110
1216 848 1235 864 a.
1254 843 1274 864 2.
1293 848 1314 870 q.
1333 843 1354 864 2.
1366 854 1398 858 —
1410 842 1484 870 AEgId.
1497 842 1535 870 R.‚
1554 843 1589 864 1110
1605 843 1622 864 l.
1635 843 1706 870 princ.
1725 850 1746 871 q.
1765 843 1786 865 4.
1803 855 1834 860 —-
1845 844 1912 866 Henr.

1073 881 1152 909 fiand„
1170 881 1192 902 S.
1210 887 1229 903 a.
1248 881 1284 902 22.
1303 887 1324 909 q.
1343 880 1363 903 4.
1381 887 1402 903 n.
1421 881 1457 903 25.
1474 893 1506 897 —
1523 881 1614 908 Dionys.
1632 881 1715 910 Carth,
1732 883 1768 905 hic
1785 889 1807 911 q.
1826 882 1845 904 4.

1045 958 1155 986 TERAM
1176 957 1335 986 MAGISTRI.

1071 1043 1155 1076 bona,
1170 1045 1197 1071 et
1211 1043 1378 1079 spiritualia,
1394 1050 1465 1080 quae
1481 1046 1546 1072 sunt
1560 1043 1686 1071 meliora:
1703 1051 1769 1080 ergo
1783 1044 1857 1072 Deus
1872 1047 1913 1073 est

1071 1090 1201 1126 optimus.
1224 1089 1294 1118 Haec
1309 1089 1436 1118 similiter
1461 1089 1531 1118 ratio
1552 1089 1663 1118 videtur
1688 1089 1794 1118 nullam
1809 1090 1913 1119 habere

1071 1136 1276 1173 apparentiam,
1291 1136 1357 1172 quia
1371 1140 1437 1164 tunc
1452 1136 1579 1164 similiter
1594 1136 1710 1173 quilibet
1724 1136 1838 1170 artifex,
1864 1137 1912 1174 qui

1071 1182 1135 1211 facit
1162 1182 1234 1210 bona
1265 1185 1292 1210 et
1322 1182 1450 1216 meliora,
1479 1182 1571 1211 essetS
1601 1182 1738 1219 optimus,
1760 1183 1835 1219 quod
1866 1184 1913 1211 fal-

1071 1237 1134 1258 sum
1156 1232 1205 1258 est.

1149 1276 1254 1312 Quarta
1269 1275 1339 1303 ratio
1354 1275 1423 1303 haec
1448 1277 1498 1303 est.
1523 1275 1575 1311 Qui
1600 1275 1664 1304 fecit
1687 1276 1786 1312 pulcra
1807 1279 1833 1305 et
1854 1277 1913 1313 pul·
1926 1275 1981 1293 *³³⁶⁰
1994 1275 2011 1293 4*

1071 1323 1174 1356 criora,
1200 1325 1242 1351 est
1266 1322 1326 1359 ipsa
1347 1322 1508 1358 pulcritudo
1533 1322 1590 1350 sive
1612 1323 1730 1359 species,
1751 1326 1778 1351 et
1798 1323 1851 1352 1100
1871 1326 1913 1352 051

1071 1369 1320 1406 speciosissimum,
1333 1368 1381 1397 sed
1393 1368 1530 1398 videmus.
1543 1368 1698 1405 corporalia
1709 1376 1769 1397 esse
1781 1370 1912 1406 speciosa,

1070 1418 1097 1444 et
1121 1414 1279 1452 spiritualia
1303 1422 1364 1443 esse
1379 1414 1579 1451 speciosiora&
1602 1422 1669 1451 ergo
1683 1415 1731 1451 qui
1746 1415 1809 1443 fecit
1830 1416 1911 1450 haec,

1071 1464 1112 1491 est
1127 1462 1355 1499 speciosissimus.
1372 1461 1503 1490 Similiter
1524 1461 1648 1495 videtur,
1669 1461 1745 1498 quod
1762 1470 1821 1490 ‘nec
1842 1462 1912 1490 ratio

1071 1508 1212 1545 praedicta
1233 1508 1324 1536 valeat
1345 1510 1459 1544 propter
1480 1507 1651 1544 praedictam
1673 1507 1839 1536 instantiam.

1149 1554 1216 1582 Item
1238 1554 1384 1590 quaeritur
1400 1553 1435 1582 (10
1450 1553 1608 1582 differentia
1629 1553 1747 1582 istarum
1768 1555 1917 1589 rationum,
1931 1554 2053 1597 ffiffigtggadss

1071 1603 1098 1629 et
1120 1600 1260 1637 quomodo
1281 1600 1501 1636 distinguuntur.
1532 1599 1565 1627 Si
1592 1599 1691 1633 (11035,
1720 1600 1791 1629 sicut
1819 1601 1915 1629 dicunt
1928 1606 1998 1620 earum*

1071 1647 1174 1684 aliqui,
1206 1647 1281 1684 quod
1313 1649 1378 1675 sunt
1409 1648 1531 1683 quatuor
1562 1652 1646 1683 penes
1672 1649 1792 1683 quatuor
1814 1655 1915 1684 genera

1071 1701 1233 1727 causarum,
1254 1694 1307 1722 hoc
1328 1693 1397 1721 nihil
1413 1696 1468 1727 est,
1484 1693 1549 1729 quia
1564 1700 1651 1729 genus
1673 1700 1773 1721 causae
1788 1694 1914 1722 materia-

1071 1741 1104 1769 lis
1120 1748 1175 1768 non
1190 1740 1263 1769 cadit
1278 1740 1305 1768 in
1319 1739 1384 1768 Deo.
1400 1739 1434 1767 Si
1447 1739 1543 1772 dicem,
1559 1740 1634 1776 quod
1655 1747 1740 1776 penes
1761 1740 1858 1769 modos
1874 1748 1915 1769 co-

1071 1786 1236 1823 gnoscendi3
1259 1790 1379 1814 contra.-
1405 1794 1460 1814 non
1489 1788 1554 1814 sunt
1581 1786 1633 1814 nisi
1662 1789 1734 1821 tres,
1756 1786 1859 1815 scilicet
1886 1787 1914 1815 in

1073 1833 1178 1861 ratione
1200 1840 1315 1867 causae,
1336 1833 1483 1861 ablationis
1497 1835 1524 1861 et
1538 1832 1720 1861 excellentiae
1730 1832 1757 1860 ¹⁰.

1149 1880 1323 1908 Rnsponnno:
1346 1879 1513 1913 Dicendum,
1528 1879 1603 1916 quod
1625 1887 1721 1908 omnes
1742 1880 1810 1908 istae
1833 1880 1914 1908 ratio-

1071 1934 1120 1955 nes
1134 1926 1170 1955 ad
1195 1926 1288 1960 hoen,
1310 1929 1341 1954 ut
1356 1925 1474 1962 probent
1495 1928 1522 1954 et
1544 1926 1677 1960 inferant,
1692 1929 1853 1962 supponunt
1867 1926 1913 1954 ali-

1070 1973 1145 2010 quod
1160 1976 1276 2001 certum.
1302 1972 1393 2001 Prima
1418 1972 1576 2001 011111113110
1591 1973 1733 2010 supponit,
1756 1973 1831 2010 quod
1852 1979 2045 2011 pro-,Summano

1072 2020 1165 2048 ductio
1189 2019 1229 2048 rei
1254 2020 1288 2048 de
1312 2019 1400 2048 nihilo
1424 2028 1479 2048 nou
1503 2022 1593 2056 potest
1616 2028 1676 2049 esse
1691 2020 1744 2049 nisi
1758 2029 1774 2048 3
1792 2021 1914 2057 potentia
1924 2008 1943 2021 ¹⁰
1953 2006 2026 2023 ‘mne
2036 2004 2053 2022 1'

1073 2066 1185 2094 infinita.
1202 2066 1255 2094 Hoc
1270 2066 1425 2102 supposito,
1440 2073 1505 2094 cum
1520 2068 1628 2094 certum
1650 2066 1694 2100 sit,
1712 2066 1819 2094 nullam
1840 2074 1914 2106 crea-

1071 2117 1164 2142 turam
1186 2113 1290 2141 habere
1313 2112 1464 2149 potentiam
1489 2112 1625 2141 infinitam
1637 2112 1666 2147 ¹²,
1681 2113 1817 2150 sequitur,
1838 2114 1913 2150 quod

237 2222 244 2236 1
262 2221 310 2251 Ope
327 2228 381 2244 mss.
399 2221 560 2244 substituimus
576 2220 659 2244 ultimo
671 2227 714 2249 pro
726 2220 828 2245 ulterius
845 2225 867 2245 01
884 2223 1015 2246 immediate

174 2263 226 2290 post
241 2260 386 2283 adiunximus
402 2259 470 2290 quod.

236 2300 246 2315 ²
263 2299 318 2322 Cod.
337 2299 355 2321 Y
372 2305 445 2329 quam
462 2299 493 2322 ad
509 2298 695 2329 acquirendam;
711 2299 776 2321 lectio
793 2300 855 2322 haud
878 2300 1014 2328 spernenda.

237 2338 247 2353 3
263 2338 337 2366 Aliqui
356 2338 422 2360 codd.
449 2340 473 2360 ut
489 2338 510 2360 X
520 2338 539 2360 Y
557 2344 599 2366 pro
616 2337 664 2361 vim
680 2339 756 2360 minus
772 2337 832 2361 bene
842 2344 933 2367 verum,
948 2339 1015 2361 codd.

175 2377 210 2399 Gl
226 2376 286 2399 inde.
309 2376 358 2398 Mox
370 2383 396 2399 ex
408 2382 462 2399 mss.
476 2379 497 2399 et
508 2376 544 2399 ed.
558 2377 565 2398 1
583 2380 635 2404 post
647 2382 726 2399 omnes
739 2377 899 2405 supplevimus
910 2377 952 2400 vel.

238 2414 247 2429 ⁴¹
265 2415 322 2442 Vat.⁷
340 2415 548 2437 contradicentibus
565 2421 619 2437 mss.
638 2418 660 2437 et
676 2415 712 2437 ed.
731 2415 756 2443 ¹1,
775 2416 856 2437 omittit
876 2421 978 2445 namque
995 2418 1017 2438 et

176 2453 230 2477 talis
247 2454 286 2476 est.
305 2454 373 2475 Paulo
390 2454 446 2476 infra
463 2457 515 2482 post
530 2453 600 2476 nulla
616 2453 652 2476 bis
668 2453 713 2476 fide
729 2456 802 2476 textus
814 2454 913 2482 Magistri
930 2461 1017 2483 expun-

176 2494 251 2515 ximus
267 2491 328 2520 alz'ct,
348 2494 426 2520 utpote
443 2492 588 2521 distorquens
605 2499 705 2521 sensum,
723 2493 774 2515 licet
790 2494 865 2522 primo
883 2493 932 2515 loco
949 2494 1016 2515 etiam

177 2532 199 2553 in
216 2537 270 2553 mss.
288 2532 311 2552 ct
327 2530 362 2553 ed.
382 2531 389 2552 1
412 2531 546 2553 inveniatur.
563 2531 650 2553 Deinde
666 2530 738 2553 verba
756 2531 784 2554 Et
800 2531 882 2561 incipit
897 2538 971 2560 usque
988 2532 1017 2554 ad

177 2569 240 2593 Deus
257 2569 339 2591 desunt
355 2570 377 2591 in
395 2569 453 2597 Vnt„
471 2570 512 2592 sed
528 2573 615 2593 exstant
631 2572 653 2592 in
671 2577 725 2593 mss.
743 2574 765 2594 et
782 2571 817 2593 ed.
837 2572 857 2593 1.

239 2609 249 2623 ⁵
265 2609 295 2631 Ex
315 2609 419 2636 plurimis
441 2615 495 2631 mss.
513 2612 535 2631 et
551 2610 586 2632 ed.
606 2610 614 2631 1
636 2610 796 2633 substituimus
807 2610 896 2639 dupleoe
908 2611 957 2632 loco
974 2609 1018 2632 du-

175 2647 281 2677 pliciter,
301 2648 363 2676 quod
381 2648 430 2669 Vat.
449 2649 525 2671 minus
541 2648 599 2671 bene
617 2648 691 2671 habet.
709 2648 764 2672 Cod.
782 2649 788 2671 l
806 2654 950 2679 supponere,
966 2655 1017 2677 sup·

179 2687 228 2715 ple:
246 2687 358 2715 Magister.

241 2725 250 2740 ὓ
268 2726 318 2748 Vat.
336 2727 372 2748 hic
390 2728 412 2747 et
428 2725 536 2754 deinceps
563 2729 615 2754 post
636 2725 698 2749 ratio
715 2727 797 2749 omittit
813 2728 846 2749 est
862 2726 934 2754 haec;
951 2727 1017 2753 item,

177 2764 348 2792 refragantibus
372 2770 426 2786 mss.
452 2767 474 2786 et
499 2764 535 2786 ed.
554 2765 579 2793 1,
597 2771 650 2787 mox
668 2768 728 2793 post'
744 2765 869 2787 mutabilia
886 2766 940 2793 legit
956 2764 1018 2787 Deus

180 2803 213 2825 est
229 2802 378 2825 huiusmodi:
396 2808 451 2832 erqo
469 2802 531 2825 Deus
547 2804 581 2825 est
596 2802 719 2832 spirituale
735 2803 887 2826 immutabile.

1134 2223 1143 2238 8
1161 2223 1211 2245 Vat.
1229 2223 1274 2250 est,
1302 2222 1343 2244 sed
1368 2221 1458 2244 obstant
1481 2228 1535 2244 mss.
1553 2225 1575 2244 et
1591 2221 1627 2244 ed.
1646 2222 1666 2244 ll.
1684 2222 1753 2244 Paulo
1770 2223 1821 2244 ante
1838 2221 1888 2244 cod.
1906 2222 1913 2244 l

1071 2261 1124 2291 fecit
1140 2267 1183 2289 pro
1199 2260 1262 2290 facit.

1133 2301 1143 2315 ⁹
1161 2301 1190 2323 lta
1209 2300 1276 2322 codd.
1295 2306 1348 2322 cum
1366 2299 1418 2322 edd.
1446 2300 1470 2327 1,
1489 2300 1515 2327 2,
1535 2299 1560 2327 3,
1579 2299 1620 2321 sed
1637 2299 1700 2322 Vat.:
1719 2298 1765 2322 Sed
1784 2299 1847 2322 Deus
1863 2299 1916 2329 fecit

1073 2338 1159 2368 pulcra
1176 2338 1223 2361 sive
1241 2337 1351 2368 speciosas
1362 2337 1421 2367 quia
1439 2337 1586 2366 corporalia,
1607 2338 1629 2360 et
1644 2337 1785 2367 speciosiora
1801 2338 1857 2367 quia
1873 2338 1915 2367 spi-

1074 2377 1189 2405 1·ilualia‚-
1206 2379 1227 2399 et
1244 2377 1312 2404 paulo
1331 2377 1388 2398 insi-a
1405 2379 1482 2398 contra
1500 2382 1554 2398 mss.
1567 2379 1589 2398 et
1605 2376 1641 2398 ed.
1655 2377 1663 2398 1
1683 2376 1777 2399 videtur
1793 2376 1854 2399 ratio
1872 2376 1916 2399 ista

1074 2422 1120 2438 nou
1137 2414 1221 2438 calere.

1136 2453 1155 2467 ¹⁰
1166 2453 1267 2480 Dionys„
1280 2452 1308 2474 de
1320 2452 1371 2474 Div.
1383 2453 1448 2474 Nom.
1461 2459 1480 2475 0.
1492 2452 1514 2475 7.
1526 2452 1547 2481 S.
1561 2453 1573 2474 3
1584 2458 1589 2474 ;
1601 2452 1643 2474 Via
1653 2455 1674 2475 ct
1684 2452 1763 2474 ordine
1773 2459 1814 2480 pro
1826 2452 1915 2475 viribus

1073 2492 1218 2515 ascendimus
1230 2491 1253 2512 in
1266 2489 1378 2514 ablatione
1391 2493 1413 2513 et
1425 2492 1446 2512 in
1459 2491 1612 2519 superlatione
1624 2492 1727 2513 omnium
1744 2494 1766 2513 et
1778 2491 1799 2512 in
1812 2491 1915 2512 omnium

1073 2537 1149 2553 Causa.
1167 2529 1211 2552 Csr.
1224 2529 1284 2551 Alex.
1297 2530 1357 2557 Η31,,
1370 2529 1391 2550 S.
1405 2535 1427 2557 p.
1446 2529 1459 2551 l.
1473 2535 1494 2557 q.
1508 2528 1544 2551 48.
1561 2535 1591 2550 m.
1605 2529 1625 2550 2.
1644 2535 1663 2551 a.
1679 2529 1696 2550 1.
1709 2540 1740 2544 -
1756 2529 1778 2550 S.
1798 2529 1887 2557 Thom.⁷
1900 2529 1914 2551 Ι.

1074 2570 1134 2591 Sent.
1147 2569 1168 2591 d.
1182 2570 1202 2591 3.
1216 2576 1238 2597 p.
1256 2570 1270 2591 l.
1288 2569 1370 2591 divisio
1379 2571 1458 2591 textus
1476 2580 1507 2584 —
1524 2568 1573 2591 Vat.
1592 2569 1628 2590 hic
1645 2568 1719 2590 addit:
1736 2568 1772 2591 Ad
1780 2567 1916 2591 obtat-tiones

1075 2609 1156 2631 contra
1175 2608 1280 2637 quatuor
1295 2606 1399 2629 rationes
1416 2606 1465 2629 iam
1481 2606 1556 2629 <lictus
1572 2606 1742 2635 respondetur,
1767 2606 1830 2635 quod
1852 2606 1916 2630 deest

1074 2647 1096 2668 in
1113 2652 1167 2668 mss.
1185 2648 1207 2667 et
1223 2645 1259 2667 ed.
1281 2646 1298 2666 l.
1567 2650 1570 2652 Α

1137 2684 1155 2698 1¹
1174 2685 1322 2706 Restituimus
1339 2690 1365 2706 ex
1382 2689 1436 2706 mss.
1455 2687 1476 2705 et
1492 2683 1528 2705 ed.
1547 2684 1554 2705 l
1577 2683 1647 2705 verba
1665 2683 1697 2706 ad
1717 2683 1766 2706 hoc.
1784 2684 1915 2706 lmmediate

1076 2725 1127 2751 post
1144 2722 1210 2745 codd.
1228 2722 1273 2744 EY
1290 2722 1353 2751 quod
1370 2723 1419 2745 loco
1436 2724 1470 2751 ut,
1485 2729 1510 2745 ac
1523 2723 1591 2750 paulo
1609 2723 1665 2744 int'ra
1685 2722 1765 2750 plures
1782 2722 1848 2744 codd.
1867 2726 1891 2745 ut
1908 2723 1914 2744 l

1077 2763 1094 2784 lt
1112 2769 1138 2784 aa
1155 2762 1187 2784 bb
1205 2763 1221 2783 ff
1236 2762 1332 2785 tertium
1350 2768 1392 2790 pro
1410 2763 1506 2785 certum.

1138 2801 1158 2816 ¹²
1174 2802 1275 2829 Aristot,
1293 2801 1346 2824 Vlll.
1365 2802 1431 2829 Phys.
1455 2804 1505 2823 text.
1523 2801 1559 2823 79.
1584 2800 1611 2825 (c.
1629 2800 1677 2828 ult.)
1704 2801 1763 2823 iuxta
1781 2801 1816 2823 ed.
1835 2801 1914 2823 Venet.

241 2841 251 2856 ⁷
268 2842 317 2863 Vat.
337 2844 427 2869 practer
444 2841 513 2863 fidem
531 2847 585 2864 mss.
603 2845 625 2864 et
641 2842 676 2864 ed.
695 2843 703 2864 »1
733 2842 808 2872 quod,
828 2842 883 2872 quia
901 2842 955 2871 fecit
970 2849 1019 2865 mu-

179 2879 273 2908 tabilia,
293 2880 342 2903 ideo
359 2880 395 2904 sil.

1081 2840 1150 2863 1489:
1174 2841 1221 2862 Non
1247 2846 1302 2868 crgo
1320 2840 1375 2862 finiti
1392 2843 1426 2863 est
1443 2841 1541 2869 potentia
1559 2840 1651 2862 infinita.
1669 2840 1734 2862 Forte
1751 2840 1801 2862 cod.
1820 2840 1840 2861 X
1858 2841 1915 2861 hanc

1077 2881 1257 2908 propositionem
1274 2879 1382 2907 intendit,
1400 2880 1451 2902 licet
1468 2880 1523 2901 falso
1535 2879 1615 2907 alleget
1628 2878 1680 2902 libr.
1692 2879 1731 2901 IV.
1744 2878 1812 2909 Phys.
1824 2891 1855 2895 —
1866 2879 1914 2900 Mox
