2253 3317
31 997 34 1001 .
43 972 73 992 A'd
89 978 147 997 oppo-

19 999 81 1016 situm.

792 96 876 124 DIST.
898 96 929 125 V.
950 95 1023 124 ART.
1044 95 1062 123 Ι.
1085 95 1220 131 QUAEST.
1241 95 1271 124 ΙΙ.

160 177 209 207 sed
235 177 378 214 Scriptura
398 183 453 204 non
478 174 544 203 dicit
565 174 616 203 nisi
638 181 738 203 verum
769 181 820 202 nec
847 173 1006 210 frequentat

158 224 211 253 nisi
232 223 391 261 proprium:
414 230 481 259 ergo
506 221 667 258 praedictus
688 227 781 249 sermo
802 222 844 249 est
865 227 950 249 verus
977 221 1005 248 et

159 270 300 308 proprius.

237 318 263 345 Ξ.
284 316 363 350 Item,
385 315 499 343 ratione
520 314 676 343 ostenditur
697 313 748 342 sic:
770 313 942 350 quicumque
962 315 1005 341 est

158 363 193 391 ab
220 362 333 399 aliqu0¹
361 364 389 390 θῖ
416 364 458 390 θεῖ
485 361 509 390 ei
534 360 790 394 consubstantialis,
815 362 857 388 est
881 359 916 388 de
943 359 1004 388 eius

158 409 326 443 substantia3
356 408 405 437 sed
433 408 517 436 Filius
545 410 587 436 est
614 416 631 436 a
658 407 738 435 Patre
765 409 793 435 et
820 409 862 435 θεῖ
888 406 913 434 ei
943 414 1005 434 con-

158 456 359 485 substantialis:
381 463 448 491 ergo
469 457 511 483 est
532 455 566 483 de
588 454 648 483 eius
670 452 833 482 substantIa.

237 503 262 532 3.
284 503 364 537 Item,
385 502 465 530 Pater
480 504 595 538 generat
609 500 720 529 FiIIum:
742 502 791 529 aut
815 508 882 537 ergo
903 499 938 528 de
958 499 1006 527 ali-

157 558 228 587 quo,
249 552 299 578 aut
318 549 353 577 de
374 548 461 577 nihilo
469 559 477 582 ;
498 556 553 576 non
575 548 609 576 de
631 547 733 581 nihilo,
758 546 824 584 qula
847 549 911 575 tunc
932 548 1006 575 esset

157 598 301 625 creatura:
323 603 390 632 ergo
410 595 446 623 de
460 594 554 631 aliquo
567 593 593 628 ²3
614 602 669 622 non
683 594 718 622 de
739 593 833 630 aliquo
847 593 902 622 alio
922 601 939 622 a
960 600 1003 622 se:

157 650 224 679 ergo
245 642 280 670 de
301 641 345 670 sui
370 640 533 670 substantia.

237 689 264 717 [ι.
285 688 369 722 ltem,
390 687 418 715 in
447 686 626 715 inferioribus
650 685 742 721 filius,
764 686 811 723 qui
832 686 918 715 habet
945 694 1007 723 par-

157 737 214 764 tem
235 734 407 764 substantiae
429 742 445 762 a
466 736 560 770 patre,
582 733 685 761 dicitur
706 740 767 761 esse
795 732 829 761 de
850 732 1007 761 substantia

158 781 260 819 patris:
282 789 349 817 ergo
371 780 460 808 multo
481 779 590 813 fortius,
605 779 652 816 qui
675 779 759 807 babet
773 781 858 807 totam
880 778 1007 807 substan-

159 827 241 862 tiam,
256 827 359 856 dicitur
373 834 434 855 esse
449 826 483 855 de
498 825 654 854 substantia
669 825 840 862 generantis:
857 833 923 862 ergo
937 825 1007 853 haec

159 877 201 903 est
222 881 303 902 vera:
326 874 410 902 Filius
431 876 473 902 θεῖ
495 873 529 902 de
549 872 705 902 substantia
725 871 822 900 Patris.

237 920 365 949 CONTRA:
390 921 414 948 1.
442 919 646 957 Propositiones
673 921 738 947 sunt
765 918 927 947 transitivae
939 918 958 953 ⁸,
979 921 1006 947 et

159 966 208 995 ubi
222 966 362 1000 transitio,
377 966 415 994 ibi
430 968 472 994 est
486 965 625 994 distinctio
640 967 667 993 et
681 964 843 993 diversitas:
859 973 926 1002 ergo
941 973 1005 993 cum

160 1012 277 1041 dicitur:
301 1012 384 1040 Filius
404 1012 439 1040 de
454 1011 610 1040 substantia
629 1011 733 1045 Patris,
754 1011 823 1040 baec
838 1011 1007 1048 praepositio

161 1058 195 1086 de
215 1061 292 1086 notat
309 1058 514 1087 distinctionem
535 1057 607 1086 inter
626 1056 811 1086 substantiam
826 1056 914 1085 Patris
929 1060 956 1085 et
969 1057 1008 1084 Fi-

160 1105 244 1133 lium:
261 1112 327 1140 ergo
348 1112 413 1132 cum
433 1104 511 1132 nulla
536 1103 571 1132 sit
592 1103 746 1137 distinctio,
774 1103 840 1140 quia
861 1102 945 1131 Filius
966 1105 1008 1131 est

160 1149 316 1179 substantia
340 1150 443 1184 Patris,
465 1149 618 1187 propositio
645 1149 788 1186 praedicta
808 1151 850 1178 est
876 1149 954 1177 falsa.
976 1149 1009 1177 Si

160 1197 259 1232 dicas,
280 1197 356 1234 quod
371 1197 439 1226 haec
459 1197 628 1234 praepositio
649 1196 683 1224 de
704 1197 778 1225 cadit
798 1205 815 1225 a
832 1196 954 1233 generali
976 1196 1008 1225 si-

160 1244 288 1282 gnificato
303 1244 553 1281 praepositionum,
575 1244 698 1273 retinens
718 1243 857 1280 speciale:
878 1252 945 1280 ergo
966 1246 1008 1272 est

160 1291 198 1320 ibi
220 1290 433 1325 soloecismus,⁴
455 1291 526 1319 sicut
541 1291 563 1319 si
579 1290 688 1319 dicatur
712 1290 834 1318 sublime
854 1289 932 1318 volat
956 1298 1008 1327 pro

159 1338 332 1372 sublimiter,
353 1337 426 1374 quod
451 1337 569 1366 stultum
591 1340 632 1365 est
653 1337 754 1365 dicere.

238 1386 264 1413 2.
286 1385 369 1419 Item,
390 1384 520 1412 obiicitur
546 1383 581 1412 de
609 1382 763 1420 significato
782 1382 912 1419 speciali.
934 1383 1006 1411 Haec

159 1432 329 1469 praepositio
350 1431 400 1465 de,
415 1433 499 1468 prout
513 1430 650 1467 accipitur
664 1429 837 1467 specialiter,
852 1429 1005 1466 aliquando

158 1482 269 1508 tenetur
280 1477 492 1511 materialiter,
507 1480 539 1506 ut
554 1477 685 1506 cultellus
701 1477 736 1505 de
751 1477 842 1511 serm,
852 1476 1005 1513 aliquando

160 1525 352 1558 ordinaliter,
375 1527 407 1553 ut
428 1524 462 1553 de
484 1531 565 1552 mane
586 1523 618 1551 fit
641 1522 790 1557 meridies,
815 1523 843 1551 id
874 1526 917 1551 est
943 1525 1007 1560 post

160 1580 255 1606 mane,
276 1571 427 1608 aliquando
449 1570 654 1608 oriqinaliter,
676 1572 707 1598 ut
722 1570 744 1599 si
760 1570 886 1604 dicatur,
909 1569 1006 1598 radius

160 1619 195 1647 de
217 1619 274 1647 sole
296 1618 340 1647 vel
361 1618 494 1655 splendor
515 1617 551 1646 de
571 1617 642 1654 igne.
665 1617 716 1645 Sed
743 1624 923 1654 quocumque
945 1617 1008 1645 isto-

160 1674 226 1694 rum
248 1665 396 1694 modorum
416 1664 584 1701 accipiatur,
606 1664 675 1692 falsa
696 1666 737 1692 est
757 1663 877 1692 locutio:
901 1663 923 1692 si
945 1672 1008 1692 ma-

162 1712 312 1745 terialiter,
334 1714 375 1740 est
405 1711 489 1745 falsa,
521 1711 586 1748 quia
617 1710 702 1739 Filius
733 1713 808 1739 caret
829 1710 946 1739 materia
955 1721 962 1744 3
984 1710 1006 1738 si

161 1758 352 1791 ordinaliter,
375 1758 454 1792 falsa,
477 1758 539 1794 quia
564 1765 663 1786 sensus
684 1760 740 1791 est,
769 1757 844 1793 quod
866 1757 950 1785 Filius
972 1757 1007 1785 sit

160 1808 222 1842 post
243 1805 351 1833 Patrem
367 1804 425 1833 sive
440 1807 503 1841 post
518 1804 701 1833 substantiam
721 1803 825 1836 Patris;
840 1803 862 1831 si
878 1803 1008 1840 oriqina-

148 1849 246 1889 liter,
278 1849 406 1878 similiter
428 1849 499 1877 falsa
538 1848 604 1885 quia
635 1850 703 1876 tunc
724 1850 766 1876 est
796 1855 909 1881 sensus,
930 1848 1007 1884 quod

161 1896 246 1924 Filius
267 1896 368 1924 habeat
389 1898 483 1923 ortum
497 1903 514 1923 a
528 1895 683 1923 substantia
697 1895 800 1928 Patris,
822 1894 870 1923 sed
885 1894 938 1923 ista
952 1902 1006 1922 non

161 1943 336 1971 admittitur:
365 1942 521 1970 substantia
548 1941 637 1970 Patris
658 1943 772 1978 generat
794 1941 907 1969 Filium:
940 1949 1007 1978 ergo

162 1992 204 2018 est
225 1989 299 2017 omni
316 1988 399 2017 modo
410 1989 419 2003 ⁵
440 1988 519 2016 falsa.
535 1987 569 2016 Si
583 1988 683 2021 dicas,
699 1987 774 2024 quod
789 1987 868 2015 nullo
890 1988 1007 2016 istorum

161 2036 319 2069 modorum,
342 2035 390 2064 sed
405 2037 516 2063 tenetur
537 2037 638 2071 quarto
658 2034 741 2062 modo
755 2033 1008 2067 substantialiter,-

161 2082 323 2119 quaeritur,
345 2081 420 2110 unde
441 2084 535 2109 ortum
564 2081 666 2109 habeat
694 2081 762 2109 haec
791 2080 956 2117 significatio
980 2083 1008 2109 et

161 2129 210 2157 ubi
238 2128 419 2157 consimiliter
440 2128 631 2164 accipiatur⁵;
660 2130 687 2155 et
714 2127 827 2155 videtur
854 2127 929 2164 quod
954 2127 1007 2156 hoc

161 2175 230 2204 nihil
260 2175 309 2209 sit,
333 2175 400 2212 quia
424 2178 490 2203 tunc
514 2174 583 2203 haec
604 2177 678 2202 esset
702 2181 785 2202 vera:
808 2174 888 2202 Pater
909 2176 951 2202 est
973 2174 1007 2202 de

162 2222 317 2251 substantia
338 2221 409 2255 Filii,
430 2229 514 2258 quam
536 2228 617 2249 nemo
639 2220 772 2249 concedit.

242 2268 267 2296 3.
289 2268 372 2302 ltem,
393 2268 446 2296 hoc
468 2267 542 2295 idem
563 2267 720 2295 ostenditur
745 2267 802 2295 sic:
825 2267 919 2295 differt
939 2267 1008 2295 haec

162 2315 333 2352 praepositio
356 2314 389 2342 de
410 2317 436 2342 et
457 2322 493 2342 a:
516 2314 582 2350 quia
603 2322 622 2341 a
643 2313 757 2350 proprie
778 2313 844 2342 dicit
871 2313 1010 2342 habitudi-

162 2369 227 2390 nem
249 2361 378 2398 principii
408 2360 508 2395 activi,
530 2360 580 2389 sed
605 2360 674 2388 baec
695 2360 864 2397 praepositio
889 2360 922 2388 de
943 2360 1010 2388 dicit

1851 97 1904 124 115

1062 172 1256 201 habitudinem
1277 172 1406 210 principii
1427 173 1547 211 passivi,
1567 173 1616 202 sed
1637 173 1695 202 Deo
1715 176 1743 202 et
1763 173 1823 202 eius
1844 173 1907 202 sub—

1062 218 1179 247 stantiae
1200 218 1289 255 magis
1311 220 1439 248 convenit
1460 220 1531 249 ratio
1552 220 1680 257 principii
1711 220 1793 249 activi
1821 228 1907 257 quam

1061 264 1179 301 passivi:
1202 272 1268 302 ergo
1288 265 1357 293 haec
1371 268 1413 294 est
1434 266 1522 303 magis
1537 274 1619 295 vera:
1641 266 1726 295 Filius
1747 269 1789 295 est
1810 274 1829 294 a
1844 266 1907 294 sub—

1062 311 1162 340 stantia
1184 311 1286 346 Patris,
1314 320 1399 349 quam
1427 312 1478 346 de;
1508 313 1557 341 sed
1588 313 1657 341 haec
1678 321 1732 341 non
1754 313 1907 350 recipitur:

1061 365 1128 394 ergo
1148 365 1199 386 nec
1220 358 1275 386 alia
1296 358 1379 387 debet
1399 359 1493 395 recipi.

1139 405 1166 432 lt.
1187 404 1270 438 Item,
1292 404 1326 432 de
1346 407 1395 433 aut
1416 405 1483 433 dicit
1511 405 1689 434 identitatem
1709 408 1758 434 aut
1786 405 1908 434 ‹liversi-

1062 454 1149 479 tatem
1156 461 1167 485 ;
1188 451 1210 480 si
1242 450 1437 479 identitatem.-
1469 459 1536 488 ergo
1557 458 1622 480 cum
1644 460 1755 480 summa
1775 452 1907 481 identitas

1062 497 1097 526 sit
1117 498 1145 525 in
1167 497 1287 526 essentia
1315 497 1360 526 vel
1391 497 1560 531 substantia,
1579 498 1647 527 haec
1669 499 1722 527 erit
1742 506 1822 527 vera:
1845 498 1909 527 sub-

1061 544 1183 573 stantia⁷
1203 544 1238 573 de
1259 544 1430 578 substantia,
1451 552 1536 581 quam
1558 547 1641 581 negat
1661 545 1806 581 Magister3
1828 545 1850 574 si
1870 545 1909 573 di-

1061 590 1239 625 versitatem3
1262 590 1311 619 sed
1332 598 1387 618 non
1409 590 1590 627 distinguitur
1613 590 1768 618 substantia
1790 591 1877 619 Patris
1891 599 1908 619 a

1061 637 1137 671 Filio,
1158 637 1225 674 quia
1249 637 1335 665 Filius
1355 640 1398 666 θεῖ
1425 637 1485 674 ipsa
1514 636 1669 665 substantia
1700 637 1804 665 Patris:
1842 645 1908 674 ergo

1062 683 1176 712 omnino
1196 686 1238 712 est
1259 683 1338 712 falsa.

1383 784 1591 805 CONCLUSIO.

1163 869 1381 898 Coneedendum
1401 873 1458 904 est,
1479 869 1591 898 Filium
1610 869 1751 907 generari
1771 869 1804 898 de

1332 916 1500 945 substcmtz‘a
1520 916 1634 945 Patris.

1142 1009 1318 1038 Rsssponnsso:
1340 1010 1511 1045 Dicendum,
1533 1009 1608 1047 quod
1636 1010 1777 1046 praedicta
1806 1009 1910 1038 locutio
1922 1009 2029 1028 0⁰⁰⁶¹¹¹⁵10·

1063 1059 1106 1085 est
1126 1056 1312 1085 concedenda.

1143 1103 1173 1131 Et
1194 1103 1230 1131 ad
1252 1102 1462 1139 intelligentiam
1483 1102 1713 1139 praedictorum8
1734 1102 1907 1137 notandum,
1922 1102 2051 1145 tssrffiwjggi-

1063 1149 1139 1186 quod
1160 1152 1272 1187 praeter
1302 1149 1461 1186 praedictos
1493 1152 1550 1177 tres
1570 1149 1684 1183 modos,
1706 1149 1809 1186 quibus
1840 1149 1909 1178 haec
1921 1150 2051 1196 girffiiffl‘lgssa·

1063 1195 1232 1233 praepositio
1254 1195 1288 1224 de
1309 1195 1460 1232 accipitur,
1482 1198 1583 1232 quarto
1611 1195 1693 1224 modo
1714 1195 1797 1224 etiam
1819 1198 1910 1233 potest
2033 1187 2037 1190 ’

1063 1242 1172 1279 accipi,
1194 1242 1298 1271 scilicet
1318 1242 1569 1276 substantialiter,
1591 1245 1622 1270 ut
1643 1242 1717 1270 dicat
1744 1242 1911 1271 substantia-

1064 1289 1119 1317 lem
1141 1289 1362 1317 convenientiam
1383 1289 1456 1317 inter
1484 1292 1627 1322 extrema3
1659 1289 1708 1317 sed
1739 1289 1811 1317 hanc
1842 1297 1911 1317 nun-

1062 1343 1148 1372 quam
1169 1343 1241 1372 pure
1262 1335 1347 1370 dicit,
1379 1343 1444 1363 cum
1466 1335 1501 1363 sit
1531 1335 1701 1372 praepositio
1722 1338 1749 1363 et
1779 1335 1911 1372 importet

1062 1382 1187 1418 aliquam
1212 1382 1407 1410 habitudinem
1433 1385 1460 1410 et
1488 1385 1647 1419 respectum
1668 1382 1704 1410 ad
1726 1385 1862 1411 extrema.
1884 1383 1911 1411 Si

1063 1428 1137 1457 enim
1153 1431 1261 1457 tantum
1276 1428 1497 1458 substantialiter
1512 1432 1655 1457 teneretur
1667 1429 1677 1442 ⁹
1686 1440 1693 1463 3
1709 1429 1781 1457 sicut
1792 1429 1909 1458 dicitur:

1062 1474 1138 1504 filius
1160 1475 1195 1504 de
1216 1475 1373 1504 substantia
1394 1476 1501 1512 patris,
1528 1475 1566 1503 ita
1587 1475 1742 1504 diceretur:
1765 1479 1846 1513 pater
1876 1476 1910 1505 de

1062 1521 1218 1550 substantia
1238 1521 1303 1556 filii,
1325 1522 1401 1558 quod
1422 1521 1560 1550 absonum
1581 1524 1631 1550 est.

1141 1568 1291 1605 Propterea
1305 1569 1474 1603 notandum,
1491 1569 1566 1605 quod
1577 1568 1811 1597 substantialiter
1822 1569 1909 1606 accipi
1919 1569 2051 1616 Ξῗξξῑῇἶξξὲξζ

1063 1615 1207 1644 consuevit
1228 1615 1383 1652 tripliciter.
1416 1615 1584 1653 Aliquando
1617 1616 1753 1653 accipitur
1786 1616 1912 1644 substan-
1935 1618 1982 1657 {effer
1990 1617 2052 1640 “1⁰¹1-

1063 1661 1166 1690 tialiter
1186 1665 1214 1690 et
1240 1662 1404 1699 partialiter,
1426 1664 1457 1690 ut
1480 1670 1544 1691 cum
1566 1662 1687 1697 dicitur,
1709 1662 1784 1699 quod
1815 1665 1909 1699 partes
1984 1653 1988 1657 ⁴

1062 1711 1129 1736 sunt
1159 1708 1194 1737 de
1222 1711 1278 1736 toto
1309 1708 1367 1737 sive
1389 1708 1424 1737 de
1452 1708 1607 1737 substantia
1632 1709 1732 1743 totius,
1754 1711 1785 1737 ut
1806 1717 1909 1738 urceus

1063 1754 1119 1782 vini
1141 1754 1176 1783 de
1197 1754 1278 1783 dolio.
1301 1754 1469 1792 Aliquando
1491 1755 1628 1791 accipitur
1649 1755 1869 1783 substantialiter
1883 1758 1910 1784 et

1063 1801 1242 1836 ordinaliter,
1271 1804 1303 1830 ut
1334 1810 1398 1830 cum
1430 1802 1551 1830 dicitur:
1585 1802 1619 1830 de
1650 1809 1721 1839 pane
1753 1802 1784 1830 fit
1807 1810 1910 1839 corpus

1063 1847 1184 1882 Christi,
1212 1848 1250 1876 ibi
1271 1848 1345 1876 enim
1367 1851 1409 1877 est
1437 1848 1528 1882 ordo,
1554 1849 1620 1885 quia
1645 1849 1799 1877 substantia
1830 1849 1910 1886 panis

1063 1901 1117 1921 non
1139 1896 1232 1922 manet
1256 1894 1284 1922 in
1306 1902 1423 1931 corpore
1445 1894 1566 1929 Christi,
1588 1895 1659 1923 sicut
1686 1903 1737 1923 nec
1768 1903 1849 1924 mane
1881 1895 1909 1923 in

1062 1940 1198 1973 meridie;
1220 1941 1269 1969 sed
1290 1941 1411 1970 ulterius
1424 1941 1673 1976 substantialiter,
1695 1942 1762 1979 quia
1784 1942 1911 1971 substan-

1063 1988 1101 2015 tia
1128 1988 1207 2024 panis
1236 1988 1336 2017 transit
1364 1988 1390 2016 in
1421 1989 1605 2017 substantiam
1641 1989 1766 2026 corporis
1795 1989 1907 2018 Christi.

1064 2034 1232 2072 Aliquando
1254 2035 1389 2072 accipitur
1403 2035 1422 2050 ¹⁰
1443 2036 1664 2064 substantialiter
1678 2039 1705 2064 et
1719 2036 1910 2073 originaliter,

1063 2084 1095 2109 ut
1116 2089 1180 2109 cum
1201 2081 1318 2110 dicitur:
1341 2082 1425 2111 Filius
1446 2083 1480 2111 de
1503 2083 1657 2111 substantia
1679 2083 1782 2117 Patris,
1804 2083 1910 2111 ratione

1063 2127 1177 2156 ablativi
1199 2131 1309 2156 tenetur
1332 2128 1568 2164 substantialiter,
1594 2130 1700 2158 ratione
1721 2130 1835 2166 genitivi
1857 2130 1909 2158 ori-

1063 2174 1210 2210 ginaliter:
1237 2178 1264 2203 et
1294 2175 1357 2203 ideo
1385 2176 1518 2213 importat
1549 2176 1672 2213 aliquam
1704 2176 1910 2205 distinctionem

1064 2220 1123 2249 Filii
1143 2221 1178 2249 ad
1200 2221 1324 2256 Patrem,
1356 2230 1410 2250 non
1432 2222 1468 2251 ad
1495 2222 1556 2251 eius
1588 2223 1791 2257 substantiam,
1823 2226 1850 2251 θῖ
1871 2223 1910 2251 ita

1062 2268 1231 2304 praepositio
1252 2271 1327 2297 tenet
1341 2268 1378 2296 ibi
1394 2269 1523 2305 generale
1538 2269 1724 2305 significatum
1740 2272 1767 2297 et
1781 2269 1908 2306 speciale.

1146 2315 1169 2342 1.
1192 2315 1217 2342 02.
1240 2315 1271 2342 Et
1292 2315 1331 2343 sic
1352 2318 1427 2352 patet
1448 2316 1592 2352 responsio.
1614 2316 1650 2344 ad
1672 2316 1797 2352 primum
1828 2324 1909 2352 argu·
1937 2325 2052 2351 saiuuoop-

1063 2363 1190 2389 mentum
1218 2364 1244 2389 et
1265 2361 1429 2389 secundum.
1453 2362 1556 2390 Tamen
1578 2362 1654 2399 quod
1682 2362 1801 2397 dicitur,
1833 2351 2032 2399 (luotlmfflmmm'

225 2500 233 2515 1
243 2501 273 2522 Ex
283 2501 329 2522 scre
339 2500 449 2522 omnibus
458 2500 526 2522 codd.
536 2503 558 2522 et
566 2500 602 2522 ed.
617 2501 621 2522 Ι
636 2499 797 2522 substituimus
806 2499 887 2529 aliquo
899 2506 942 2528 pro
952 2499 1007 2523 alio.
1035 2502 1037 2511 ¹

225 2540 234 2554 ²
253 2539 302 2562 Vat.
321 2542 398 2561 contra
416 2539 529 2567 plurimos
546 2539 613 2561 codd.
631 2542 653 2561 et
669 2539 705 2561 ed.
727 2539 732 2560 1
756 2539 819 2561 addit
841 2540 873 2567 el,
900 2545 943 2566 pro
960 2545 1007 2568 quo

162 2578 214 2605 cod.
233 2579 250 2600 Α
267 2579 350 2600 meiius
367 2578 436 2600 habet
453 2577 499 2600 secl.

225 2617 235 2632 ³
252 2618 296 2640 Csr.
315 2617 438 2645 Priscian„
456 2617 515 2639 Xiv,
533 2617 658 2639 Graminat.
676 2623 695 2639 c.
717 2617 734 2639 l.
753 2623 816 2645 seqq.
834 2629 866 2633 —
888 2617 937 2639 Mox
955 2620 1008 2645 post

162 2656 195 2679 ibi
210 2657 261 2678 Vat.
279 2656 348 2678 habet
363 2655 433 2678 etiam
450 2656 483 2678 est
501 2656 550 2678 loco
567 2657 594 2678 el.
613 2656 682 2678 Paulo
700 2656 756 2677 infra
775 2656 810 2677 cd.
827 2656 832 2677 1
853 2655 925 2678 verbo
937 2655 1006 2679 nulla

163 2696 287 2722 praemittIt
304 2695 358 2716 satis
374 2694 433 2716 bene
451 2694 473 2716 in
491 2693 630 2717 substantia.

226 2732 234 2747 ⁴
252 2734 370 2761 Priscian,
383 2733 433 2754 XV.
446 2733 569 2755 Graminat.
588 2740 606 2755 c.
629 2734 633 2755 1
646 2739 650 2755 :
668 2733 723 2755 Nam
737 2734 755 2756 si
774 2733 894 2759 (ordinatio
907 2734 1005 2761 partium

164 2772 281 2799 orationis)
299 2772 425 2799 incongrua
443 2772 484 2799 sit,
507 2772 668 2799 sologcismum
694 2772 773 2800 saciet,
799 2773 865 2800 quasi
889 2772 1006 2794 elementis

164 2811 272 2832 orationis
289 2811 423 2832 inconcinne
440 2809 583 2832 coeuntibus.

225 2848 235 2862 ⁵
252 2848 330 2870 Plures
347 2848 414 2870 codd.
433 2851 457 2870 ut
474 2848 620 2870 AFHKTY
638 2851 680 2870 etc.
698 2854 751 2870 cum
763 2848 799 2870 ed.
817 2849 821 2869 1
844 2848 1003 2876 omnimodo,

1064 2501 1115 2523 Vat.
1133 2500 1236 2523 omnino.
1253 2513 1285 2517 —
1301 2501 1386 2523 Similia
1405 2501 1473 2524 habet
1490 2503 1593 2530 Ariston,
1618 2502 1645 2524 V.
1672 2503 1769 2531 Mctapli.
1795 2505 1846 2525 text.
1873 2503 1909 2525 29.

1066 2540 1111 2567 (tv.
1130 2539 1176 2568 24.)
1194 2540 1224 2562 de
1241 2541 1410 2567 praepositione
1427 2546 1464 2562 ear.
1481 2553 1512 2556 —
1530 2541 1599 2562 Paulo
1616 2541 1673 2562 infra
1686 2541 1786 2563 nonnulli
1805 2541 1872 2563 codd.
1885 2544 1912 2563 ut

1065 2579 1111 2600 KV
1122 2578 1179 2600 WX
1198 2581 1249 2606 post
1265 2578 1392 2601 modorum
1409 2579 1497 2601 addunt
1514 2580 1611 2602 tenetur.

1126 2617 1135 2631 ὃ
1153 2617 1203 2639 Vat.
1221 2621 1299 2639 contra
1317 2624 1371 2640 mss.
1389 2621 1409 2640 et
1427 2618 1463 2640 ed.
1485 2619 1490 2640 1
1512 2618 1620 2641 simililer
1637 2618 1760 2647 accipitur.

1126 2656 1136 2670 ⁷
1154 2656 1203 2678 Vnt.
1221 2659 1311 2683 practer
1329 2656 1397 2678 fidem
1416 2663 1470 2679 mss.
1488 2660 1510 2679 ct
1527 2657 1562 2678 ed.
1584 2657 1589 2678 1
1612 2657 1675 2679 addit
1691 2658 1731 2680 est.
1750 2658 1847 2679 Tcxtuni
1866 2658 1910 2679 Ma>

1064 2695 1128 2722 gistri
1146 2694 1198 2716 vide
1216 2695 1237 2716 in
1255 2694 1285 2716 lit,
1303 2700 1322 2716 c.
1344 2695 1361 2716 Ι.
1379 2698 1401 2716 et
1418 2695 1437 2716 2.
1456 2695 1515 2716 circa
1534 2695 1610 2717 finem.

1125 2733 1135 2747 8
1152 2733 1226 2761 Aliqui
1243 2733 1310 2755 codd.
1329 2737 1353 2755 ut
1371 2733 1416 2755 TV
1434 2733 1522 2755 addunt
1538 2734 1578 2756 est.

1125 2771 1134 2786 ⁹
1152 2772 1215 2799 Vnt,
1234 2771 1389 2794 obnitentibus
1406 2778 1460 2794 mss.
1478 2775 1501 2794 et
1517 2772 1552 2794 cd.
1575 2773 1580 2794 l
1595 2790 1599 2799 ,
1618 2773 1693 2794 minus
1712 2772 1770 2794 benc
1788 2773 1885 2795 tenetur.

1126 2809 1145 2824 ¹⁰
1162 2810 1327 2832 Substituitnus
1343 2817 1369 2833 cx
1387 2811 1453 2833 codd.
1471 2814 1493 2833 ct
1510 2811 1545 2833 cd.
1577 2812 1581 2833 1
1611 2811 1728 2840 accipitur
1752 2817 1794 2839 pro
1811 2810 1907 2834 (licitur.

1064 2849 1132 2871 Paulo
1150 2850 1206 2871 infra
1225 2852 1277 2877 post
1293 2849 1369 2872 Filius
1386 2850 1436 2872 cod.
1455 2850 1474 2871 V
1493 2850 1556 2872 addit
1573 2851 1613 2872 est.
