2253 3317
883 157 965 185 DIST.
988 157 1016 185 ΙΙ.
1039 156 1144 185 DUBlA.
1854 159 1888 188 59

145 241 174 263 de
200 241 318 263 Arithmet.
336 240 350 262 l.
377 245 396 261 c.
415 238 467 266 20.)
485 238 569 266 aliique
591 237 705 259 innumeri
731 242 784 258 011111
809 236 874 258 Petro
899 235 988 263 Bunghi

146 280 192 307 (de
209 280 362 302 Numerorum
379 278 497 305 mysteriis,
515 276 584 298 Paris.
604 276 670 297 lGl7.
688 282 711 304 p.
723 275 792 303 456.)
810 278 832 297 et
844 276 921 303 Steph.
934 275 990 297 Bru-

145 319 209 340 lifero
227 317 368 346 (Comment.
385 317 408 338 in
425 317 483 338 hanc
500 315 611 344 quaest.).
629 314 659 336 Ex
677 315 712 336 his
730 313 862 336 auctoribus
884 316 989 341 excerpta

145 359 198 379 sunt
214 363 273 386 quac
291 358 427 384 sequuntur.

213 396 230 417 l.
248 396 325 417 Partes
342 394 461 423 aliquotae
478 394 527 415 sive
544 391 682 421 aliquantae
699 392 794 414 alicuius
811 392 901 413 numeri
913 391 942 413 ab
954 398 990 413 an-

145 435 214 463 tiquis
231 434 366 456 dicebantur
383 433 447 460 illae,
465 438 525 461 quae
542 431 661 460 aliquoties
677 433 765 453 sumtae
777 430 877 452 reddunt
889 430 992 458 praecise

147 479 216 495 suum
234 476 314 495 totum.
333 472 362 494 lta
381 471 394 493 5
411 474 433 494 et
451 472 464 493 2
482 473 534 493 sunt
551 473 628 498 partes
645 469 758 497 aliquotae
775 469 865 491 numeri
885 469 920 490 10.
938 469 992 491 Pars

146 518 194 535 iton
210 511 317 541 aliquota
333 514 367 533 est
383 511 433 538 illa,
451 516 512 538 quae
528 509 647 537 aliquoties
664 510 738 530 sumta
752 513 796 529 non
808 510 883 535 potest
895 507 992 529 reddere

145 554 218 574 totum
235 551 335 579 aliquem
352 555 491 577 numerum,
509 551 533 571 ut
552 548 564 569 3
591 550 697 575 respectu
715 548 805 569 numeri
824 547 860 568 10.
878 547 993 569 Numerus

148 590 156 612 1
178 593 212 612 est
229 589 323 618 quidem
340 595 394 616 pars
411 588 510 616 aliquota
528 587 630 609 cuiusvis
647 586 752 614 numeri,
765 588 840 608 tamen
852 585 881 608 ab
894 586 993 614 antiquis

147 629 294 651 arithmeticis
312 634 355 649 non
373 626 536 649 recensebatur
562 626 655 653 proprie
673 625 731 647 inter
747 631 871 653 numeros,
889 625 930 647 sed
952 631 994 647 vo-

148 667 243 690 cabatur
258 665 401 696 principiam
418 664 527 693 numeri,
547 666 572 686 ut
594 664 649 686 dicit
665 664 765 686 Isidorus
783 664 834 691 (loc.
853 665 888 686 eit.
907 670 926 686 c.
949 664 975 692 1.)
987 682 992 692 ,

147 712 218 728 unum
235 711 313 728 semen
331 705 420 727 numeri
438 710 503 732 esse,
521 709 566 725 non
586 709 718 725 numerum.

211 745 232 766 2.
249 744 364 766 Numerus
387 743 399 765 6
426 746 460 765 est
485 743 574 770 primus
601 748 711 764 numerus
734 740 852 770 perfectus
877 742 898 763 in
925 748 993 764 sensu

149 784 238 811 stricto,
256 783 309 811 quia
326 785 360 804 est
376 782 478 810 aequalis
495 781 603 803 omnibus
623 782 671 803 suis
687 780 791 808 partibus
808 781 914 809 aliquotis
926 782 993 803 simul

149 822 288 850 aggregatis.
306 821 362 843 Nam
380 823 456 849 partes
469 820 581 848 aliquotae
593 821 661 842 huius
674 820 763 841 numeri
781 823 834 842 sunt
848 820 865 847 1,
876 820 897 846 2,
907 820 920 841 3
930 830 960 838 =
972 821 993 842 6.

148 861 171 882 In
189 861 232 882 hoc
249 866 317 882 sensu
336 860 402 888 pauci
420 860 509 881 numeri
527 861 580 881 sunt
597 859 705 887 perfecti,
725 865 808 886 nempe
830 859 851 880 in
879 860 937 881 serie
955 866 994 881 nu-

148 904 267 921 merorum
285 904 359 927 usque
371 898 401 920 ad
417 898 496 925 10‚000
507 916 511 925 ‚
525 900 548 920 ut
561 898 615 920 dicit
625 898 714 925 Bunghi
725 916 729 925 ,
744 900 831 920 tantum
844 899 865 919 hi
878 900 977 926 quatuor
989 903 994 920 2

150 938 171 966 6,
185 938 221 966 28,
235 937 287 965 496,
301 937 368 959 8128.
380 937 406 959 Et
417 937 449 959 sic
460 942 501 958 nec.
514 943 624 959 numerus
636 937 748 959 ternarius
760 940 794 959 cst
805 937 926 965 perfectus,
940 938 993 965 quia

149 976 219 999 habet
234 976 380 999 solummodo
398 982 467 998 unam
484 978 573 1003 partem
590 976 714 1004 aliquotam
724 993 729 1003 ,
742 976 789 998 scil.
802 976 922 1004 unitatem,
935 982 994 1004 quae
1022 963 1024 983 5

149 1016 244 1043 proprie
262 1021 307 1037 non
324 1017 358 1037 est
374 1021 493 1037 numerus.

214 1054 235 1075 3.
254 1054 277 1075 ln
294 1059 362 1076 sensu
381 1054 457 1075 minus
474 1054 551 1075 stricto
565 1052 684 1082 perfectas
710 1052 793 1075 dicitur
811 1059 921 1075 numerus
933 1071 938 1081 ,
956 1053 995 1081 qui

150 1094 238 1115 constat
254 1098 280 1114 ex
298 1091 406 1114 omnibus
422 1093 469 1114 suis
486 1091 590 1120 partibus
608 1094 653 1114 tam
671 1092 789 1120 aliquotis,
807 1098 877 1120 quam
895 1098 939 1113 non
957 1092 997 1113 ali-

151 1131 241 1160 quotis,
259 1131 326 1153 simul
344 1131 440 1158 sumtis,
457 1132 479 1153 et
495 1131 518 1152 in
536 1131 579 1152 hoc
596 1136 663 1152 sensu
688 1136 799 1152 numerus
824 1131 937 1152 ternarius
963 1133 997 1152 est

150 1171 239 1199 primus
256 1170 385 1198 perfectus,
403 1170 456 1198 quia
474 1171 564 1191 constat
584 1175 611 1191 ex
634 1171 698 1197 parte
721 1169 819 1197 aliquota
846 1169 878 1197 (l)
904 1172 926 1191 ct
951 1175 995 1191 non

152 1209 251 1238 aliquota
270 1208 310 1237 (2),
329 1214 388 1237 quae
406 1208 473 1230 simul
491 1209 567 1230 iuncta
584 1208 669 1230 faciunt
685 1208 734 1229 tria.
751 1207 837 1230 Dicitur
852 1207 945 1236 primus
957 1214 997 1230 nu-

150 1253 229 1270 merus
245 1247 375 1275 perfectus,
389 1248 443 1276 quia
459 1246 576 1274 binarius,
596 1247 646 1268 licet
664 1248 751 1268 constet
766 1252 793 1268 ex
819 1247 867 1268 suis
892 1246 997 1274 partibus

151 1287 219 1309 simul
236 1287 318 1309 sumtis
334 1287 348 1308 i.
366 1292 385 1308 e.
403 1285 495 1317 duabus
511 1285 636 1307 unitatibus
646 1303 651 1313 ,
669 1291 713 1307 non
732 1285 815 1307 dicitur
825 1291 936 1307 numerus
948 1291 997 1313 per-

151 1326 236 1354 rectus,
254 1326 308 1354 quia
325 1331 398 1347 unum
418 1325 511 1352 proprie
528 1330 573 1346 non
591 1323 710 1346 dicebatur
727 1330 845 1346 numerus.

214 1363 235 1386 4.
251 1364 339 1393 Aliquis
356 1369 467 1386 numerus
484 1365 559 1391 potest
575 1369 646 1391 super
663 1368 688 1385 se
704 1362 795 1391 reflecti
808 1362 902 1385 duobus
914 1362 996 1391 modis,

1045 234 1082 256 vel
1091 234 1241 263 imperfecte,
1256 235 1349 263 quando
1363 236 1433 258 semel
1445 236 1537 258 ducitur
1549 237 1571 258 in
1583 242 1607 258 se
1620 237 1697 264 ipsum
1711 236 1745 263 (ut
1758 237 1805 264 2><
1815 236 1893 265 2=4),

1047 275 1069 295 et
1086 275 1140 295 tunc
1157 274 1254 296 efficitur
1271 280 1382 296 numerus
1398 274 1539 304 quadratus,
1559 275 1600 297 sed
1617 281 1662 297 non
1680 274 1784 303 3011111111,-
1796 276 1832 297 vel
1843 281 1894 305 per-

1045 310 1118 340 fecte,
1133 312 1226 340 quando
1243 312 1278 335 bis
1295 313 1386 335 ducitur
1397 315 1419 335 in
1432 320 1456 335 se
1468 315 1545 342 ipsum
1558 315 1592 343 (ut
1604 313 1792 343 2><2><2=8)‚
1805 318 1827 337 et
1838 316 1895 336 haec

1046 350 1196 379 reduplicatio
1214 352 1313 379 perfecta
1331 352 1406 375 reddit
1422 353 1568 382 quadratum
1585 353 1694 377 solidam.

1111 390 1135 411 ll.
1152 390 1192 412 His
1209 392 1398 419 praesuppositis,
1417 395 1479 420 patet
1501 393 1581 420 triplex
1600 394 1727 421 propositio
1745 393 1766 415 S.
1784 393 1894 415 Doctoris.

1114 429 1134 450 1.
1152 429 1266 452 Numerus
1283 431 1396 453 ternarius
1421 430 1445 453 in
1469 437 1493 454 se
1517 432 1674 454 consideratus
1700 432 1768 454 habet
1790 431 1895 461 primam

1048 469 1070 489 et
1087 473 1208 490 summam
1224 469 1402 496 perfectionem:
1420 470 1523 499 primam
1547 471 1641 499 quidem
1652 489 1657 499 ,
1676 472 1727 499 quia
1746 473 1780 493 est
1804 471 1893 499 primus

1048 511 1158 528 numerus
1171 509 1277 529 constans
1289 514 1316 530 ex
1328 508 1436 531 omnibus
1448 510 1495 531 suis
1508 509 1611 537 partibus
1622 516 1664 537 per
1675 510 1815 532 additionem
1827 510 1895 532 simul

1049 546 1146 573 sumtis;
1165 551 1285 569 summam
1302 553 1373 575 vero,
1391 549 1445 576 quia
1463 554 1540 570 uitam
1556 549 1694 576 triplicatum
1719 552 1796 571 manet
1820 555 1893 571 unum

1050 586 1069 614 (1
1081 589 1108 615 ><
1120 585 1124 605 l
1136 587 1164 614 ><
1175 585 1226 607 t=l
1234 585 1249 613 ).

1113 627 1133 648 2.
1152 625 1314 648 Consideratus
1332 628 1357 648 ut
1374 626 1396 647 in
1414 625 1544 655 quantitate
1562 626 1690 654 continua,
1714 627 1728 648 i.
1746 632 1766 648 e.
1784 627 1805 648 in
1823 632 1896 655 quan-

1051 667 1099 687 tum
1117 665 1245 693 applicatur
1262 664 1290 686 ad
1308 665 1472 693 quantitatem,
1495 664 1563 687 habet
1586 664 1690 694 primam
1715 665 1893 693 perfectionem,

1056 705 1128 732 «quia
1146 704 1220 726 omnis
1237 704 1350 732 quantitas
1367 702 1435 725 habet
1452 704 1604 732 principium,
1622 703 1725 725 medium
1743 707 1765 726 et
1782 704 1895 731 ultimum;

1021 759 1022 766 1
1049 749 1169 765 summam
1185 748 1253 770 vero,
1272 743 1325 770 quia
1342 742 1450 769 perfectio
1467 743 1598 770 quantitatis
1615 743 1735 764 continuae
1753 743 1855 765 consistit
1871 743 1894 764 in

1050 783 1108 804 trina
1126 782 1283 809 dimensione,
1301 781 1348 803 scil.
1367 780 1516 809 longitudine,
1534 781 1649 803 latitudine
1667 783 1689 802 et
1705 780 1852 809 altitudine»,
1871 783 1896 803 ut

1022 842 1023 845 ,
1050 820 1148 843 habetur
1165 821 1186 842 in
1205 822 1273 842 textu.

1114 859 1134 881 3.
1153 858 1314 881 Consideratus
1330 860 1356 880 ut
1372 859 1395 880 111
1412 857 1514 887 qualibet
1531 858 1643 881 creatura.
1661 858 1743 879 iterum
1764 857 1833 880 habet
1849 857 1898 887 pri-

1050 904 1116 921 mam
1133 901 1155 920 et
1171 903 1292 920 summam
1309 897 1487 925 perfectionem:
1504 896 1609 926 primam
1621 896 1715 925 quidem
1725 915 1730 925 ,
1743 898 1795 925 quia
1809 897 1831 918 in
1843 903 1898 925 qua-

1052 937 1105 960 libet
1122 938 1190 959 etiam
1208 937 1303 958 minima
1320 939 1423 958 creatura
1441 937 1556 958 invenitur
1578 936 1665 958 trinitas
1683 935 1774 965 vestiqii
1800 935 1897 963 (unum,

1051 982 1149 1003 verum,
1167 975 1285 1003 bonnm);
1304 980 1423 997 summam
1440 981 1511 1002 vero,
1530 975 1583 1003 quia
1600 975 1622 996 in
1640 974 1741 1002 angelica
1759 975 1781 996 et
1798 974 1898 995 humana

1052 1016 1132 1036 natura
1151 1015 1266 1036 invenitur
1283 1014 1370 1036 trinitas
1387 1012 1516 1042 imaqinis,
1536 1014 1671 1042 praesertim
1697 1012 1790 1041 quando
1808 1011 1901 1034 nobilis-

1052 1054 1109 1075 sima
1127 1059 1181 1081 pars
1198 1054 1286 1074 animae
1304 1055 1338 1074 est
1354 1053 1476 1074 reformata
1494 1052 1530 1074 vel
1548 1052 1681 1080 imperfecte
1697 1057 1740 1079 per
1756 1051 1897 1073 deiformita-

1052 1094 1099 1114 tem
1115 1091 1207 1121 ,cratiae
1224 1092 1260 1114 vel
1278 1092 1378 1119 perfecte
1395 1097 1437 1119 per
1453 1091 1629 1113 deiformitatem
1643 1089 1740 1120 gloriae.
1752 1090 1785 1111 De
1798 1090 1841 1112 hoc
1858 1089 1898 1111 cfr.

1052 1131 1109 1152 infra
1127 1131 1149 1153 d.
1167 1131 1189 1152 3.
1206 1137 1228 1158 p.
1246 1131 1261 1152 1.
1280 1137 1299 1153 a.
1319 1131 1339 1152 1.
1357 1137 1378 1159 q.
1397 1131 1418 1152 2.
1436 1132 1458 1152 et
1475 1136 1497 1158 p.
1515 1130 1537 1152 ll.
1556 1136 1598 1158 per
1620 1132 1690 1152 totam
1712 1132 1735 1151 et
1751 1129 1774 1150 11.
1793 1129 1853 1150 Sent.
1876 1128 1898 1150 d.

1054 1170 1090 1191 16.
1108 1175 1150 1197 per
1167 1171 1250 1191 totam.

1117 1208 1148 1229 111.
1166 1208 1199 1230 De
1216 1210 1261 1230 tota
1278 1209 1425 1237 quaestione:
1443 1208 1505 1230 Alex.
1522 1207 1585 1235 Hal.,
1603 1207 1625 1229 S.
1643 1213 1665 1235 p.
1684 1207 1697 1228 l.
1716 1213 1738 1235 q.
1758 1206 1794 1228 45.
1820 1212 1851 1227 m.
1877 1205 1898 1227 7.

1053 1259 1084 1263 —
1101 1247 1161 1269 Scot.
1172 1265 1177 1274 ,
1194 1247 1231 1269 hic
1248 1254 1270 1276 q.
1288 1247 1309 1269 5.
1327 1250 1349 1269 et
1366 1247 1395 1275 7,
1422 1249 1444 1269 et
1460 1247 1553 1275 Report.
1576 1247 1613 1268 hic
1635 1252 1657 1274 q.
1676 1246 1696 1267 8.
1713 1257 1744 1261 —
1761 1246 1783 1267 S.
1801 1245 1883 1267 Thom.
1894 1263 1899 1273 ,

1053 1286 1068 1307 l.
1081 1286 1141 1308 Sent.
1154 1286 1177 1308 d.
1191 1287 1227 1308 40.
1240 1293 1262 1315 q.
1282 1287 1302 1308 1.
1320 1293 1339 1308 a.
1358 1286 1387 1314 53
1400 1287 1422 1309 S.
1434 1287 1448 1308 l.
1462 1293 1484 1315 q.
1498 1286 1534 1308 30.
1547 1292 1567 1308 a.
1580 1286 1601 1307 2.
1613 1297 1644 1301 -
1656 1285 1679 1307 Β.
1696 1284 1788 1312 Albert.,
1806 1284 1821 1306 1.
1839 1284 1899 1306 Sent.

1053 1324 1076 1346 d.
1097 1325 1131 1347 10.
1151 1331 1170 1347 a.
1189 1325 1225 1347 12.
1242 1337 1274 1341 ——
1290 1325 1364 1353 AEgid.
1382 1326 1423 1354 R,
1442 1326 1456 1347 l.
1475 1325 1535 1347 Sent.
1554 1324 1576 1347 d.
1602 1325 1637 1346 10.
1655 1324 1727 1352 princ.
1752 1324 1773 1345 2.
1791 1330 1813 1351 q.
1832 1323 1853 1345 3.
1869 1335 1901 1338 —

1054 1363 1148 1391 Dionys.
1166 1363 1258 1392 Carth.,
1277 1364 1314 1386 hic
1330 1370 1352 1392 q.
1370 1364 1391 1386 6.

736 1447 834 1476 DUBIA
855 1447 949 1476 CIRCA
970 1448 1136 1477 LITTERAM
1157 1448 1318 1477 MAGISTRI.

515 1539 582 1568 Dua.
604 1539 622 1567 1.

228 1625 257 1653 111
278 1627 357 1661 parte
379 1624 431 1653 ista
452 1624 525 1653 circa
546 1624 667 1652 litteram
690 1624 780 1660 primo
802 1627 844 1653 est
858 1624 995 1653 dubitatio

151 1671 185 1700 de
209 1671 262 1700 hoc
289 1671 364 1708 quod
393 1670 459 1699 dicit
489 1670 636 1707 Magister,
668 1670 743 1707 quod
772 1671 996 1708 purgatissimis

151 1717 294 1746 mentibus
315 1717 454 1745 cernitur.
477 1716 594 1745 Videtur
615 1716 688 1745 enim
710 1717 783 1745 male
804 1717 912 1751 dicere,
931 1718 997 1754 quia,

151 1764 229 1793 nulla
249 1772 344 1798 mens,
366 1763 433 1792 dum
456 1765 498 1792 est
519 1763 547 1791 in
568 1762 628 1797 via,
649 1763 847 1800 purgatissima
868 1766 925 1798 est,
947 1764 995 1792 sed

151 1814 260 1840 tantum
281 1811 309 1839 in
330 1810 428 1848 patria.

230 1857 405 1885 RESPONnno:
418 1856 588 1891 Dicendum,
604 1856 678 1893 quod
693 1864 772 1885 mens
787 1856 819 1884 ad
848 1856 900 1884 hoc
921 1856 996 1893 quod

151 1903 239 1931 Deum
262 1902 466 1939 contempletur
486 1902 621 1939 perfecte,
643 1902 747 1939 indiget
768 1902 883 1939 purgari
903 1902 995 1939 quoad

152 1948 325 1977 intellectum
347 1951 374 1977 et
404 1947 560 1986 affectum;
590 1948 652 1977 ideo
680 1949 746 1977 dicit
770 1957 823 1985 per
852 1948 997 1976 iustitiam

151 1995 236 2033 fidei,
258 1995 285 2023 id
307 1998 349 2023 est
375 2003 425 2032 per
444 1994 547 2032 fidem,
569 2003 640 2032 quae
670 1995 734 2023 facit
749 1994 855 2023 iustum
871 1994 898 2022 in
912 2002 997 2031 opere

152 2046 180 2071 et
201 2050 252 2079 per
273 2049 302 2071 se
323 2046 425 2079 purgat
445 2042 632 2076 intellectum,
654 2042 702 2070 sed
724 2041 839 2069 iustitia
856 2041 995 2069 affectum.

153 2089 304 2125 Utriusque
323 2092 417 2117 autem
437 2088 610 2125 purgationis
625 2088 729 2125 triplex
744 2090 786 2117 est
800 2087 912 2124 gradus.
928 2087 997 2115 Nam

153 2134 310 2163 intellectus
329 2137 466 2172 purgatus
486 2138 543 2169 est,
566 2143 630 2164 cum
651 2134 823 2164 abstrahitur
844 2142 861 2162 a
885 2134 999 2162 sensibi-

153 2181 227 2209 libus
249 2181 410 2217 speciebus,
430 2181 592 2218 purgatior,
605 2189 669 2209 cum
685 2181 839 2209 mundatur
853 2189 869 2209 a
884 2180 998 2217 phanta-

154 2227 419 2264 sticisimaginibus‚
431 2227 662 2264 purgatissimus,
675 2235 738 2256 cum
755 2235 771 2255 a
782 2226 982 2263 philosophicis
990 2226 997 2240 ¹

154 2274 317 2303 rationibus.
342 2274 451 2302 Gradus
482 2273 655 2310 purgationis
686 2272 807 2311 affectus
838 2275 903 2302 sunt
934 2272 997 2301 isti:

1052 1543 1189 1578 purgatus
1210 1544 1251 1570 est
1272 1541 1403 1576 affectus,
1425 1549 1489 1570 cum
1512 1542 1665 1570 mundatur
1686 1550 1702 1570 a
1721 1542 1819 1579 culpa,
1834 1550 1900 1579 pur-

1053 1586 1150 1623 gatior,
1172 1595 1236 1615 cum
1251 1595 1267 1615 a
1282 1588 1410 1625 sequela,
1426 1588 1651 1625 purgatissimus,
1666 1588 1702 1616 ab
1718 1588 1861 1617 occasione
1874 1588 1900 1622 ²3

1052 1638 1080 1663 et
1100 1635 1128 1663 in
1149 1634 1202 1663 hoc
1224 1637 1298 1663 statu
1319 1635 1436 1664 idoneus
1458 1638 1500 1664 est
1521 1635 1711 1672 contemplari.

1418 1720 1486 1749 Dnn.
1508 1720 1537 1748 ΙΙ.

1130 1806 1196 1834 ltem
1226 1805 1376 1842 opponitur
1397 1805 1431 1833 de
1452 1805 1505 1833 hoc
1527 1804 1602 1841 quod
1624 1804 1706 1833 dicit:
1730 1804 1830 1832 Mentis
1852 1803 1902 1832 ltu-

1054 1861 1161 1881 mattae
1182 1851 1260 1880 acies
1282 1851 1415 1879 invalida
1435 1851 1467 1879 iii
1490 1854 1550 1879 tam
1575 1850 1721 1878 excellenti
1752 1850 1813 1878 lucc
1843 1859 1901 1878 aon

1052 1899 1156 1937 linitur
1171 1901 1221 1927 etc.
1244 1898 1361 1926 Videtur
1382 1898 1471 1932 enim,
1487 1897 1562 1934 quod
1577 1897 1659 1926 etiam
1674 1897 1684 1912 ³
1698 1897 1832 1925 mundata
1847 1905 1901 1925 non

1053 1946 1156 1983 figatur
1176 1945 1230 1979 ibi,
1252 1945 1316 1981 quia
1339 1946 1598 1981 quantumcumque
1619 1943 1788 1977 mundetur,
1808 1943 1901 1971 adhuc

1053 1992 1165 2022 excedit
1185 1992 1236 2021 lux
1258 1991 1306 2020 illa
1327 1990 1641 2029 improportionabiliter
1668 1990 1755 2018 aciem
1781 1990 1899 2018 mentis:

1054 2046 1121 2075 ergo
1142 2039 1164 2067 si
1186 2040 1301 2075 propter
1322 2037 1365 2066 sui
1386 2036 1581 2066 excellentiam
1602 2044 1656 2065 non
1677 2039 1768 2073 potest
1782 2036 1872 2064 videri
1886 2044 1902 2064 a

1054 2093 1109 2114 non
1130 2084 1249 2113 habente
1270 2084 1370 2118 fidem,
1392 2091 1442 2112 nec
1463 2083 1546 2112 etiam
1568 2083 1602 2111 ab
1624 2083 1752 2111 habente.

1133 2131 1311 2159 Resposnm:
1327 2130 1425 2158 Differt
1438 2130 1544 2158 dicere:
1561 2129 1747 2157 considerari
1760 2132 1786 2157 et
1800 2128 1854 2166 fiyi
1876 2131 1903 2157 et

1055 2176 1265 2215 comprehendi.
1290 2177 1481 2206 Cornsz'cterari
1500 2179 1592 2213 potest
1619 2184 1636 2204 a
1662 2179 1755 2204 mente
1783 2176 1901 2204 immun-

1056 2225 1107 2259 da,
1129 2224 1177 2253 sed
1197 2223 1251 2261 fiyi
1272 2224 1300 2252 in
1322 2223 1369 2251 illa
1384 2231 1437 2251 non
1452 2226 1543 2260 potest
1562 2223 1613 2251 nisi
1635 2231 1714 2251 mens
1728 2231 1816 2259 pura;
1831 2231 1904 2250 eom-

1052 2269 1229 2308 prehendere
1250 2278 1304 2298 non
1326 2272 1416 2307 potest
1436 2269 1489 2298 nisi
1515 2269 1651 2298 immensa
1665 2268 1681 2296 ⁴.
1702 2268 1779 2297 Ratio
1793 2272 1903 2300 autem,

217 2412 225 2427 ¹
243 2413 273 2435 lta
290 2413 357 2436 codd.
375 2414 391 2435 L
409 2413 426 2436 O
439 2416 516 2436 contra
528 2414 577 2436 Vat.
586 2432 591 2442 ,
604 2420 663 2442 quae
679 2413 748 2436 habet
758 2413 861 2443 physicis
867 2421 875 2439 ,·
888 2413 911 2434 111
924 2412 1001 2434 multis

157 2452 225 2475 codd.
243 2454 338 2481 propter
354 2452 551 2475 abbreviationem
573 2453 638 2475 lectio
664 2456 698 2474 est
722 2451 800 2474 dubia.
826 2451 871 2474 Sed
899 2454 1000 2473 nostram

157 2491 332 2519 praeferendam
354 2497 410 2519 esse,
437 2494 498 2519 patet
514 2497 541 2513 ex
558 2491 659 2513 doctrina
677 2491 698 2512 S.
717 2491 820 2513 Doctoris
838 2490 891 2513 alibi
913 2490 1000 2512 tradita.

157 2530 180 2551 111
198 2530 297 2557 perfecta
315 2529 429 2558 siquidem
446 2530 636 2557 contemplatione
654 2530 713 2552 iuxta
739 2529 867 2552 doctrinam
884 2530 1001 2556 Seraphici

156 2568 273 2596 Doctoris‚
298 2574 369 2596 quam
394 2569 476 2591 sumsit
508 2574 535 2590 cx
559 2568 667 2596 Dionysio
693 2569 830 2596 Areopagita
855 2568 884 2590 de
909 2569 1000 2595 Mystica

158 2607 225 2629 theol.
237 2624 241 2635 ‚
259 2609 349 2634 oportet
369 2614 378 2626 α
391 2609 413 2629 et
429 2613 510 2629 sensus
526 2606 632 2629 deserere
643 2609 665 2628 et
677 2606 844 2630 intellectuales
856 2606 1002 2636 operationes

158 2647 181 2667 et
197 2644 312 2667 sensibilia
328 2647 350 2666 et
366 2644 487 2666 invisibilia
500 2652 510 2664 1>
532 2644 641 2672 (ltinerar.
658 2645 752 2673 mentis,
770 2651 789 2667 c.
801 2644 822 2667 7.
836 2645 894 2667 circa
907 2644 1001 2673 linem).

158 2683 204 2704 Has
220 2683 319 2704 rationes
336 2682 506 2710 philosophicas
523 2683 544 2705 S.
562 2683 645 2705 Doctor
662 2686 781 2705 enumerat
797 2684 819 2705 in
845 2683 903 2705 libro
928 2683 1002 2705 1110011-

159 2720 225 2743 dium
242 2721 341 2748 amoris,
359 2727 378 2743 0,
398 2721 418 2743 11.
435 2723 486 2743 1111ῑο
504 2721 587 2749 finem,
612 2721 651 2743 ubi
674 2721 742 2749 dicit,
768 2721 831 2750 quod
856 2722 907 2750 ille,
933 2727 1002 2750 quem

160 2761 275 2788 perfectus
292 2760 457 2787 contemplator
474 2760 562 2787 diligit,
584 2768 593 2779 α
605 2766 650 2782 11011
668 2762 702 2782 est
713 2760 910 2789 demonstrabilis,
927 2760 1003 2781 defini-

159 2799 224 2827 bilis,
243 2798 363 2827 opinabilis
376 2806 396 2820 1>.
415 2798 459 2821 Cfr.
477 2798 532 2820 ibid.
550 2804 569 2821 c.
588 2798 608 2820 3.
626 2799 648 2820 in
667 2798 726 2826 fine3
740 2799 852 2827 Breviloq.
865 2805 887 2826 p.
900 2798 928 2820 V.
941 2805 960 2820 c.
973 2799 1002 2826 6;

160 2838 183 2860 ll.
202 2838 261 2860 Sent.
279 2837 301 2859 d.
320 2837 357 2859 23.
375 2843 394 2859 a.
413 2837 434 2859 2.
452 2844 474 2865 q.
493 2837 514 2859 3.
531 2837 560 2859 ad
574 2837 586 2858 6
597 2844 602 2864 ;
614 2837 720 2859 Hexaem.
733 2838 805 2859 Serm.
818 2839 839 2860 2.
853 2838 913 2860 circa
934 2837 1003 2859 finem

160 2879 183 2898 et
200 2876 272 2898 Serm.
298 2876 334 2897 20.
353 2876 412 2897 circa
438 2874 553 2902 medium;
579 2874 704 2898 Comment.
730 2877 752 2897 in
778 2876 831 2898 Luc.
854 2876 896 2903 tx,
915 2876 951 2897 28.
973 2887 1005 2891 —

161 2914 242 2943 Quoad
261 2915 396 2937 solutionem
413 2915 482 2936 huius
498 2914 562 2936 dubii
579 2914 619 2936 cfr.
636 2914 697 2936 Alex.
714 2914 770 2942 Hal„
788 2915 809 2936 S.
827 2921 850 2942 p.
865 2915 879 2936 1.
892 2921 914 2943 q.
934 2915 955 2936 2,
973 2920 1003 2935 m.

1059 2412 1079 2433 2.
1097 2417 1117 2433 a.
1136 2411 1156 2433 2.
1173 2422 1204 2426 -
1220 2410 1244 2431 B.
1262 2409 1360 2436 Albert.,
1377 2410 1414 2430 hie
1431 2415 1451 2431 a.
1470 2408 1491 2430 3.
1507 2420 1539 2424 —
1555 2408 1661 2430 Richard.
1679 2411 1701 2430 ct
1717 2408 1775 2430 Petr.
1803 2415 1815 2430 a
1833 2409 1886 2430 Tar.
1897 2427 1902 2436 ,

1059 2451 1096 2473 hic
1112 2451 1135 2471 in
1151 2450 1292 2477 expositione
1309 2449 1400 2470 litterae.

1121 2488 1131 2502 ²
1148 2487 1230 2510 Contra
1248 2487 1403 2509 auctoritatem
1421 2492 1475 2508 mss.
1488 2489 1510 2508 et
1521 2486 1573 2508 edd.
1588 2486 1595 2507 1
1610 2504 1615 2513 ,
1629 2486 1654 2514 3,
1667 2486 1680 2507 6
1693 2486 1751 2513 Vat,
1765 2486 1902 2513 applicando

1058 2527 1173 2556 praedicta
1192 2526 1221 2548 ad
1238 2526 1404 2553 obiectionem,
1423 2525 1487 2547 addit
1503 2524 1546 2547 hoo
1562 2526 1643 2547 autem
1662 2524 1772 2553 possibile.
1794 2525 1828 2547 est
1849 2524 1902 2554 fieri

1058 2566 1083 2589 in
1099 2565 1148 2594 via,·
1164 2565 1214 2588 ideo
1232 2564 1288 2587 dicit
1302 2563 1425 2593 Mayister:
1444 2562 1623 2592 Paryatissimis
1640 2562 1756 2586 olentibus
1773 2565 1815 2585 etc.
1833 2563 1902 2585 Paulo

1059 2608 1110 2627 ante
1123 2604 1215 2632 plurimi
1228 2603 1295 2625 codd.
1309 2608 1362 2625 cum
1374 2602 1410 2625 ed.
1425 2603 1430 2624 1
1447 2605 1498 2630 post
1511 2601 1640 2631 pitrqatior
1650 2605 1672 2624 et
1681 2608 1761 2624 omnes
1773 2602 1840 2624 codd.
1850 2608 1903 2624 cum

1060 2643 1112 2665 edd.
1132 2643 1140 2664 1
1152 2661 1157 2671 ,
1176 2643 1202 2670 3,
1221 2643 1234 2664 6
1249 2645 1301 2669 post
1311 2640 1496 2670 puryatissimas
1508 2641 1614 2663 omittunt
1626 2646 1687 2668 cam,
1703 2647 1715 2662 a
1728 2641 1778 2663 Vat.
1791 2641 1902 2663 additum.

1122 2682 1132 2696 ³
1148 2682 1179 2703 Ex
1196 2682 1295 2709 antiquis
1312 2687 1366 2703 mss.
1384 2684 1406 2703 et
1422 2680 1458 2702 ed.
1478 2681 1486 2701 1
1508 2680 1634 2702 adiecimus
1655 2679 1737 2708 etiam,
1763 2680 1826 2709 quod
1852 2680 1902 2702 Vat.
1931 2685 1941 2693 “

1059 2727 1112 2743 011111
1129 2720 1179 2742 cod.
1197 2726 1223 2742 cc
1240 2720 1316 2741 minus
1332 2719 1391 2741 bene
1408 2719 1495 2741 omittit.
1514 2719 1583 2741 Paulo
1603 2719 1660 2740 infra
1673 2719 1724 2741 eod.
1736 2719 1743 2740 1
1755 2718 1848 2741 eoeceltit
1859 2725 1902 2747 pro

1059 2758 1164 2787 emcedit,=
1181 2760 1203 2780 in
1221 2758 1265 2780 fine
1282 2758 1414 2780 obiectionis
1431 2757 1482 2780 cod.
1499 2757 1529 2780 dd
1548 2757 1611 2780 addit
1627 2764 1686 2780 eam.

1122 2796 1131 2811 ⁴
1149 2797 1198 2819 Vat.
1216 2798 1293 2819 contra
1311 2802 1365 2818 mss.
1382 2799 1405 2818 et
1421 2796 1456 2819 ed.
1476 2797 1484 2818 11
1507 2799 1592 2819 textum
1608 2797 1677 2818 variis
1689 2796 1844 2819 additionibus
1855 2802 1902 2818 cor-

1059 2837 1147 2864 rumpit
1163 2837 1192 2858 ita
1210 2835 1320 2863 legendo:
1339 2834 1490 2858 Considerari
1502 2836 1578 2864 potest
1595 2835 1639 2857 lttoe
1651 2834 1731 2858 divina
1742 2841 1757 2857 a
1768 2836 1843 2857 ‘triente
1855 2840 1902 2857 iton

1059 2874 1163 2902 munda,
1182 2875 1209 2896 ut
1225 2880 1241 2896 a
1257 2873 1422 2903 Philosopltis;
1439 2873 1480 2897 sed
1505 2873 1547 2903 fiai
1570 2879 1618 2896 iton.
1642 2875 1717 2903 potest
1740 2873 1763 2896 in
1785 2873 1828 2896 illa
1857 2872 1904 2896 nisi
1948 2877 1959 2883 ²

1059 2919 1126 2936 mens
1142 2919 1158 2935 α
1174 2912 1235 2935 vitiis
1249 2918 1327 2942 pura,
1347 2912 1512 2942 comprehendi
1526 2918 1574 2935 nort
1589 2914 1665 2942 potest
1680 2912 1727 2935 nisi
1743 2912 1768 2935 iit
1784 2912 1871 2942 patria.
