2253 3317
196 396 234 414 Nec
247 401 268 414 ex
283 401 323 421 par-

219 421 236 445 10
253 419 321 442 princi-

218 447 297 465 piorum.

222 1091 271 1109 Vera
281 1092 328 1109 ratio

198 1118 216 1133 01
241 1115 327 1133 notabilis

199 1138 300 1156 distinctio.

200 1238 265 1262 Quoad
277 1243 324 1257 esse.

206 1730 210 1733 ἢ
224 1705 289 1728 Quoad
298 1704 333 1722 dif-

202 1732 257 1747 ῘΕΠῬ.

334 130 389 158 9311

334 207 479 239 differunt,
495 205 650 242 quaeritur:
667 204 785 240 quibus?
799 207 825 232 et
841 211 952 231 necesse
966 205 1007 231 est
1026 202 1119 230 redire
1139 201 1174 229 ad
1202 202 1204 218 ¹

333 252 520 281 emanationes
550 254 577 279 et
603 251 765 279 relationes.
797 258 868 286 qnae
901 252 966 278 sunt.
987 249 1127 286 generatio
1149 251 1174 276 ct
1202 274 1204 289 ⁴

334 299 473 336 processio
486 298 508 327 ¹:
530 300 556 325 et
578 298 615 325 ita
637 298 662 325 in
686 297 736 325 hac
757 297 941 333 assignatione
963 296 1016 324 erit
1043 295 1174 324 circulus.
1203 292 1204 295 ’

412 344 542 372 Similiter
563 352 597 371 er
615 347 701 380 parte
719 342 946 379 principiorum.
978 342 1004 370 Si
1035 341 1109 370 enim
1137 341 1176 369 di-

335 394 429 421 catur.
451 390 525 427 quod
548 390 680 418 differunt.
701 389 753 417 hae
775 389 847 417 duae
868 388 1055 417 emanationes
1081 395 1176 416 secun-

334 438 401 466 dum
423 436 619 465 fecunditatem
642 435 781 472 duplicem
804 438 920 463 naturae
951 437 977 462 et
1009 433 1174 467 voluntatis,

334 482 478 519 quaeritur
491 481 510 512 Β,
532 490 587 518 0110
608 481 691 509 modo
712 481 821 509 differat
843 480 998 509 fecunditas
1018 488 1032 507 a
1055 479 1176 508 fecundi-
1202 483 1204 499 ³

335 531 397 556 tate.
419 528 445 555 Si
468 528 559 557 dicas.
581 528 655 564 quod
678 527 833 556 fecunditas
855 530 981 555 ›iatzo-cte
1007 530 1047 555 est
1069 526 1095 554 in
1118 526 1175 554 solo

335 576 431 609 Patre⁷
455 574 611 602 volmztcztzffs
634 574 659 601 in
693 573 771 601 Patre
792 575 818 601 et
841 573 919 606 Filio:
940 572 991 600 lior
1014 571 1174 600 ulteriorem
1203 561 1204 576 ³

335 622 417 650 habet
438 621 640 658 quaestionem.
661 620 736 648 unde
758 620 850 647 veniat
870 619 938 647 haec
960 618 1128 652 differentia,
1150 620 1177 646 et

334 671 442 705 oportet
463 667 497 696 ad
520 667 570 695 hoc
594 667 703 700 venire.
726 666 800 703 quod
822 665 977 694 fecunditas
994 668 1121 692 naturae
1135 667 1176 692 est

335 716 363 743 in
382 723 455 747 mio,
477 714 542 750 quia
564 713 654 750 imago
676 713 830 750 procedens
853 720 903 749 per
934 711 1010 739 illam
1041 714 1105 739 nata
1136 713 1178 739 est

335 770 395 791 esse
417 762 507 790 solum
522 761 558 789 ab
571 769 642 794 000,
665 759 820 788 fecunditas
834 759 993 787 voluptatis
1009 758 1035 786 in
1054 757 1176 791 (luobus,

336 810 398 846 quia
421 816 512 837 nexus
533 808 590 837 sive
612 807 752 844 processio
774 815 823 843 per
838 806 954 835 modum
976 813 1067 834 nexus
1087 808 1129 834 est
1150 805 1177 833 in

336 855 461 889 duobus:
484 858 510 883 et
532 854 567 882 ita
591 854 662 882 redit
683 853 839 882 differentia
864 852 891 880 in
923 852 1046 889 primum
1062 874 1069 885 ,
1091 854 1118 879 01
1138 853 1180 879 051

337 902 373 929 ibi
393 901 464 929 ratio
484 900 637 929 circularis.
661 900 730 936 Ergo
751 902 826 936 patet
840 898 995 927 secundum
1018 897 1078 929 1100,
1103 896 1179 934 00011

337 948 437 976 harum
458 947 662 976 emanationum
699 945 853 974 differentia
883 945 974 982 prima
1005 952 1054 972 nec
1076 947 1117 972 est
1137 951 1181 972 su-

336 994 437 1023 menda
458 1003 473 1022 a
494 998 572 1031 parte
594 992 720 1027 termini.
742 1000 791 1020 nec
813 1000 829 1020 a
850 994 929 1028 parte
950 990 1086 1027 principii.

416 1041 446 1069 Et
461 1041 522 1069 ideo
537 1040 698 1068 notandum.
712 1038 787 1076 quod
802 1041 843 1067 est
858 1038 932 1074 loqui
943 1037 952 1050 ³
969 1037 1003 1065 de
1018 1037 1180 1065 huiusmodi

338 1087 559 1116 emanationibus
580 1090 716 1123 quantum
738 1086 778 1113 cul
798 1094 856 1113 esse
877 1088 904 1113 et
925 1087 1062 1122 quantum
1083 1085 1124 1113 ad
1142 1085 1181 1113 dv·-

337 1134 455 1172 stingui.

417 1181 441 1209 Si
464 1183 600 1217 quantum
622 1180 663 1208 ad
683 1188 758 1213 esse,
781 1179 819 1208 sic
842 1178 944 1207 liabent
975 1178 1110 1206 rationem
1142 1185 1182 1205 es-

338 1228 414 1257 sendi
437 1236 452 1255 a
474 1227 532 1256 suis
563 1227 692 1264 perfectis
724 1225 866 1263 principiis
893 1228 920 1253 et
945 1224 1080 1253 fecundis.
1111 1223 1181 1260 Quia

338 1275 412 1303 00101
428 1275 455 1302 10
469 1274 526 1302 Deo
547 1277 589 1302 est
602 1273 804 1310 perfectissima
817 1276 930 1300 natm-a
945 1275 971 1301 et
985 1274 1085 1300 natura
1101 1279 1181 1305 vera,

339 1321 401 1349 ideo
422 1321 544 1357 perfecta
565 1323 592 1349 et
612 1327 679 1348 vera
702 1319 873 1348 1000001105ί
889 1319 915 1347 10
931 1318 1088 1356 hypostasi,
1110 1326 1182 1355 quae

340 1368 424 1396 habet
445 1367 580 1395 rationem
612 1366 749 1404 principii.
776 1366 807 1394 Et
837 1365 903 1403 quia
924 1373 991 1394 vera
1012 1368 1039 1394 et
1060 1365 1182 1402 perfecta

342 1417 369 1442 et
389 1414 503 1451 propria
518 1416 559 1443 est
574 1413 728 1442 fecunditas
749 1416 878 1447 naturae,
894 1412 956 1441 ideo
971 1420 1066 1440 veram
1080 1414 1107 1440 et
1121 1419 1183 1448 pro-

341 1461 431 1497 priam
459 1461 543 1489 habet
574 1460 792 1494 emanationem3
823 1460 938 1488 ethaeo
970 1462 1012 1488 est
1033 1459 1181 1496 generatio.

342 1507 473 1535 Similiter
494 1507 706 1543 intelligendum
727 1509 768 1535 est
783 1507 817 1535 de
832 1506 981 1543 spiratione
996 1508 1131 1543 quantum
1147 1505 1183 1533 ad

344 1553 526 1581 volantatem.
543 1554 618 1582 Unde
633 1553 728 1587 ratio,
743 1561 829 1590 quare
844 1552 1006 1581 huiusmodi
1022 1560 1086 1580 vere
1099 1551 1182 1580 sunt⁵

343 1601 368 1628 in
390 1600 464 1635 Deo.
486 1604 527 1629 est
549 1608 616 1629 vera
636 1600 791 1629 fecunditas
811 1603 929 1628 naturae
949 1602 976 1628 et
998 1598 1155 1627 voluntatis.

420 1647 445 1675 Si
469 1650 563 1675 autem
586 1647 735 1683 loquamur
756 1649 892 1683 quantum
913 1646 948 1674 ad
980 1644 1114 1682 differre,
1146 1644 1185 1672 di-

342 1694 475 1723 cendum.
493 1693 567 1730 quod
582 1701 611 1721 se
626 1693 693 1730 ipsis
708 1693 855 1726 differunt,
870 1692 941 1721 sicut
956 1694 1099 1720 ostensum
1113 1690 1183 1724 est⁶⁷

342 1741 403 1777 quia
428 1740 518 1769 omnis
539 1740 678 1768 distinctio
699 1740 727 1767 in
749 1739 850 1768 divinis
870 1739 946 1767 venit
971 1747 987 1766 a
1007 1737 1098 1766 modis
1129 1736 1185 1765 ori-

340 1787 419 1824 qim's
440 1790 467 1815 et
487 1786 647 1814 relationis.
670 1786 745 1814 Unde
767 1785 839 1814 sicut
857 1785 928 1814 duae
953 1783 1124 1813 differentiae
1155 1791 1184 1812 se

342 1834 409 1870 ipsis
430 1833 577 1862 differunt.
600 1836 630 1860 ut
652 1832 785 1860 rationale
799 1835 826 1860 et
841 1831 1013 1865 irrationale,
1034 1830 1162 1859 similiter
1175 1830 1183 1842 ⁷

343 1880 370 1908 in
392 1880 493 1908 divinis
515 1880 566 1907 hae
588 1879 660 1907 duae
681 1879 878 1907 emanationes.
901 1878 931 1906 Et
952 1878 1023 1906 sicut
1055 1877 1186 1905 differen-

343 1927 395 1955 tiae
417 1926 638 1955 differentiarum
661 1926 835 1954 innotescunt
856 1925 935 1953 nobis
956 1932 1006 1961 per
1021 1924 1089 1952 alias
1111 1923 1186 1952 diffe-

343 1973 460 2007 rentias,
481 1980 553 2009 quae
574 1972 684 2000 abillis
715 1972 856 2006 oriuntur.
889 1971 927 2000 sic
958 1975 985 1999 et
1016 1971 1044 1999 in
1075 1970 1183 1999 divinis.

344 2020 413 2055 Quia
429 2019 503 2047 enim
518 2027 546 2047 se
562 2018 628 2055 ipsis
639 2019 851 2055 distinguuntur
866 2018 1006 2055 generatio
1020 2020 1048 2046 et
1062 2017 1184 2054 spiratio,

345 2066 380 2094 ad
401 2074 447 2094 eas
469 2066 648 2102 consequitur
670 2065 825 2094 secundum
848 2065 983 2093 rationem
1014 2064 1185 2101 intelligendi

345 2112 499 2140 differentia
521 2112 638 2148 duplex:
660 2120 739 2145 11110,
761 2112 826 2148 quia
847 2111 988 2148 generatio
1008 2114 1050 2140 est
1064 2111 1099 2140 ab
1120 2119 1186 2145 uno,

350 2158 397 2187 sed
418 2158 533 2195 spiratio
553 2166 569 2186 a
590 2158 709 2186 duobus.
732 2158 801 2194 Quia.
815 2158 887 2186 enim
904 2157 1044 2194 generatio
1059 2160 1101 2186 est
1115 2165 1188 2185 ema-

347 2204 420 2232 natio
441 2212 491 2241 per
512 2204 628 2233 modum
659 2204 796 2241 perfectae
826 2204 1047 2239 assimilationis,
1069 2203 1130 2232 ideo
1151 2203 1187 2232 ad

347 2259 435 2279 unum
465 2251 631 2288 principium
664 2251 792 2288 respicit3
824 2250 890 2287 quia
922 2258 989 2279 vero
1011 2250 1125 2287 spiratio
1147 2253 1188 2278 est

347 2297 484 2326 emanatio
504 2305 554 2334 per
577 2297 692 2326 modum
714 2297 908 2331 connexionis,
940 2297 1002 2325 ideo
1023 2299 1065 2325 est
1085 2305 1102 2325 a
1123 2296 1189 2325 duo-

349 2344 410 2373 bus.
432 2344 502 2372 Alia
529 2344 684 2373 differentia
714 2347 756 2373 est
777 2345 803 2372 in
835 2344 1041 2381 comparatione
1062 2343 1098 2372 ad
1129 2351 1188 2372 nos.

350 2390 419 2426 Quia
439 2390 512 2418 enim
541 2390 659 2427 Spiritus
690 2393 802 2418 sanctus
823 2390 946 2427 spiratur
967 2392 999 2418 ut
1019 2392 1131 2418 nectens
1162 2392 1190 2418 et

348 2437 385 2465 ita
406 2437 433 2465 10
454 2437 574 2465 alterum
595 2437 720 2471 tendens,
742 2437 804 2466 ideo
825 2437 944 2474 Spiritus
965 2440 1079 2466 sanctus
1096 2444 1190 2474 proce-

1018 124 1269 153 SENTENTIARUM
1293 123 1350 151 [ΑΒ.
1373 124 1390 151 1.

1217 2440 1218 2473 ξ
1247 2437 1269 2465 51
1290 2436 1410 2465 velimus
1430 2436 1537 2470 dicere=
1563 2437 1638 2472 quod
1660 2436 1793 2465 differunt
1813 2444 1899 2473 penes
1926 2437 2089 2465 terminum.

1232 201 1272 229 dit
1291 204 1321 228 ut
1343 200 1496 235 donabilis;
1518 201 1602 229 Filius
1624 209 1690 230 vero
1711 204 1877 238 generatur.
1893 205 1919 230 et
1935 203 2075 238 generatio

1232 255 1285 275 000
1309 247 1420 283 respicit
1442 247 1563 275 tertium.

1310 293 1360 321 Per
1381 293 1431 321 lias
1459 293 1628 322 differentias
1656 294 1812 323 necessario
1839 294 1948 323 elicitur
1973 295 2101 340 barumta
2117 300 2216 340 ιὲῑοιὲοοωί-

1231 339 1438 368 emanationum
1453 340 1687 368 eoueommmtta.
1704 341 1774 377 Quia
1795 341 1909 378 spiratio
1930 341 1977 370 dat
1998 327 2215 379 1111110-613-11311ἰέἓῗιπῆ

1231 386 1384 422 intelligere
1406 386 1612 422 generationem
1627 403 1665 407 -—
1680 395 1734 415 non
1756 387 1829 415 enim
1851 391 2001 416 nectuntur
2022 388 2074 416 0151
2086 373 2136 386 num'

1231 432 1352 460 distincti
1373 436 1400 460 et
1420 432 1537 461 similes.
1558 435 1585 460 et
1607 432 1644 460 ita
1665 432 1703 460 illi
1731 441 1851 469 quorum
1884 441 1957 462 unus
1978 436 2019 462 est
2040 434 2075 462 ab

1231 478 1285 506 alio
1306 486 1355 514 per
1377 478 1582 514 generationem
1598 495 1636 498 —
1651 478 1778 507 similiter
1799 479 1939 515 generatio
1955 480 2001 508 dat
2016 488 2077 508 con-

1232 526 1380 560 sequenter
1402 524 1555 561 intelligere
1577 524 1771 561 spirationem3
1792 533 1904 554 necesse
1925 529 1967 554 est
1987 526 2075 554 enim.
2096 557 2101 563 ⁴

1232 570 1374 602 distinctos
1396 573 1423 598 et
1443 570 1556 598 omnino
1577 570 1682 599 similes
1703 578 1753 608 per
1768 571 1931 600 deliciosum
1952 579 2076 601 amorem

1232 616 1369 653 coniungi.

1311 663 1508 692 Concedendae
1523 664 1607 700 igitur
1619 667 1684 693 sunt
1698 664 1819 693 rationes
1833 665 1991 701 probantes,
2003 666 2077 702 quod

1233 710 1381 744 differunt.
1404 710 1474 739 sicut
1502 713 1543 739 est
1564 711 1770 739 manifestatum
1792 711 1820 739 in
1840 711 2007 746 rationibus;
2030 712 2078 740 sed

1233 757 1297 785 illae
1318 757 1439 786 rationes
1459 765 1513 785 non
1535 760 1600 785 sunt
1621 761 1729 786 sumtae
1751 766 1767 786 a
1788 758 1882 794 priori.

1312 804 1401 841 Aliqui
1422 806 1515 832 tamen
1536 803 1687 832 voluerunt
1708 804 1851 841 assignare
1865 804 1934 833 alias
1954 805 2081 834 111110100-
2116 817 2200 836 auorum

1235 851 1299 879 tias:
1322 854 1348 879 01
1370 851 1492 888 quidam
1512 858 1563 887 per
1584 850 1640 879 vini
1660 850 1821 887 spirativam
1843 854 1870 879 et
1891 852 2080 888 generativam
2092 840 2196 864 ⁰pi⁰⁵⁰⁰⁰⁵'

1235 897 1331 926 dicunt
1346 897 1474 930 differre;
1496 897 1544 926 sed
1559 897 1627 925 haec
1648 897 1804 926 differentia
1818 897 1942 926 declarat
1955 897 2081 935 ignotum

1235 953 1285 982 per
1301 944 1434 981 ignotius3
1445 944 1500 972 alii
1510 944 1593 973 etiam
1608 943 1755 978 dixerunt,
1770 944 1845 980 quod
1860 943 1944 972 Filius
1958 944 2083 981 procedit

1236 1000 1286 1029 per
1307 992 1422 1020 modum
1445 1000 1517 1025 esse,
1540 991 1659 1028 Spiritus
1680 993 1793 1019 sanctus
1812 998 1862 1027 per
1883 991 1998 1020 modum
2018 991 2084 1020 bene

1236 1047 1310 1071 esse,-
1331 1038 1380 1067 sed
1394 1039 1463 1067 haec
1485 1038 1571 1067 verba
1586 1045 1640 1066 non
1656 1040 1721 1066 sunt
1736 1045 1802 1066 sana
1816 1045 1867 1067 nec
1881 1037 1928 1066 tali
1950 1039 2084 1067 materiae

1238 1085 1437 1114 convenientia.

1319 1133 1342 1160 1.
1364 1131 1403 1160 Ad
1425 1131 1495 1160 illud
1517 1139 1583 1168 ergo
1604 1131 1681 1168 quod
1702 1131 1793 1168 primo
1821 1131 1959 1165 obiicitur,
1986 1133 2083 1159 utrum
2097 1142 2212 1169 5011111001,-

1238 1179 1317 1207 Pater
1339 1178 1427 1215 spiret
1448 1178 1475 1206 in
1497 1181 1633 1214 quantum
1656 1185 1730 1206 unus
1745 1180 1811 1211 etc.;
1833 1177 1996 1211 dicendum,
2011 1177 2085 1214 quod
2098 1167 2207 1189 ¹³⁰⁵”⁰‘¹'¹¹¹'

1238 1233 1287 1254 nec
1310 1225 1338 1253 in
1359 1227 1495 1262 quantum
1517 1232 1606 1255 unus.
1628 1232 1678 1253 nec
1699 1224 1727 1252 in
1748 1226 1884 1261 quantum
1905 1223 2014 1261 plures,
2035 1224 2084 1253 sed

1239 1273 1266 1301 in
1284 1274 1422 1309 quantum
1447 1271 1501 1299 alio
1522 1274 1548 1299 et
1573 1271 1627 1299 alio
1646 1271 1729 1299 modo
1751 1278 1780 1299 se
1803 1270 1924 1305 liabens3
1945 1271 2011 1307 quia
2031 1270 2085 1299 alio

1239 1319 1321 1347 modo
1340 1326 1369 1347 se
1384 1317 1467 1346 babet
1483 1318 1517 1346 ad
1534 1317 1646 1351 Filium,
1661 1317 1715 1345 alio
1731 1316 1813 1345 modo
1827 1316 1862 1345 ad
1878 1316 2011 1353 Spiritum
2026 1324 2086 1345 san-

1239 1368 1323 1394 ctum.
1346 1365 1398 1393 Iste
1420 1368 1514 1393 autem
1536 1364 1608 1393 alius
1629 1367 1656 1393 et
1677 1364 1749 1392 alius
1776 1363 1878 1392 modus
1905 1371 1934 1392 se
1965 1363 2085 1392 habendi

1239 1420 1292 1440 non
1316 1414 1453 1448 repugnat
1474 1411 1572 1439 unitati
1601 1410 1772 1439 substantiae
1794 1410 1838 1439 vel
1865 1417 2016 1447 personae;
2038 1410 2087 1438 sed

1240 1459 1319 1486 Pater
1340 1461 1367 1486 et
1383 1457 1466 1485 Filius
1488 1457 1594 1494 spirant
1609 1457 1635 1485 in
1658 1464 1706 1491 eo,
1729 1456 1803 1493 quod
1826 1464 1914 1484 unum
1930 1464 1987 1484 000
2004 1456 2087 1485 modo

1240 1513 1268 1533 se
1283 1505 1397 1533 habens.
1420 1504 1485 1532 Inde
1500 1506 1553 1539 051,
1576 1504 1650 1541 quod
1666 1503 1772 1540 duplex
1788 1506 1830 1532 est
1850 1503 1991 1540 processio
2004 1503 2013 1517 ⁸
2028 1503 2086 1531 Filii

1239 1554 1267 1580 et
1288 1551 1407 1588 Spiritus
1428 1550 1515 1579 sancti
1536 1559 1552 1579 a
1572 1550 1668 1585 Patre,
1690 1550 1739 1579 sed
1760 1558 1816 1578 una
1830 1552 1872 1578 est
1893 1549 2008 1587 spiratio
2030 1550 2087 1578 sive

1240 1598 1380 1635 processio
1400 1598 1520 1635 Spiritus
1541 1597 1627 1626 sancti
1648 1605 1665 1625 a
1685 1597 1764 1626 Patre
1785 1599 1812 1625 01
1832 1596 1907 1625 Filio.

1319 1646 1345 1673 12.
1367 1644 1406 1673 Ad
1428 1644 1498 1673 illud
1519 1644 1592 1681 quod
1616 1644 1759 1678 obiicitur,
1781 1643 1856 1680 quod
1881 1646 1982 1671 natura
2003 1645 2089 1671 01110-

1241 1691 1333 1719 luntas
1348 1691 1375 1718 in
1392 1691 1450 1719 Deo
1465 1693 1530 1719 sunt
1544 1690 1632 1724 idem3
1647 1690 1811 1724 dicendum,
1829 1690 1902 1726 quod
1923 1690 1973 1719 etsi
1988 1692 2086 1718 natura

1241 1741 1268 1767 et
1288 1738 1418 1766 voluntas
1444 1737 1471 1765 in
1491 1737 1548 1765 Deo
1576 1737 1751 1765 considerata
1771 1736 1898 1765 absolute
1926 1736 1981 1765 sint
2002 1736 2087 1767 idem,

1240 1788 1333 1812 tamen
1348 1784 1453 1820 aliquid
1469 1783 1581 1820 respicit
1600 1783 1733 1811 0011111105
1748 1786 1779 1811 111
1793 1783 1922 1812 voluutas
1936 1783 1962 1811 in
1982 1783 2088 1811 ratione

1240 1831 1381 1869 principii.
1396 1831 1469 1868 quod
1486 1839 1540 1859 non
1557 1830 1668 1867 respicit
1681 1834 1795 1859 11011110.
1809 1833 1840 1859 01
1855 1834 1964 1859 natura.
1980 1830 2011 1858 Et
2025 1830 2088 1858 inde

1241 1881 1294 1912 est,
1316 1877 1404 1914 00011,
1420 1877 1492 1906 sicut
1506 1885 1560 1905 non
1582 1877 1721 1913 sequitur:
1737 1880 1866 1905 creatura
1881 1880 1923 1905 est
1937 1885 1951 1905 a
1967 1877 2024 1905 Deo
2038 1884 2089 1913 per

1241 1925 1356 1953 modum
1379 1924 1544 1954 voluntatis.
1567 1923 1642 1960 quod
1664 1923 1726 1952 ideo
1742 1923 1776 1952 sit
1797 1924 1880 1951 etiam
1901 1931 1952 1960 per
1973 1923 2088 1952 modum

1241 1974 1374 2003 naturae.
1395 1970 1530 2004 similiter.
1546 1970 1611 2007 quia
1630 1973 1731 1998 natura
1743 1973 1770 1998 et
1784 1970 1913 1999 voluntas
1930 1978 2090 2007 comparan-

1242 2021 1288 2046 tur
1308 2017 1341 2046 ad
1364 2018 1416 2046 has
1437 2016 1625 2046 emanationes
1646 2016 1699 2045 sub
1721 2017 1827 2045 ratione
1845 2016 2005 2053 principii,
2028 2016 2089 2045 ideo

1242 2064 1311 2092 nihil
1323 2063 1462 2101 prol-libet,
1476 2063 1526 2091 has
1538 2063 1727 2092 emanationes
1742 2063 1864 2097 differre.
1875 2063 2005 2100 quamvis
2016 2063 2088 2092 idem

1243 2111 1298 2140 sint
1318 2111 1346 2139 in
1360 2110 1527 2138 substantia
1542 2112 1642 2138 natura
1663 2113 1690 2138 et
1710 2110 1847 2138 voluntas.

1322 2157 1348 2185 3.
1370 2157 1409 2185 Ad
1433 2156 1504 2185 illud
1529 2156 1604 2193 qnod
1629 2156 1772 2191 obiicitur⁵
1798 2156 1873 2193 quod
1901 2156 2089 2185 emanationes

1244 2203 1376 2232 differunt
1397 2211 1482 2240 penes
1505 2203 1649 2237 terminos;
1665 2203 1828 2235 dicendum.
1850 2203 1925 2240 quod
1946 2203 1973 2231 in
1995 2203 2039 2232 his
2053 2203 2091 2231 in-

1243 2250 1392 2278 ferioribus
1413 2253 1455 2278 est
1477 2257 1588 2284 verum,
1612 2249 1661 2277 ubi
1683 2249 1820 2277 emanatio
1841 2249 1907 2278 dicit
1928 2256 1977 2278 cns
1998 2249 2025 2277 in
2045 2256 2091 2286 po-

1243 2297 1328 2325 tentia
1355 2299 1382 2324 et
1404 2296 1441 2324 ita
1456 2296 1663 2333 imperfectun1;
1684 2304 1739 2324 non
1760 2299 1853 2324 autem
1879 2299 1920 2325 est
1941 2303 2041 2325 verum
2062 2296 2090 2324 in

1244 2343 1309 2377 Deo,
1331 2343 1396 2380 quia
1415 2343 1452 2371 ibi
1468 2351 1523 2371 non
1540 2343 1636 2371 dicunt
1657 2350 1706 2371 ens
1721 2343 1749 2371 in
1764 2343 1885 2380 potentia
1899 2351 1951 2372 nec
1965 2343 2091 2380 imperfe-

1245 2390 1351 2424 ctum⁹;
1365 2390 1441 2418 unde
1453 2390 1482 2417 in
1497 2389 1598 2418 divinis
1609 2392 1675 2418 sunt
1685 2390 1763 2418 ratio
1775 2390 1972 2426 distinguendi.
1987 2390 2090 2418 Tamen

412 2569 419 2582 ¹
437 2569 467 2591 lta
484 2575 539 2592 mss.
557 2575 609 2591 cum
627 2570 663 2591 ed.
686 2571 708 2597 1,
726 2570 783 2592 dum
800 2570 850 2592 Vat.
868 2570 956 2592 initium
974 2570 1042 2592 liuius
1053 2570 1191 2598 propositio-

350 2608 384 2629 nis
409 2608 478 2630 variis
503 2608 595 2630 adjectis
617 2609 645 2630 ita
671 2608 777 2630 exhibet:
794 2608 822 2631 Si
845 2614 901 2637 erqo
925 2614 1040 2638 personae
1061 2608 1189 2638 differunt,

350 2652 424 2675 quare
441 2647 462 2669 et
478 2646 502 2669 in
520 2646 603 2676 quibus
621 2646 746 2676 differant,
765 2647 786 2670 si
801 2647 921 2670 ostendere
937 2647 1083 2670 voluerimus
1099 2653 1191 2670 necesse

352 2686 386 2707 est
402 2688 442 2707 etc.
461 2685 510 2707 Mox
527 2685 563 2707 ed.
584 2686 590 2707 1
612 2686 671 2708 esset
687 2686 737 2708 loco
753 2685 804 2708 erit.

413 2723 422 2737 ‘²
439 2723 562 2752 Sequimur
578 2725 714 2746 vetustiores
731 2724 798 2746 codd.
814 2730 868 2746 cum
884 2724 921 2747 ed.
942 2725 947 2746 1
975 2725 1083 2753 ponendo
1099 2724 1191 2754 quaeri-

352 2763 392 2784 tm·
408 2769 450 2790 pro
461 2769 557 2792 quaero.

413 2800 423 2815 3
439 2801 462 2823 10
480 2801 530 2823 cod.
548 2802 567 2823 Y
583 2801 674 2824 additur
690 2801 820 2831 dupliciter.

414 2839 423 2853 ⁴
441 2839 485 2862 Csr.
497 2846 566 2868 supra
580 2840 601 2862 d.
614 2841 635 2862 9.
648 2847 670 2869 q.
684 2842 692 2862 1
704 2848 709 2869 ς
723 2841 750 2863 (le
763 2842 878 2864 voluntate
890 2842 911 2864 d.
926 2843 961 2864 Ὶ10.
974 2849 993 2864 a.
1008 2843 1028 2864 11.
1041 2849 1063 2871 q.
1076 2844 1095 2865 l.

415 2877 425 2892 ⁵
441 2878 506 2905 Vat..
524 2879 628 2905 plurimis
645 2885 699 2901 mss.
717 2882 739 2902 et
754 2879 791 2901 ed.
811 2880 818 2901 1
840 2879 1009 2908 obnitentibus,
1027 2880 1080 2903 sint.

1308 2569 1318 2583 ⁶
1335 2570 1358 2591 ln
1376 2570 1418 2591 hac
1434 2570 1484 2597 ipsa
1501 2570 1649 2597 quaestione3
1667 2570 1706 2591 cfr.
1724 2570 1791 2591 etiam
1815 2576 1836 2598 q.
1855 2576 1931 2597 praec.
1955 2570 2090 2597 praesertim

1247 2608 1277 2631 ad
1295 2609 1315 2630 rt.
1332 2611 1354 2631 et
1371 2609 1391 2630 2.

1309 2647 1319 2662 ⁷
1335 2647 1390 2670 Cod.
1409 2648 1428 2669 V
1446 2648 1496 2669 loco
1513 2646 1624 2670 similiter
1640 2646 1709 2670 habet
1725 2646 1773 2676 sic,
1794 2647 1844 2669 cod.
1862 2647 1883 2669 X
1900 2646 1934 2670 sie
1950 2646 2028 2670 etiam.
2041 2647 2089 2669 Mox

1247 2687 1316 2715 aliqui
1334 2686 1401 2709 codd.
1419 2692 1473 2708 cum
1490 2686 1543 2708 edd.
1562 2686 1570 2708 Ἰ
1585 2704 1590 2714 ,
1609 2687 1634 2713 2,
1653 2686 1666 2708 3
1684 2693 1756 2714 prave
1773 2687 1829 2709 tunc
1846 2686 1895 2708 loco
1912 2685 1979 2709 sicut.

1309 2724 1319 2740 ⁸
1335 2726 1358 2747 ln
1377 2725 1427 2748 cod.
1445 2725 1477 2747 bb
1495 2725 1586 2747 additur
1602 2724 1695 2748 scilicet.

1309 2764 1319 2779 9
1335 2765 1386 2787 Vat.
1403 2764 1446 2787 sibi
1464 2770 1508 2786 000
1526 2767 1632 2787 constans
1649 2767 1671 2786 01
1688 2767 1764 2786 contra
1783 2765 1895 2792 plurimos
1912 2763 1979 2786 codd.
1991 2769 2088 2786 necnon

1247 2803 1283 2826 ed.
1302 2804 1310 2825 4
1332 2802 1544 2832 imperfectionem,
1564 2803 1620 2825 dum
1638 2803 1688 2825 cod.
1706 2804 1712 2825 l
1730 2805 1752 2825 ct
1769 2804 1805 2825 1110
1821 2806 1843 2826 ct
1859 2803 1928 2831 paulo
1948 2809 2018 2830 supra
2036 2802 2091 2830 legit

1247 2841 1452 2872 imperfectionem.
1471 2842 1520 2864 Mox
1538 2845 1590 2870 post
1610 2842 1694 2865 divinis
1710 2843 1762 2865 Vat.
1780 2842 1843 2865 addit
1859 2847 1921 2870 non,
1941 2841 2004 2870 quod
2021 2841 2088 2864 codd.

1248 2887 1300 2903 cum
1317 2886 1355 2903 sex
1373 2881 1454 2908 primis
1470 2880 1522 2903 cdd.
1541 2882 1660 2909 omittunt⁷
1679 2884 1699 2903 et
1717 2881 1790 2909 bene,
1807 2882 1861 2910 quia
1876 2881 2005 2904 subiectum
2021 2881 2090 2903 huius
