2253 3317
655 149 736 177 DlST.
760 149 835 178 XVII.
858 149 884 177 P.
906 149 924 177 Ι.
947 149 1018 177 ART.

145 233 242 251 sensum
258 228 301 250 isto
318 228 385 255 longe
402 228 604 255 piaestantiorem,
622 233 668 256 quo
689 228 746 250 iusta
771 230 792 250 et
817 228 898 249 iniusta
923 228 988 249 senti·

146 271 213 289 mus:
230 267 287 288 iusta
305 272 346 294 per
362 265 526 293 intelligibilem
543 267 644 294 speciem
655 284 660 293 ,
678 267 759 288 iniusta
776 272 819 294 per
840 267 890 292 eius
915 267 988 294 priva-

146 305 238 327 tionem.
255 304 290 326 Ad
307 304 375 326 huius
393 310 474 326 sensus
489 304 590 326 officium
608 310 653 326 non
670 305 731 326 acies
747 304 847 332 pupillae.
857 322 862 331 ‚
875 310 919 326 non
932 304 988 326 sora-

146 349 198 366 men
215 343 342 371 auriculae,
361 349 405 365 non
422 343 561 371 spiramenta
583 344 685 371 narium,
703 349 747 365 non
773 346 855 371 gustus
872 343 986 370 saucium,

146 388 190 405 non
209 382 267 405 ullus
284 388 409 410 corporeus
425 384 498 404 tactus
515 381 608 404 accedit.
626 381 657 404 lbi
675 388 712 404 me
728 384 751 404 et
766 388 816 404 esse
832 385 853 404 et
867 383 909 404 hoc
921 388 988 404 nosse

143 424 222 444 vcertus
239 427 298 448 sum,
310 423 332 442 et
341 421 397 442 haec
409 426 461 442 amo
473 422 541 449 atque
553 426 630 442 amare
642 426 679 442 me
692 421 794 443 similiter
811 424 887 443 certus
901 426 953 442 sum
966 429 987 442 n.

209 459 241 481 111.
259 459 281 481 S.
303 459 461 481 Bonaventura
478 458 637 480 fidelissimum
654 459 676 480 S.
693 458 814 487 Augustini
831 458 985 487 discipulum,

146 499 203 521 sicut
221 499 242 520 111
261 498 309 520 aliis
326 496 506 526 quaestionibus,
519 497 551 519 sic
562 498 583 519 in
598 499 641 519 tota
653 504 694 519 sua
706 497 735 519 de
747 498 876 525 cognitione
888 498 987 519 humana

146 537 248 560 doctrina
274 543 298 558 se
324 536 467 564 comprobat.
484 536 548 558 Unde
570 542 630 565 quae
655 537 713 558 circa
740 537 797 558 hanc
822 537 940 558 materiam
965 537 987 558 in

144 577 189 598 hac
206 578 293 604 quaest.
321 576 421 603 disputat
444 581 489 598 non
515 576 557 597 nisi
582 576 734 598 summarium
760 575 866 598 exhibent
890 580 987 603 eorum,

145 620 205 643 quae
221 615 243 636 S.
261 615 357 642 August.
375 620 438 636 more
455 620 497 636 suo
514 618 537 636 et
553 614 635 636 dissuse
660 617 740 637 tractat
756 615 778 636 in
795 613 901 642 pluribus
924 614 988 636 libris

144 659 168 675 v.
185 660 208 681 g.
225 653 248 675 ll.
266 653 294 675 de
311 652 392 675 Libero
410 652 476 681 Arb.;
493 652 522 675 de
539 652 598 674 Vera
611 652 743 680 Religione,
761 658 780 674 c.
798 652 835 674 29.
853 657 928 680 seqq,
941 652 988 674 Xll.

145 691 173 714 de
190 691 245 714 Gen.
263 691 293 713 ad
310 691 341 713 lit.
353 690 442 719 Operae
459 691 559 719 pretium
572 697 622 713 esse
639 690 748 713 duximus
763 692 868 719 exemplo
880 692 924 713 hoc
935 697 988 719 pro-

144 723 214 758 bare,
232 729 384 758 proponendo
400 736 427 751 ex
445 729 508 752 libris
525 730 578 752 Vlll.
595 732 616 752 et
635 729 672 751 lX.
690 729 719 752 de
737 730 845 752 Trinitate
862 736 888 752 ea
906 730 928 751 S.
944 730 987 751 Au-

144 769 228 797 gustini
247 768 275 790 de
292 769 422 796 cognitione
439 769 539 791 humana
564 768 727 797 fundamenta,
745 775 805 797 quae
827 769 849 791 S.
872 769 987 791 Bonaven-

145 811 194 830 tura
211 808 247 830 hie
265 807 300 829 vel
317 808 497 836 praesupponit,
515 808 550 830 vel
568 807 671 835 explicite
687 808 773 830 asserit.

208 846 229 868 -1,
246 847 393 873 Α1101·115511110
405 846 436 868 ibi
448 845 567 874 distinguit
578 846 599 868 S.
612 846 754 874 Augustinus
765 846 823 868 inter
834 846 986 874 cognitionem

143 891 254 907 sensuum
273 885 424 913 (phantasiae)
442 887 465 907 et
481 885 622 907 intellectus:
643 893 653 905 (ι
666 885 691 906 Et
707 883 868 913 Carthaginem
893 885 987 914 quidem

144 930 197 946 cum
215 924 290 952 eloqui
308 924 375 951 volo,
394 923 456 951 apud
473 929 510 945 me
527 924 605 951 ipsum
621 929 708 952 quaero
718 941 723 950 ,
736 926 760 945 111
771 924 879 952 eloquar,
892 926 913 946 et
925 924 988 951 apud

145 968 181 985 me
198 963 275 990 ipsum
293 963 385 984 invenio
402 962 544 990 phantasiam
562 961 718 990 Carthaginis,
743 962 784 984 sed
808 968 859 984 eam
883 968 924 990 per
941 968 988 984 cor-

144 1007 189 1029 pus
205 1001 295 1029 accepi,
314 1001 327 1022 i.
345 1007 365 1023 e.
383 1007 424 1028 per
441 1001 545 1028 corporis
561 1006 678 1023 sensum...
691 1001 739 1023 Non
755 1003 831 1023 autem
844 1002 873 1023 ita
886 1007 972 1029 quaero
982 1019 987 1029 ‚

143 1039 201 1068 quid
217 1040 246 1062 sit
261 1039 346 1064 iustusv
364 1045 406 1061 nec
423 1040 452 1061 ita
469 1039 573 1066 invenio,
592 1045 633 1061 nec.
651 1040 679 1061 ita
696 1040 800 1065 intueor,
824 1045 876 1061 cum
902 1039 924 1061 id
942 1039 988 1061 elo-

144 1084 203 1107 quor
215 1086 225 1098 »
246 1081 287 1100 ete.
305 1078 367 1106 (Vlll.
385 1084 404 1102 c.
422 1078 443 1100 6.
461 1084 482 1100 n.
501 1078 540 1103 9.).

208 1117 228 1139 2.
246 1116 369 1145 Distinguit
384 1117 406 1138 iu
424 1117 554 1144 cognitione
570 1116 712 1139 intellectuali
738 1120 863 1145 conceptus
880 1118 988 1139 formatos

144 1162 186 1184 per
202 1155 377 1178 abstractionem
400 1162 412 1177 a
430 1155 500 1177 rebus
525 1154 672 1177 sensibilibus
696 1158 717 1177 et
743 1161 787 1177 non
813 1155 922 1178 formatos
946 1161 988 1183 per

143 1193 336 1217 abstractionem:
357 1202 367 1214 1
380 1194 458 1222 Neque
475 1194 536 1216 enim
554 1194 625 1216 oculis
650 1195 767 1222 corporeis
792 1195 875 1216 multas
900 1197 988 1217 mentes

145 1234 245 1257 videndo
263 1240 304 1262 per
321 1233 492 1256 similitudinem
510 1233 639 1260 colligimus
655 1234 785 1261 generalem
811 1234 847 1256 vel
864 1233 987 1262 specialem

144 1273 226 1295 mentis
238 1273 351 1295 humanae
364 1273 472 1300 notitiam,
485 1271 524 1294 sed
537 1272 654 1294 intuemur
670 1272 823 1295 inviolabilem
842 1273 960 1295 veritatem
974 1281 984 1293 1»

146 1311 195 1338 (lx.
211 1317 230 1333 c.
249 1312 270 1334 ὃ.
288 1318 309 1333 11.
327 1312 365 1339 9.),

208 1350 229 1372 3.
247 1350 345 1378 Asserit,
363 1350 452 1378 aliquos
463 1353 589 1377 conceptus
600 1349 761 1372 intellectuales
770 1368 775 1376 ,
788 1355 847 1378 quos
859 1349 972 1372 habemus
981 1367 986 1377 ,

145 1394 276 1417 supponere
297 1389 460 1416 experientiam
484 1389 533 1410 sive
557 1390 673 1410 externam
699 1389 748 1410 sive
771 1389 898 1411 internam:
919 1396 929 1408 (ι
942 1388 987 1411 Sed

144 1419 200 1456 quid
218 1428 246 1449 sit
262 1428 327 1455 mori,
344 1430 366 1449 et
383 1427 439 1456 quid
456 1428 483 1449 sit
499 1428 586 1453 vivere.
605 1427 683 1456 utique
699 1427 797 1452 scimus;
818 1427 871 1455 quia
889 1430 909 1449 et
931 1427 988 1449 vivi-

144 1471 204 1494 mus,
221 1468 242 1488 et
260 1468 363 1488 mortuos
379 1472 405 1488 ac
422 1466 545 1489 morientes
562 1465 685 1494 aliquando
703 1466 803 1488 vidimus
815 1469 837 1488 et
847 1466 933 1494 experti
950 1472 988 1488 su-

145 1510 198 1527 mus
216 1513 225 1524 »
255 1504 318 1531 (Vlll.
335 1511 354 1527 c.
372 1505 393 1527 5.
413 1511 433 1527 11.
451 1505 491 1533 8.).

209 1543 229 1565 4.
248 1543 310 1569 Dicit,
328 1544 417 1566 animae
439 1544 553 1566 humanae
569 1542 710 1573 impresstmt
732 1549 781 1566 esse
805 1544 906 1566 notitiam
932 1550 989 1573 qua-

148 1582 246 1605 rundam
272 1588 365 1605 rerum:
390 1591 400 1603 ιι
418 1582 495 1611 Neque
520 1583 581 1604 enim
606 1583 628 1604 in
654 1583 689 1604 his
713 1581 822 1604 omnibus
847 1581 928 1609 bonis,
951 1580 997 1604 vel'

145 1628 204 1652 quae
222 1623 402 1654 commemoravi
420 1622 455 1644 vel
473 1628 532 1650 quae
556 1622 598 1643 alia
623 1624 747 1644 cernuntur
771 1622 819 1644 sive
845 1622 987 1650 cogitantur,

146 1661 276 1683 diceremus
292 1660 354 1683 aliud
371 1660 415 1682 alio
432 1660 529 1688 melius,
547 1666 600 1682 cum
618 1666 672 1682 vere
694 1659 835 1684 iudicamus.
860 1658 908 1682 ussi
931 1660 990 1682 esset

144 1698 211 1723 nobis
227 1699 342 1729 impressa
360 1698 424 1722 notio
441 1698 515 1728 ipsius
532 1697 601 1727 boni,
621 1698 748 1721 secundum
766 1698 830 1727 quod
843 1701 865 1721 et
882 1698 989 1726 probare·

145 1744 197 1761 mus
222 1737 308 1766 aliquid
333 1740 356 1759 et
371 1737 433 1760 aliud
450 1737 480 1760 1111
497 1743 693 1765 praeponeremus
706 1746 715 1757 υ
744 1737 807 1765 (Vlll.
825 1743 844 1759 c.
863 1737 883 1759 3.
910 1743 930 1759 11.
949 1736 987 1765 4.).

144 1777 262 1800 Habemus
277 1778 339 1799 enim
356 1777 421 1805 quasi
439 1776 574 1804 regulariter
589 1775 691 1806 infimtm
707 1776 822 1798 humanae
837 1778 932 1798 naturae
949 1782 989 1798 no-

145 1817 240 1839 titiam...
257 1815 388 1838 Secundum
406 1816 495 1844 species
512 1818 532 1837 ct
550 1821 633 1843 genera
651 1821 729 1837 rerum
752 1815 787 1837 vel
811 1816 901 1838 natura
918 1814 989 1838 insita-

146 1855 181 1876 vel
199 1855 336 1882 experientia
354 1854 446 1876 collecta
457 1872 462 1881 ,
479 1854 508 1876 dc
526 1854 589 1876 sactis
607 1853 764 1876 huiuscemodi
784 1853 908 1881 (miraculis
924 1857 946 1876 et
956 1860 988 1876 re-

146 1894 286 1916 surrectione
304 1893 395 1921 Christi)
413 1893 551 1920 cegitamus,
571 1895 595 1914 ut
612 1898 655 1914 non
674 1892 724 1914 sicta
749 1893 777 1914 sit
802 1891 859 1914 fides
884 1894 959 1914 nostra
974 1901 984 1912 11

146 1933 210 1960 (ibid.
228 1939 247 1955 c.
266 1932 286 1955 4..
304 1932 325 1954 5.
343 1939 364 1954 n.
381 1932 421 1959 7.).
447 1940 456 1952 α
469 1931 529 1960 Quid
545 1932 615 1959 igitur
631 1931 659 1954 de
678 1932 712 1954 illa
727 1931 856 1954 excellentia
874 1931 989 1954 Trinitatis

146 1972 194 1994 sive
211 1971 339 1999 specialiter
356 1971 405 1992 sive
422 1970 558 1998 generaliter
575 1971 698 1997 novimus,
716 1970 781 1998 quasi
798 1969 883 1992 mult-ae
899 1970 943 1992 sint
960 1973 988 1992 ta-

146 2010 178 2032 les
195 2010 316 2037 trinitates,
334 2015 432 2038 quarum
450 2009 538 2037 aliquas
555 2009 641 2036 experti
658 2014 754 2036 sumus,
773 2010 797 2030 ut.
818 2014 859 2035 per
884 2008 988 2036 regulam

145 2048 299 2080 similitudinis
315 2047 469 2077 impressam,
489 2048 525 2070 vel
542 2047 665 2075 specialem
682 2047 718 2069 vel
730 2047 861 2075 generalem
879 2049 987 2076 notitiam,

146 2087 206 2119 illam
223 2093 316 2116 quoque
334 2087 401 2109 talem
418 2093 468 2109 esse
485 2086 607 2109 credamus
620 2095 629 2107 11
649 2089 691 2109 etc.
710 2086 774 2115 (ibid.
792 2093 812 2109 c.
829 2087 850 2109 5.
868 2093 889 2109 n.
907 2087 946 2115 8.).

185 2128 187 2131 “
209 2125 230 2148 5.
249 2126 349 2153 Asserit,
368 2125 483 2154 quaedam
501 2126 609 2154 cognosci
626 2125 655 2148 ab
673 2126 765 2148 homino
790 2126 811 2147 in
837 2125 948 2152 veritate,
967 2128 990 2148 ct

146 2165 214 2188 etiam
231 2165 253 2187 in
271 2164 366 2188 caritate
382 2165 486 2187 aeterna.
504 2165 594 2187 Minime
617 2168 694 2187 autem
719 2165 787 2193 dicit,
806 2166 848 2187 hoc
874 2164 921 2187 fieri
947 2171 989 2192 per

147 2203 310 2227 immediatum
327 2207 470 2226 aeternarum
489 2204 602 2226 rationum
619 2197 779 2232 conspectum,
798 2207 823 2226 ut
834 2204 988 2232 Ontologistae

146 2243 236 2270 onunt,
255 2242 294 2265 scd
321 2242 414 2269 intelligi
439 2241 508 2264 debet
531 2242 659 2265 secundum
681 2242 742 2264 illam
767 2243 988 2270 interpretationem,

147 2287 218 2309 quam
235 2281 341 2303 meliores
360 2281 491 2303 Scholastici
509 2280 630 2307 exhibeam
648 2281 687 2302 cfr.
705 2287 775 2308 supra
792 2280 815 2303 d.
833 2281 853 2303 3.
872 2287 895 2308 p.
908 2280 921 2302 l.
932 2287 953 2309 q.
968 2280 987 2301 l.

144 2320 260 2342 Scholion.
279 2319 341 2342 Libr.
359 2319 411 2342 Vlll.
424 2326 444 2342 c.
456 2320 477 2341 6.
491 2325 512 2341 11.
524 2320 546 2341 9.
558 2320 664 2347 proponit
682 2320 847 2347 quaestionem.
859 2324 918 2347 quae
936 2324 989 2340 cum

146 2358 181 2379 illa
199 2364 258 2386 quae.
275 2364 287 2380 a
306 2358 327 2380 S.
346 2358 431 2380 Bonav.
455 2358 491 2380 hic
508 2360 665 2385 pertractatur,
684 2358 782 2379 maxime
799 2358 920 2384 convenit,
941 2357 988 2380 scil.

144 2397 264 2426 quomodo
283 2397 352 2419 homo
370 2397 468 2419 iniustus
484 2399 609 2424 cognoscat
625 2397 728 2422 animum
745 2397 845 2424 iustum,
870 2402 941 2425 quem
958 2396 989 2419 di-

146 2435 209 2463 ligit,
226 2441 324 2463 eamque.
342 2435 371 2457 ita
388 2435 473 2457 solvit:
494 2443 504 2455 «ς
517 2435 577 2462 Quid
599 2435 627 2456 sit
650 2434 761 2462 animus,
788 2437 813 2457 ut
836 2435 923 2457 dictum
939 2438 988 2462 est,

148 2475 254 2496 novimus
270 2480 296 2496 ex
315 2474 396 2501 nobis,
413 2475 471 2496 inest
487 2475 548 2496 enim
570 2475 661 2497 animus
685 2474 758 2497 nobis.
785 2474 844 2502 Quid
869 2476 944 2496 autem
961 2475 990 2498 sit

145 2511 238 2540 ettalus,
262 2513 323 2535 unde
341 2513 464 2540 novimus,
480 2513 498 2535 si
516 2514 567 2535 iusti
585 2519 629 2535 11011
645 2514 765 2535 5111111151...
783 2513 816 2535 An
837 2514 902 2541 signa
919 2519 990 2542 quae-

147 2551 201 2573 dam
218 2558 260 2579 per
277 2554 365 2574 motum
383 2552 487 2579 corporis
503 2553 615 2579 emicant,
634 2551 719 2581 quibus
735 2552 771 2574 ille
796 2555 835 2574 aut
859 2552 894 2574 ille
920 2553 989 2575 homo

148 2596 197 2619 esse
215 2591 287 2612 iustus
304 2592 417 2618 apparet?
434 2590 479 2612 Sed
496 2590 558 2612 unde
574 2591 652 2618 novit,
670 2591 706 2612 illa
726 2591 792 2619 signa
808 2597 858 2613 esse
874 2591 944 2612 animi
956 2591 990 2613 iu-

146 2629 187 2657 sti,
206 2629 324 2653 1105010115,
342 2628 397 2657 quid
415 2629 508 2651 omnino
520 2629 548 2651 sit
559 2629 648 2651 iustus?
664 2629 732 2653 Novit
747 2635 811 2657 ergo.
834 2629 879 2651 Sed
896 2629 935 2651 uhi
953 2635 990 2655 no-

148 2668 238 2696 vimus,
256 2667 313 2696 quid
330 2668 358 2690 sit
375 2668 464 2695 iustus,
481 2669 548 2690 etiam
571 2675 624 2690 cum
646 2669 698 2691 iusti
724 2668 826 2690 nondum
851 2669 990 2690 sumus‘ZSi

148 2709 209 2729 extra
226 2713 268 2729 nos
287 2708 408 2734 nouimus,
427 2708 449 2729 111
467 2713 563 2736 corpore
581 2708 657 2736 aliquo
679 2708 800 2730 novimus..
816 2707 862 2730 Sed
887 2714 932 2730 non
957 2710 992 2730 est

147 2746 188 2769 ista
207 2752 244 2768 res
261 2747 371 2773 corporis.
390 2746 411 2767 111
430 2745 496 2768 1101115
514 2746 582 2773 igitur
599 2747 721 2772 novimus,
739 2746 795 2775 quid
811 2747 837 2768 sit
851 2747 931 2769 iustus,
943 2747 990 2769 Non
1019 2775 1021 2781 .

1042 149 1156 178 UNICUS
1177 149 1313 185 QUAEST.
1335 150 1375 177 tv.
1828 149 1884 178 303

1044 227 1105 249 enim
1122 226 1175 249 alibi
1194 228 1236 249 hoc.
1253 228 1345 249 invenio
1355 245 1360 255 ,
1378 233 1431 249 cum
1443 234 1530 256 quaero
1540 245 1545 254 .
1559 231 1583 249 ut
1594 228 1637 249 hoc
1647 228 1752 256 eloquar,
1769 228 1811 249 nisi
1823 227 1884 255 apud

1044 270 1081 287 me
1098 266 1198 293 ipsum...
1216 266 1242 288 Et
1260 265 1427 295 Carthaginem
1443 266 1538 295 quidem
1556 272 1609 288 cum
1634 267 1710 295 eloqui
1735 266 1800 293 volo,
1822 266 1884 293 apud

1044 308 1082 325 me
1098 303 1175 330 ipsum
1193 302 1293 332 quaero,
1315 306 1339 326 ut
1363 304 1471 332 eloquar,
1496 306 1519 326 et
1543 304 1606 332 apud
1630 310 1667 326 me
1692 305 1769 332 Ipsum
1794 304 1885 326 invenio

1045 342 1187 369 phantasiam
1205 341 1361 370 Carthaginis,
1379 342 1419 364 scd
1437 348 1488 365 eam
1506 349 1547 370 per
1564 349 1648 371 corpus
1665 343 1758 370 accepi,
1776 343 1790 364 i.
1807 348 1826 364 c.
1845 348 1886 370 per

1045 382 1149 409 corporis
1165 388 1283 404 sensum...
1301 382 1348 403 Non
1365 383 1442 404 autem
1459 382 1488 403 ita
1506 388 1608 410 quaero,
1626 382 1682 411 quid
1698 383 1727 404 sit
1739 381 1831 409 iustus,
1845 388 1886 404 nec

1044 419 1073 441 ita
1091 420 1183 442 invenio
1208 426 1250 442 nec
1267 420 1296 442 ita
1314 420 1417 444 intueor.
1435 426 1489 442 cum
1514 421 1537 442 id
1559 420 1677 449 eloquor...
1703 420 1758 443 lllud
1783 420 1886 443 mirabile

1045 461 1093 486 est,
1111 461 1136 480 ut
1152 458 1213 486 apud
1232 465 1256 481 se
1273 459 1364 481 animus
1380 458 1464 486 videat,
1482 459 1546 488 quod
1563 459 1615 481 alibi
1633 465 1746 488 nusquam
1769 459 1840 485 vidit,
1865 463 1884 482 et

1045 503 1127 519 verum
1145 498 1229 525 videat,
1256 498 1332 526 ipsum
1354 504 1435 520 verum
1464 499 1548 520 iustum
1573 499 1676 521 animum
1698 498 1789 525 rideat,
1814 501 1833 521 et
1860 499 1886 521 sit

1045 536 1095 564 ipse
1113 537 1218 563 animus,
1236 540 1258 559 et
1275 543 1319 559 non
1337 537 1365 559 sit
1380 537 1454 559 iustus
1470 537 1575 565 animus.
1593 543 1662 566 quem
1683 537 1745 565 apud
1763 544 1787 559 se
1811 538 1886 565 ipsum

1045 574 1114 597 videt.
1133 575 1191 597 Num
1208 578 1241 598 est
1259 576 1316 599 alius
1334 576 1424 598 animus
1441 576 1514 598 iustus
1531 576 1553 598 in
1571 577 1647 598 animo
1665 576 1768 598 nondum
1784 577 1886 599 1115101..4

1045 615 1078 635 Α11
1095 614 1151 636 illud
1168 614 1232 643 quod
1249 614 1327 642 videt,
1352 614 1441 637 veritas
1457 616 1491 637 est
1515 614 1629 642 interior,
1654 621 1767 644 praesens
1791 615 1886 642 (11111110,

1046 653 1085 681 (1111
1102 659 1153 675 eam
1171 653 1231 676 valet
1248 654 1348 676 intueri?
1366 653 1443 683 Neque
1461 659 1541 676 omnes
1557 654 1647 682 vale-nt3
1664 656 1686 676 et
1702 655 1741 683 qui
1753 655 1834 677 intueri
1850 660 1888 677 va·

1046 691 1105 719 lent,
1123 692 1166 714 hoc
1183 692 1250 714 etiam
1259 710 1264 719 ,
1277 691 1340 721 qnod
1352 692 1468 715 intuentur
1478 710 1483 719 ,
1501 698 1545 715 11011
1558 698 1638 715 omnes
1649 695 1713 718 sunt.
1726 694 1769 715 1100
1781 696 1829 721 est,
1842 699 1885 715 non

1045 732 1098 752 sunt
1114 731 1181 752 ctiam
1200 731 1242 758 ipsi
1260 731 1311 753 iusti
1328 731 1405 759 animi,
1423 731 1481 753 sicut
1496 735 1593 759 possunt
1603 731 1683 754 videre
1698 738 1725 754 ac
1736 732 1819 760 dicere,
1831 732 1886 761 quid

1045 769 1073 790 sit
1089 769 1162 791 iustus
1179 770 1277 791 animus.
1295 769 1362 797 Quod
1379 770 1440 792 unde
1457 776 1507 792 esse
1525 772 1659 799 potuerunt,
1684 771 1727 793 nisi
1748 771 1887 794 inhaerendo

1044 806 1120 829 eidem
1137 808 1181 835 ipsi
1198 808 1300 835 formae,
1318 814 1388 836 quam
1405 808 1535 836 intuentur,
1553 809 1576 831 111
1594 808 1647 831 inde
1663 809 1790 831 formentur
1806 811 1828 831 et
1844 809 1885 830 51111

1044 846 1097 868 111511
1114 846 1199 875 ammi,
1217 852 1261 869 non
1279 849 1366 869 tantum
1384 850 1525 869 cernentes...
1542 848 1568 869 Et
1584 847 1646 870 unde
1663 848 1792 870 inhaeretur
1803 848 1833 869 illi
1844 848 1887 869 sor-

1045 891 1112 912 mae,
1130 886 1172 907 nisi
1189 885 1288 908 amando
1298 887 1331 908 ⁵2...
1349 886 1423 908 Homo
1439 892 1507 914 erge,
1533 886 1572 914 qui
1590 886 1690 908 credItur
1706 887 1794 915 iustus,
1811 892 1842 909 etz·
1858 892 1884 909 θα

1044 922 1124 952 forma
1140 925 1162 947 et
1179 923 1275 947 veritate
1291 924 1406 953 diligitur,
1423 931 1494 954 quam
1516 926 1587 956 cernit
1611 927 1634 948 et
1648 925 1751 953 intelligit
1775 924 1838 952 apud
1861 930 1886 947 se

1045 962 1081 984 ille
1104 963 1143 991 qui
1160 962 1248 990 diligit:
1265 962 1316 992 ipsa
1334 968 1389 986 vero
1405 962 1485 992 somna
1502 964 1523 986 et
1540 963 1625 986 veritas
1642 969 1686 985 non
1712 967 1752 992 est,
1768 962 1886 992 quomodo

1045 1001 1137 1023 aliunde
1155 1001 1269 1029 diligatur.
1287 1002 1365 1030 Neque
1381 1002 1441 1024 enim
1464 1002 1595 1025 invenimus
1619 1002 1705 1031 aliquid
1728 1002 1772 1024 tale
1796 1004 1887 1029 praeter

1046 1040 1136 1068 ipsam,
1154 1043 1177 1062 ut
1195 1045 1259 1068 eam,
1277 1046 1330 1062 cum
1347 1041 1461 1069 incognita
1478 1043 1526 1068 est,
1545 1040 1660 1064 credendo
1672 1040 1808 1068 diligamus,
1820 1046 1847 1062 ex
1858 1046 1886 1062 eo

1045 1078 1109 1107 quod
1126 1080 1170 1101 iam
1188 1079 1231 1101 tale
1248 1079 1334 1108 aliquid
1352 1080 1466 1101 novimus.
1484 1079 1600 1108 Quidquid
1617 1080 1679 1102 enim
1696 1079 1739 1101 tale
1759 1079 1886 1107 aspexeris,

1045 1118 1094 1145 ipsa
1112 1120 1160 1145 est;
1178 1120 1198 1140 et
1216 1124 1261 1140 non
1279 1122 1313 1141 est
1329 1118 1456 1147 quidquam
1475 1118 1532 1146 tale,
1558 1119 1666 1146 quoniam
1691 1118 1738 1140 sola
1763 1118 1813 1146 ipsa
1838 1118 1887 1139 talis

1044 1159 1094 1183 est,
1113 1156 1186 1184 qualis
1204 1156 1252 1184 ipsa
1269 1159 1336 1178 est».
1355 1156 1409 1179 lbid.
1427 1163 1446 1179 c.
1465 1158 1485 1179 9.
1512 1163 1533 1179 11.
1559 1157 1602 1179 t3:
1631 1165 1641 1176 ιι
1655 1156 1787 1178 Vivendum
1811 1158 1885 1178 tamen

1045 1195 1077 1216 sic
1094 1200 1144 1216 esse
1161 1194 1201 1217 Dei
1218 1196 1338 1224 ministris,
1356 1201 1400 1217 non
1419 1195 1447 1217 de
1459 1195 1573 1224 aliquibus
1584 1195 1688 1218 auditum
1704 1195 1834 1222 credimus,
1846 1195 1886 1217 scd

1044 1232 1105 1254 intus
1122 1232 1185 1260 apud
1203 1238 1250 1260 nos,
1268 1233 1304 1255 rel
1321 1234 1398 1261 potius
1414 1240 1484 1261 supra
1501 1240 1543 1256 nos
1559 1233 1583 1256 in
1600 1233 1651 1263 ipsa
1666 1232 1763 1256 velitata
1778 1233 1887 1261 conspici-

1044 1277 1104 1293 mus.
1122 1271 1186 1294 lllum
1203 1277 1272 1299 ergo.
1290 1278 1361 1300 quem
1378 1273 1411 1294 sic
1428 1273 1511 1295 vixisse
1528 1272 1658 1300 credimus,
1676 1278 1703 1294 ex
1721 1273 1764 1294 hoc
1781 1271 1845 1300 quod
1856 1272 1887 1293 vi<

1045 1310 1127 1332 demus
1144 1310 1268 1338 diligimus.
1286 1310 1312 1332 Et
1328 1311 1370 1332 nisi
1388 1311 1446 1333 hanc
1462 1311 1572 1339 sormam,
1589 1317 1660 1340 quam
1677 1317 1770 1340 semper
1783 1310 1887 1333 stabilem

1045 1352 1113 1378 atque
1129 1349 1340 1372 incommutabilem
1358 1351 1488 1378 cernimus,
1506 1350 1630 1378 praecipue
1651 1350 1815 1378 diligeremus,
1841 1356 1885 1372 11011

1044 1388 1096 1410 ideo
1114 1388 1262 1416 diligeremus
1279 1389 1355 1417 illum,
1373 1390 1426 1418 quia
1443 1390 1493 1411 eius
1509 1390 1579 1411 vitam
1590 1408 1595 1417 ,
1613 1395 1665 1412 cum
1687 1390 1709 1411 111
1734 1395 1802 1411 carne
1827 1389 1888 1411 vive-

1044 1428 1093 1455 ret,
1113 1427 1166 1449 huic
1183 1427 1269 1449 formae
1286 1429 1414 1455 coaptatam
1432 1430 1452 1450 ct
1470 1430 1635 1456 congruentem
1651 1428 1722 1450 fuisse
1742 1427 1787 1450 side
1809 1428 1888 1450 retine-

1044 1471 1097 1488 mus
1109 1473 1130 1487 ».
1148 1465 1208 1487 Libr.
1226 1465 1263 1488 lx.
1281 1472 1300 1488 c.
1313 1467 1334 1488 6.
1347 1472 1368 1488 11.
1382 1467 1411 1488 9:
1430 1474 1440 1487 «
1454 1466 1579 1489 Intuemur
1586 1465 1744 1489 inviolabilem
1757 1465 1885 1491 veritatem.

1044 1510 1072 1527 ex
1089 1510 1134 1533 qua
1152 1505 1267 1532 perfecte,
1285 1507 1395 1534 quantum
1413 1511 1550 1533 possumus,
1568 1505 1711 1533 definiamus,
1721 1511 1766 1527 non
1775 1505 1848 1534 qualis
1860 1506 1888 1527 sit.

1045 1544 1227 1572 uniuscuiusque
1245 1544 1344 1566 hominis
1360 1550 1437 1571 mens,
1455 1544 1495 1566 sed
1512 1544 1586 1573 qualis
1602 1550 1652 1566 esse
1664 1544 1808 1572 sempiternis
1824 1544 1888 1566 ratio-

1045 1583 1113 1606 nibus
1130 1583 1213 1605 debeat
1224 1592 1245 1605 ».
1262 1583 1318 1605 lbid.
1336 1590 1358 1605 n.
1376 1584 1401 1606 11
1415 1589 1420 1606 :
1441 1592 1451 1603 a
1463 1584 1513 1611 lpsa
1530 1589 1585 1606 vera
1601 1582 1682 1612 forma
1692 1582 1845 1606 inconcussae
1860 1589 1889 1606 tlt:

1044 1621 1134 1645 stabitis
1150 1621 1255 1645 veritatis
1266 1640 1273 1650 ,
1290 1625 1312 1645 et
1329 1623 1351 1644 in
1368 1629 1414 1651 qua
1430 1623 1518 1644 fruerer
1535 1623 1641 1649 homine,
1659 1622 1747 1644 honum
1771 1628 1824 1644 eum
1842 1628 1888 1644 cre-

1045 1661 1117 1689 dens,
1134 1663 1156 1683 et
1173 1662 1194 1683 in
1212 1667 1257 1690 qua
1275 1661 1384 1689 consulo,
1403 1664 1427 1683 ut¹
1443 1661 1518 1684 11011115
1535 1661 1577 1689 sit,
1595 1661 1676 1683 eadem
1694 1661 1744 1683 luce
1771 1661 1888 1688 incorrup<

1046 1700 1113 1722 tibilis
1130 1701 1343 1729 sincerissimaeque
1360 1701 1453 1722 rationis
1469 1702 1492 1722 et
1508 1706 1573 1722 meae
1589 1701 1672 1722 mentis
1688 1702 1806 1727 aspectum
1826 1702 1847 1722 et
1866 1699 1889 1722 il-

1046 1739 1090 1761 lam
1108 1739 1239 1767 phantasiae
1262 1738 1363 1765 nubem,
1389 1744 1458 1767 quam
1484 1738 1584 1766 desuper
1609 1744 1690 1765 cerno,
1713 1744 1766 1760 cum
1788 1737 1887 1760 eundem

1046 1778 1174 1804 hominem,
1197 1783 1266 1806 quem
1292 1777 1409 1805 videram,
1435 1777 1525 1805 cogito,
1550 1776 1733 1805 imperturbabili
1759 1777 1888 1799 aeternitate

1047 1816 1163 1844 pertundit
1175 1824 1196 1838 n.
1215 1815 1270 1838 lbid.
1288 1822 1307 1838 c.
1320 1815 1341 1838 7.
1354 1822 1376 1838 n.
1398 1816 1436 1838 12:
1452 1824 1462 1835 «
1474 1816 1496 1838 111
1508 1816 1543 1838 illa
1555 1816 1625 1844 igitur
1636 1816 1733 1838 aeterua
1743 1815 1848 1843 ver-itate,
1862 1822 1888 1838 ex

1046 1861 1091 1883 qua
1108 1854 1243 1882 temporalia
1260 1855 1316 1876 sacta
1339 1857 1392 1876 sunt
1416 1856 1505 1881 omnia,
1532 1854 1644 1882 sormam,
1667 1854 1796 1877 secundum
1818 1860 1889 1883 quam

1046 1899 1127 1916 sumus
1144 1896 1167 1915 et
1182 1893 1311 1916 secundum
1329 1899 1399 1922 quam
1416 1894 1452 1915 1·οΙ
1470 1894 1492 1915 111
1511 1893 1576 1916 1101115
1592 1894 1629 1915 vel
1646 1894 1669 1915 in
1686 1892 1822 1921 corporibus
1833 1897 1888 1915 vera

1046 1935 1067 1955 et
1084 1934 1144 1955 recta
1161 1933 1248 1954 ratione
1265 1932 1351 1961 aliquid
1368 1938 1507 1960 operamur,
1524 1933 1576 1954 visu
1597 1933 1679 1955 mentis
1702 1933 1841 1960 aspicimus,
1859 1934 1889 1953 at-

1045 1977 1091 2000 que
1108 1971 1161 1993 inde
1177 1971 1312 1999 conceptam
1328 1977 1406 1994 rerum
1424 1977 1531 1994 veracem
1546 1972 1647 1994 notitiam
1664 1974 1773 2000 tanquam
1790 1970 1889 1995 verbum

1046 2010 1108 2038 apud
1126 2016 1168 2032 nos
1185 2010 1297 2033 habemus
1314 2012 1334 2033 et
1353 2010 1450 2033 dicendo
1467 2011 1527 2033 intus
1539 2011 1663 2039 gignimus,
1682 2017 1723 2033 nec
1739 2017 1752 2032 a
1769 2010 1836 2032 nobis
1852 2017 1889 2032 nn-

1046 2049 1131 2071 scendo
1148 2049 1245 2072 discedit
1256 2057 1277 2071 ι».

1110 2088 1131 2110 6.
1149 2088 1231 2111 Ultima
1244 2089 1300 2110 haec
1312 2088 1383 2110 verba
1396 2084 1463 2110 aliam
1476 2089 1654 2116 Augustinianac,
1666 2089 1788 2110 sentcntiae
1801 2088 1888 2116 partem

1047 2127 1160 2155 indicant,
1178 2132 1248 2155 quam
1266 2127 1287 2148 S.
1306 2127 1391 2149 Bonav.
1416 2127 1439 2148 in
1464 2127 1509 2149 sine
1534 2127 1603 2149 huius
1625 2128 1765 2155 quaestionis
1789 2127 1887 2155 attingit¹

1046 2166 1092 2188 scil.
1111 2166 1174 2194 quod
1191 2165 1282 2188 habitus
1299 2167 1389 2188 animae
1401 2183 1406 2193 ,
1425 2166 1463 2194 qui
1482 2169 1652 2193 cognoscuntur
1676 2166 1698 2187 in
1721 2166 1769 2194 ipsa
1794 2166 1888 2188 veritate

1045 2207 1067 2227 et
1084 2210 1125 2232 per
1142 2204 1310 2232 similitudines,
1328 2210 1387 2233 quae
1405 2204 1465 2226 idem
1483 2206 1536 2226 sunt
1552 2204 1614 2233 quod
1631 2205 1694 2232 ipsae
1711 2204 1757 2231 (res
1774 2205 1788 2226 i.
1812 2210 1832 2226 e.
1850 2205 1889 2226 ha-

1046 2242 1131 2271 bitus),
1149 2249 1194 2265 11011
1212 2245 1381 2271 cognoscantur
1397 2243 1486 2272 absque
1502 2243 1576 2271 aliqua
1594 2243 1671 2270 specie
1687 2243 1709 2264 in
1727 2243 1839 2265 intellectu
1852 2248 1890 2265 co-

1046 2283 1176 2310 gnoscentis
1193 2282 1296 2304 formata.
1314 2282 1378 2304 Libr..
1391 2282 1429 2305 lx.
1447 2288 1466 2304 c.
1484 2282 1505 2304 3.
1518 2289 1540 2304 n.
1552 2282 1573 2304 3.
1591 2283 1636 2304 ait:
1657 2290 1668 2302 «1
1681 2282 1742 2304 Mens
1758 2288 1815 2310 ergo
1827 2283 1887 2310 ipsa,

1046 2321 1105 2343 sicut
1121 2326 1287 2348 corporearum
1305 2327 1382 2343 rerum
1400 2321 1489 2343 notitias
1506 2327 1548 2349 per
1564 2326 1645 2343 sensus
1661 2321 1764 2348 corporis
1789 2321 1887 2349 colligit,

1045 2359 1078 2381 sic
1094 2360 1284 2387 incorporearum
1301 2365 1343 2387 per
1365 2360 1518 2387 semetipsam.
1545 2359 1605 2387 Ergo
1630 2361 1652 2381 et
1675 2360 1823 2387 semetipsam
1846 2365 1889 2389 per

1045 2403 1069 2420 sa
1084 2396 1160 2426 ipsam
1176 2396 1256 2425 not-it,
1276 2398 1385 2426 quoniam
1403 2400 1436 2420 est
1453 2398 1587 2426 incorporea
1600 2405 1621 2419 n.
1637 2409 1670 2413 —
1685 2397 1740 2419 lbid.
1766 2403 1785 2420 c.
1812 2398 1848 2419 «ll.
1866 2404 1888 2419 n.

1051 2437 1083 2459 16.
1093 2435 1209 2465 loquendo
1226 2436 1255 2458 de
1272 2437 1400 2464 cognitione
1417 2436 1458 2458 Dei
1474 2436 1587 2464 ostendit,
1604 2436 1668 2465 quod
1684 2436 1706 2458 in
1723 2437 1772 2464 ipsa
1792 2444 1802 2456 u
1814 2435 1889 2458 titali-

1046 2481 1092 2504 qua
1108 2476 1148 2503 Dei
1165 2475 1289 2497 similitudo
1306 2475 1341 2497 illa
1358 2475 1451 2502 notitia,
1470 2477 1544 2497 tamen
1562 2474 1654 2497 inferior
1670 2478 1711 2502 est,
1728 2475 1782 2503 quia
1796 2475 1819 2496 in
1833 2475 1888 2498 -inle

1046 2515 1105 2536 riore
1123 2516 1202 2536 natura
1219 2516 1267 2541 est;
1285 2517 1388 2536 creatura
1404 2514 1492 2542 quippe
1509 2514 1611 2541 animus,
1628 2512 1721 2535 Creator
1732 2515 1808 2535 autem
1820 2513 1887 2536 Deus.

1046 2553 1076 2575 Ex
1094 2558 1140 2582 quo
1158 2553 1283 2580 colligitur,
1300 2553 1354 2581 quia
1371 2558 1424 2582 cum
1442 2558 1467 2573 se
1483 2557 1549 2574 mens
1565 2552 1614 2579 ipsa
1636 2551 1699 2573 novit
1714 2553 1783 2580 atque
1807 2557 1889 2579 appro-

1046 2591 1099 2619 bat,
1117 2591 1150 2614 sic
1166 2594 1200 2613 est
1217 2590 1298 2613 eadem
1316 2590 1392 2612 notitia
1409 2589 1508 2612 verbum
1525 2590 1586 2617 eius,
1604 2592 1629 2612 ut
1644 2590 1665 2611 ei
1681 2589 1710 2611 sit
1733 2595 1775 2616 par
1795 2589 1888 2611 omnino

1046 2631 1069 2651 ct
1085 2629 1179 2657 aequale
1197 2631 1264 2657 atque
1281 2627 1418 2655 identidem,
1431 2627 1484 2655 quia
1497 2633 1571 2655 neque
1588 2627 1700 2649 inferioris
1721 2627 1832 2649 essentiae
1852 2633 1889 2649 no.⁴

1048 2669 1093 2690 titia
1105 2670 1153 2695 est,
1172 2668 1230 2689 sicut
1246 2667 1364 2695 corporis,
1383 2672 1458 2694 neque
1474 2666 1606 2694 superioris,
1619 2666 1677 2688 sicut
1687 2665 1736 2687 Dei.
1748 2665 1838 2688 Etcum
1849 2666 1890 2691 ha„-

1048 2707 1100 2729 beat
1122 2707 1198 2728 notitia
1216 2705 1387 2728 similitudinem
1405 2704 1434 2728 ad
1451 2711 1502 2727 eam
1520 2711 1581 2733 rem,
1599 2710 1668 2733 quam
1686 2704 1762 2731 novit,
1788 2704 1832 2726 hoe
1847 2708 1888 2730 est,

1048 2746 1113 2768 cuius
1131 2745 1205 2767 notitia
1223 2748 1271 2770 cst,
1290 2745 1345 2766 haec
1362 2744 1430 2766 habet
1447 2744 1570 2772 perfectam
1584 2752 1594 2763 n
1614 2746 1656 2764 etc.
