2253 3317
264 145 296 172 lv
942 145 1121 174 PRAEFATIO
1144 145 1330 175 GENERALIS.

1119 281 1148 316 I.

356 396 491 432 Statim
516 396 564 431 ab
590 396 683 442 ipsis
709 397 799 431 artis
824 397 1123 444 typographicae
1141 398 1383 433 incimabulis
1401 399 1597 446 complura
1620 399 1813 447 Seraphici
1831 401 2004 438 Doctoris

261 468 374 502 opera
399 455 460 490 vel
487 454 685 501 opuscula,
712 455 793 490 sive
819 456 972 502 singula
997 456 1152 491 seorsim
1177 457 1257 491 sive
1283 457 1393 503 plura
1418 458 1540 504 unita,
1568 458 1736 505 imprimi
1754 464 1888 506 coepta
1904 466 2003 496 sunt.

261 514 387 549 Toties
413 513 597 548 eiusmodi
623 513 807 548 editiones
833 515 1013 561 repetitae
1039 519 1144 561 sunt,
1171 520 1214 550 ut
1240 515 1279 550 in
1305 516 1467 562 singulis
1493 517 1654 552 saeculis
1679 517 1781 552 haud
1799 518 1912 553 multi
1937 531 2005 554 nu-

261 577 450 607 merentur
476 572 580 618 anni,
608 572 647 606 111
675 572 815 618 quibus
841 585 918 607 non
944 573 1079 608 saltem
1117 586 1236 608 unum
1274 574 1511 622 alterumque
1549 575 1777 622 opusculum
1812 576 2005 623 Seraphici
2027 568 2030 571 Ι

260 631 450 676 Doctoris,
478 631 556 665 sive
582 635 728 665 retenta
752 631 928 677 originali
953 632 1088 678 lingua
1112 632 1230 667 latina
1254 633 1333 667 sive
1358 633 1585 668 translatum
1610 635 1651 669 in
1679 635 1800 670 varias
1832 635 2003 682 linguas,

260 689 388 736 praelo
413 689 627 724 subiectum
654 689 712 724 sit.
731 689 777 724 In
795 690 878 736 ipso
904 690 1054 725 saeculo
1079 690 1164 726 XV.
1191 691 1325 726 saltem
1343 692 1622 739 quinquaginta
1638 693 1856 729 huiusmodi
1874 694 2006 730 editio-

260 761 327 783 nes
352 752 613 794 numerantur,
641 760 801 795 quarum
827 749 1034 784 nonnullae
1059 749 1203 796 absque
1229 750 1329 785 notis
1354 750 1445 797 1001,
1480 752 1660 798 temporis
1699 756 1736 786 et
1773 753 2006 799 typographi

260 808 300 842 in
326 807 452 841 lucem
477 807 707 853 prodierunt.
734 806 790 841 De
816 807 876 842 his
902 812 1029 842 tamen
1056 808 1294 854 singulorum
1320 821 1477 855 operum
1502 810 1734 845 editionibus
1759 811 1895 846 melius
1919 823 2006 857 age-

260 871 322 901 tur
346 866 387 900 111
413 865 696 912 Prolegomenis
722 866 929 912 unicuique
956 867 1060 913 operi
1085 867 1394 913 praemittendis,
1422 868 1524 915 quod
1549 868 1663 903 etiam
1689 868 1791 903 valet
1822 869 1867 904 de
1892 870 2005 905 variis

261 924 505 971 parvulorum
531 924 801 971 opusculorum
827 924 1128 960 collectionibus.
1156 924 1230 960 Hic
1256 930 1407 961 tantum
1433 926 1478 960 de
1505 938 1645 973 operum
1662 927 1815 962 omnium
1832 927 1866 963 S.
1885 927 2005 963 Bona-

260 988 440 1018 venturae
466 983 697 1018 editionibus
724 983 889 1018 breviter
913 996 1081 1029 agemus.

363 1057 377 1075 «
394 1042 521 1077 Prima
538 1042 546 1060 ¹
564 1042 691 1089 itaque
718 1043 890 1077 omnium
915 1055 1071 1089 operum
1110 1047 1147 1077 et
1185 1043 1454 1089 opusculorum
1493 1042 1527 1079 S.
1566 1043 1852 1079 Bonaventurae
1890 1044 2006 1080 editio

259 1101 400 1137 Romae
425 1101 584 1148 prodiit,
612 1101 716 1147 typis
742 1101 952 1147 Vaticanis,
979 1102 1084 1136 iussu
1102 1101 1199 1137 Sioetz'
1221 1101 1261 1137 V.
1280 1101 1477 1137 Pontificis
1503 1102 1659 1138 Maximi
1676 1116 1735 1138 an.
1757 1104 1846 1139 1588
1873 1108 2006 1150 coepta

260 1166 374 1208 atque
399 1160 447 1195 ad
472 1160 587 1194 finem
613 1160 796 1207 perducta
821 1160 892 1195 sub
919 1159 1114 1196 Clemente
1140 1160 1246 1196 VIII.
1279 1174 1338 1196 an.
1368 1161 1468 1197 1599.
1507 1161 1660 1208 Septem
1685 1163 1798 1198 tomis
1836 1163 1876 1197 in
1913 1161 2006 1197 folio

261 1224 423 1266 constat,
452 1231 610 1266 quorum
639 1224 768 1254 sextus
794 1224 831 1254 et
848 1219 1033 1265 septimus
1051 1219 1235 1266 opuscula
1254 1220 1452 1255 continent
1469 1220 1508 1255 in
1527 1225 1688 1267 quatuor
1704 1226 1829 1268 partes
1846 1221 2003 1267 tributa,

259 1278 397 1325 reliqui
424 1291 545 1324 opera.
573 1277 733 1312 Nullum
759 1277 877 1312 ferme
903 1290 1007 1324 opus,
1027 1279 1080 1313 ait
1100 1278 1295 1314 Casimirus
1323 1278 1518 1325 Oudinus²‚
1550 1292 1596 1314 ex
1614 1279 1799 1314 Vaticana
1827 1284 2006 1327 typogra-

260 1338 352 1384 phia
376 1337 574 1383 processit,
602 1337 704 1384 quod
730 1337 789 1371 his
815 1336 993 1383 operibus
1031 1338 1240 1384 comparari
1277 1338 1397 1384 possit
1434 1337 1483 1373 ob
1520 1339 1657 1385 papyri
1694 1339 1856 1374 nitorem
1892 1343 2006 1386 atque

261 1397 480 1443 puritatem,
509 1395 557 1430 ob
584 1395 703 1442 praeli
729 1395 959 1441 elegantiam
984 1400 1022 1430 et
1049 1396 1368 1443 emendationem,
1396 1396 1573 1432 omnibus
1599 1397 1639 1431 in
1665 1397 1735 1432 hac
1768 1397 1933 1433 editione
1958 1397 2006 1432 ad

261 1455 502 1502 splendorem
528 1454 850 1489 concurrentibus.
890 1454 970 1501 Ipsi
995 1454 1233 1490 adornandae
1259 1467 1411 1501 operam
1437 1456 1680 1490 contulerunt
1712 1456 1904 1502 egregiam
1934 1455 2007 1490 viri

261 1513 472 1548 doctissimi
499 1513 627 1560 plures
652 1517 766 1560 atque
792 1513 938 1560 ingenii
965 1513 1076 1548 laude
1101 1513 1353 1560 percelebres,
1381 1527 1451 1549 nec
1479 1527 1546 1561 pro
1579 1519 1763 1561 tempore,
1798 1527 1873 1561 quo
1903 1515 2006 1549 vive-

260 1572 370 1618 bant,
397 1573 487 1607 artis
514 1572 666 1607 criticae
693 1576 880 1619 expertes,
908 1572 1106 1607 nimirum:
1135 1572 1362 1608 Constantius
1393 1572 1428 1608 S.
1466 1572 1572 1608 Rom.
1611 1573 1756 1608 Eccles.
1797 1573 2006 1609 Cardinalis

260 1630 464 1676 Sarnanus,
491 1630 669 1666 Minorita
695 1630 980 1677 Oonventualis,
1008 1631 1075 1678 qui
1101 1630 1180 1666 fato
1206 1631 1318 1667 cessit
1343 1636 1547 1679 antequam
1572 1645 1668 1679 opus
1694 1632 1927 1679 completum
1952 1633 2007 1667 vi-

261 1690 386 1736 deret,
414 1690 569 1738 Anyelus
597 1689 713 1725 Rocea
738 1688 890 1725 Ordinis
915 1689 1167 1724 Eremitarum
1194 1689 1228 1725 S.
1256 1690 1481 1737 Augustini,
1509 1691 1660 1726 sacrarii
1685 1690 1885 1737 apostolici
1903 1704 2007 1738 prae-

262 1748 385 1784 fectus
402 1754 440 1783 et
458 1749 658 1795 episcopus
683 1748 946 1795 Tagastensis3
973 1748 1189 1784 Franciseus
1205 1748 1376 1794 Lamata,
1397 1749 1527 1784 doctor
1544 1749 1760 1797 theologus,
1779 1763 1823 1786 ac
1844 1751 2007 1798 denique

261 1807 393 1843 Petrus
419 1807 635 1853 Galesinius,
662 1806 960 1853 Protonotarius,
987 1812 1030 1842 ut
1054 1807 1176 1853 aiunt,
1203 1807 1457 1854 Apostolicus.

357 1866 409 1901 Hi
434 1867 505 1901 viri
532 1866 777 1901 eruditissimi
794 1870 939 1901 tantam
957 1866 1209 1901 conciliarunt
1225 1867 1488 1902 auctoritatem
1514 1867 1671 1902 editioni
1690 1880 1712 1903 a
1736 1880 1775 1903 se
1793 1868 2006 1914 adornatae,

262 1930 305 1960 ut
335 1925 383 1960 ad
414 1926 528 1960 huius
558 1938 728 1960 normam
760 1925 942 1972 prodierit
978 1924 1110 1971 altera,
1141 1937 1279 1971 nempe
1317 1924 1544 1972 Moguntina
1575 1939 1634 1961 an.
1673 1927 1778 1974 1609,
1818 1927 2008 1962 sumtibus

262 1985 422 2019 Antonii
448 1984 609 2030 Hierati,
637 1997 680 2019 ac
707 1985 817 2019 tertia
841 1984 1023 2031 Lugdtmi
1050 1997 1108 2019 an.
1138 1984 1242 2031 1678,
1270 1984 1452 2031 impensis
1477 1984 1650 2032 Philippi
1681 1985 1818 2033 Borde,
1845 1985 2008 2021 Lauren-

261 2043 307 2077 tii
324 2043 482 2078 Arnaud
500 2048 537 2077 et
562 2042 664 2077 Petri
690 2043 828 2089 Borde,
855 2047 1014 2089 utraque
1032 2047 1179 2089 septem
1204 2042 1464 2078 voluminibus
1481 2044 1521 2077 in
1548 2043 1640 2078 folio
1659 2049 1852 2091 constans,
1879 2044 2008 2080 ordine

263 2102 441 2136 editionis
466 2101 672 2136 Vaticanae
698 2102 737 2136 in
764 2114 921 2148 operum
947 2101 1213 2137 distributione
1239 2101 1338 2136 nihil
1363 2102 1612 2137 immutato».

358 2159 617 2195 Nihilominus
642 2160 718 2195 iam
735 2165 817 2195 tum
834 2161 1016 2207 temporis
1033 2173 1110 2196 non
1128 2159 1332 2195 defuerunt
1358 2157 1428 2195 viri
1455 2161 1607 2207 eruditi,
1635 2162 1701 2208 qui
1719 2162 1841 2197 varios
1859 2161 2009 2197 Vatica-

266 2231 335 2253 nae
353 2218 529 2253 editionis
548 2218 719 2254 defectus
735 2224 951 2266 arguerent,
970 2219 1192 2266 praesertim
1218 2219 1320 2266 quod
1343 2232 1420 2254 11011
1438 2232 1550 2266 opera
1567 2220 1694 2255 omnia
1718 2225 1868 2267 recepta
1886 2224 2010 2255 essent

265 2277 447 2324 genuina,
467 2282 504 2311 et
522 2277 623 2324 quod
641 2290 717 2312 non
735 2290 864 2313 omnes
881 2278 1047 2324 legitimi
1061 2277 1255 2324 Seraphici
1272 2278 1419 2324 ingenii
1433 2277 1556 2313 foetus
1574 2283 1698 2313 essent
1714 2279 1867 2325 recepti.
1894 2278 2008 2326 Nam,

266 2339 308 2369 ut
333 2335 427 2370 dicit
460 2335 723 2384 Waddinyus³.·
758 2336 909 2372 «Iulius
933 2336 1134 2384 Nee-fionius
1151 2335 1185 2372 S.
1204 2336 1250 2383 I.,
1270 2337 1328 2371 vir
1353 2336 1446 2371 alias
1470 2337 1557 2384 pius
1583 2342 1620 2372 et
1637 2336 1787 2384 doctus,
1814 2337 2010 2384 aliquanto

265 2394 455 2429 incautius
481 2394 607 2429 sciolis
639 2399 676 2429 et
707 2395 863 2442 criticis,
898 2396 964 2442 qui
989 2395 1141 2430 facilius
1170 2395 1294 2430 aliena
1330 2400 1489 2442 negant,
1523 2408 1636 2442 quam
1666 2396 1819 2442 propria
1843 2395 2011 2431 scribant

265 2464 394 2499 opera,
421 2452 649 2487 latissimum
674 2454 822 2500 aperuit
847 2454 987 2488 ostium
1011 2454 1059 2488 ad
1085 2453 1316 2489 eliminanda
1333 2466 1595 2501 quaecumque
1620 2454 1716 2489 libet
1741 2454 1924 2501 opuscula
1940 2454 2010 2489 Bo-

266 2515 495 2545 naventurae
522 2524 639 2558 eaque
657 2511 741 2546 aliis
767 2512 1030 2559 adscribenda,
1058 2512 1165 2559 dum,
1185 2513 1242 2547 uti
1267 2512 1382 2547 refert
1407 2512 1616 2548 Heribertus
1633 2512 1863 2560 Rosweydus,
1890 2513 2010 2560 suspi-

267 2573 372 2604 catus
404 2574 479 2615 cst,
513 2570 639 2604 omnia
670 2570 853 2616 opuscula
884 2570 1116 2617 spiritualia,
1150 2583 1246 2618 quae
1276 2571 1357 2605 sine
1389 2576 1540 2606 auctore
1572 2571 1935 2607 circumferebantur
1970 2572 2011 2605 111

363 2757 369 2771 ¹
389 2757 510 2785 Sbarasta,
529 2758 647 2786 supplem.
667 2764 718 2786 pag.
741 2758 781 2780 113
800 2764 820 2780 11,
840 2758 860 2780 5.
879 2758 946 2781 dit-it:
968 2767 978 2778 α
992 2758 1070 2788 Opera
1087 2758 1167 2782 omnia
1185 2760 1216 2787 (S.
1234 2759 1417 2787 Bonaventurae)
1436 2760 1502 2781 tomis
1518 2759 1533 2780 7
1550 2760 1572 2781 111
1591 2759 1627 2781 sol.
1645 2759 1780 2786 prodierunt
1793 2759 1882 2781 βαι-15115
1901 2764 1936 2780 an.
1954 2758 2011 2780 1517

268 2801 290 2822 in
309 2799 340 2821 42³
358 2806 399 2827 per
417 2799 564 2822 Berllloltlum
583 2800 698 2828 nominat,
717 2807 775 2829 quae
793 2801 862 2823 editio
879 2804 950 2823 exstat
966 2802 1053 2824 Romae
1070 2803 1092 2823 111
1110 2802 1213 2824 biblioth.
1231 2805 1359 2824 conventus
1377 2802 1410 2824 Ss.
1429 2802 1467 2824 XH
1485 2802 1647 2829 Apostolorum
1660 2810 1679 2823 n.
1698 2802 1790 2824 [ΞΠ-11550
1814 2801 1905 2823 videtur
1930 2800 2011 2823 dot-tus

270 2844 305 2864 vir
322 2843 356 2865 vel
375 2842 449 2865 editor
467 2843 534 2864 huius
551 2844 634 2870 operis
652 2843 755 2865 Fortasse
772 2844 812 2865 ista
831 2843 899 2866 editio
916 2845 1014 2867 continet
1032 2847 1120 2866 tantum
1138 2845 1204 2873 plura
1222 2845 1339 2872 opuscula.

363 2885 372 2899 ‘2
391 2885 413 2906 in
430 2884 600 2908 Commentario
618 2885 646 2907 de
665 2885 819 2913 scriptoribus
836 2887 915 2908 oct-les.
934 2890 947 2908 1.
966 2887 996 2909 ΙΙΙ.
1015 2888 1057 2909 col.
1077 2887 1136 2915 380„
1155 2887 1191 2909 cd.
1209 2887 1320 2915 Lipsiens.
1338 2893 1373 2909 an.
1397 2887 1460 2909 1722.

361 2927 372 2942 3
390 2929 517 2955 Scriptores
535 2927 588 2950 Ord.
607 2928 657 2950 Min.
676 2928 711 2950 cd.
732 2929 817 2951 Romae
840 2929 903 2951 1806.
921 2936 974 2957 pag.
993 2930 1028 2951 51.
1047 2930 1088 2952 col.
1108 2930 1127 2951 2.
