2253 3317
84 557 138 576 Ratio
141 571 145 575 .

86 1115 164 1135 Solutio.

924 110 1110 139 DISTINCTIO
1131 111 1173 140 Vl.

178 187 248 216 nihil
269 186 421 224 accipiatur
452 186 614 223 simpliciter
635 187 773 223 privative
804 187 849 216 vel
877 188 1023 224 negative,

178 237 210 262 ut
230 242 294 263 cum
315 234 417 263 dicitur
440 233 475 261 de
496 235 621 262 tacente:
641 233 693 262 iste
715 233 840 270 loquitur
861 234 896 262 de
918 234 1005 262 nihilo
1017 245 1024 268 ς

179 280 238 308 alio
258 280 343 308 modo
370 279 503 316 positive,
524 282 556 308 ut
576 279 599 308 si
631 280 668 308 ita
693 280 803 309 dicatur
831 280 896 309 vel1
927 281 1026 309 intelli-

179 329 261 363 gatur
274 325 380 362 aliquid
395 325 455 354 fieri
470 333 506 354 ex
521 325 607 354 nihilo
620 348 627 360 ,
643 326 714 354 sicut
736 326 867 355 cultellus
887 326 921 355 de
936 326 1011 355 ferro
1017 337 1025 361 3

179 371 262 400 tertio
282 371 367 399 modo
395 371 496 408 partim
523 371 656 408 positive,
685 372 789 409 partim
816 372 973 409 privative,
994 375 1026 400 ut

179 418 200 446 si
223 417 332 446 dicatur
357 417 464 454 aliquid
486 417 546 446 fieri
567 425 604 446 ex
617 418 626 430 ²
652 418 757 453 nihilo,
778 419 845 456 quia
872 421 934 456 post
955 418 1024 447 nihil

178 467 220 493 est
240 464 365 501 aliquid,
387 465 458 493 sicut
479 464 596 493 dicitur:
619 464 654 493 de
674 473 799 502 paupere
821 465 852 493 fit
873 465 960 494 dives.

256 510 333 538 Ratio
353 513 447 538 autem
468 510 553 539 huius
567 510 781 548 multiplicitatis
795 514 837 540 est
857 512 934 540 haec.
956 511 1025 540 Nam

178 556 270 593 primo
291 556 520 593 distinguendum
535 560 589 591 est,
610 557 686 594 quod
699 557 708 570 ³
737 557 847 594 negatio
868 558 929 586 eius
949 558 1025 595 quod

178 606 220 633 est
240 602 323 638 ozilzz‘t,
339 606 429 640 potest
443 603 541 632 sistere
561 603 657 638 intra,
679 604 724 633 vel
744 604 812 633 ferri
834 604 870 633 ad
891 605 944 633 1106
965 613 1026 634 ver-

177 649 247 679 bum
266 649 340 687 fieri.
363 650 389 678 Si
404 650 511 678 seratur
525 650 561 679 ad
576 650 710 685 verbum,
726 653 792 679 tunc
806 650 874 687 fieri
887 651 920 679 sle
933 650 1025 680 nihilo

177 697 231 725 hoc
251 696 312 725 est⁴
332 704 391 724 mm
410 696 478 733 fieri
498 696 531 724 cle
552 696 664 734 aliquo,
686 697 757 726 sicut
778 697 852 734 loqui
875 698 910 726 de
924 698 1024 732 nihilo,

178 743 206 772 id
227 746 269 772 est
290 743 324 771 de
355 742 433 771 nulla
453 750 491 771 re.
514 743 541 771 Si
571 747 666 772 autem
697 752 751 772 non
773 745 880 772 feratur
908 743 944 772 ad
966 752 1026 773 ver-

177 789 262 824 bum,
293 792 360 818 tunc
391 788 548 818 affirmatur
568 789 650 826 fieri;
681 793 708 818 et
740 793 806 819 tunc
831 790 936 827 duplex
963 792 1024 825 est,

178 835 244 872 qnia
264 835 298 864 cle
318 837 409 872 potest
429 835 545 873 intelligi
566 836 781 870 materialiter;
802 839 829 865 et
851 839 917 865 tunc
944 837 1025 874 signi-

177 881 296 917 ficatur,
318 882 393 919 quod
413 882 482 911 nihil
504 882 539 911 sit
559 883 677 911 materia
698 883 833 917 alicuius,
855 886 882 912 et
902 883 1024 912 habetur

178 929 320 958 secundus
340 937 448 958 sensus.
464 929 549 963 Item,
570 931 661 966 potest
681 930 769 958 teneri
792 929 982 964 ordinaliter,
997 932 1024 959 et

179 978 245 1005 tunc
266 976 327 1005 est⁵
350 977 447 1005 tertius
470 983 584 1011 sensus,
603 976 675 1005 sicut
695 978 825 1005 creatura
846 976 949 1005 dicitur
963 976 1025 1006 fieri

180 1021 214 1051 de
234 1022 331 1050 nihilo.

256 1069 410 1098 Dicendum
425 1076 505 1106 ergo,
516 1069 591 1106 quod
603 1069 759 1098 secundum
774 1069 897 1106 primum
910 1077 1023 1099 sensum

178 1115 253 1144 Deus
273 1118 365 1152 potest
385 1115 438 1144 dici
461 1115 495 1144 de
517 1115 604 1144 nihilo
625 1124 701 1150 esse,
724 1116 783 1145 sive
804 1116 884 1145 Pater
906 1116 964 1145 sive
986 1117 1025 1145 di-

178 1162 242 1191 vina
263 1162 383 1191 essentia
390 1173 398 1197 ;
419 1165 512 1191 tamen
544 1162 589 1191 1116
621 1163 723 1192 modus
743 1171 798 1191 non
830 1166 873 1192 est
893 1163 1023 1193 usitatus.

884 1272 1122 1306 DISTINCTIO

501 1385 561 1413 Car.
584 1385 693 1413 Unicum.

178 1472 273 1498 Uli-um
286 1472 367 1498 Pater
379 1471 516 1498 voluntate
528 1471 650 1506 yemieril
663 1470 784 1502 Filium,
802 1479 838 1498 (m
851 1471 1021 1504 necessitate,-

339 1518 363 1540 et
381 1522 418 1541 an
436 1514 529 1540 volens
547 1514 591 1540 vel
607 1514 703 1540 nolens
721 1514 756 1540 sic
776 1515 855 1541 Deus.

244 1600 384 1627 Praeterea
398 1600 491 1634 quaeri
505 1599 584 1631 solet,
599 1602 689 1626 utrum
702 1600 779 1626 Pater
789 1600 911 1633 genuerit
923 1601 1019 1627 Filium

172 1643 324 1675 voluntate,
344 1650 377 1669 an
397 1642 563 1669 necessitate.
583 1643 621 1669 De
640 1642 691 1669 1106
714 1642 824 1669 Orosius
843 1643 877 1670 ad
896 1643 1020 1677 Augusti-

172 1693 236 1713 num
248 1686 256 1699 ¹
277 1686 313 1712 ita
333 1686 380 1712 ait:
405 1696 417 1708 «
430 1685 573 1712 Voluntate
592 1685 682 1718 genuit
695 1686 773 1712 Pater
791 1686 897 1718 Filium,
916 1686 958 1713 vel
977 1694 1020 1713 ne-

171 1729 315 1756 cessitate?
334 1729 389 1755 Nec
401 1728 551 1759 voluntate,
570 1735 620 1755 066
637 1729 809 1761 necessitate,
829 1729 893 1763 quia
906 1730 1019 1756 necessi-

171 1775 212 1798 tas
237 1772 263 1798 in
288 1772 343 1798 Deo
362 1779 414 1797 non
441 1774 494 1802 est,
513 1771 619 1805 praeire
639 1771 762 1797 voluntas
787 1772 946 1805 sapientiam
966 1780 1018 1798 non

169 1817 292 1849 potest».
316 1814 477 1846 «Quocirca,
498 1817 527 1840 ut
540 1814 704 1847 Augustinus
723 1814 760 1840 ait
774 1814 799 1840 in
817 1814 1018 1849 decimoquinto

170 1857 238 1883 libro
264 1856 297 1883 de
321 1856 480 1888 Trinitate2,
506 1856 618 1883 ridenda
643 1859 683 1883 est
711 1856 851 1883 dialectiea
878 1857 1018 1889 Eunomii,

170 1907 186 1926 a
205 1907 258 1934 quo
272 1899 431 1926 Eunomiani
445 1899 573 1925 haeretici
593 1899 644 1925 orti
663 1902 739 1931 sunt,
759 1900 881 1934 quicum
900 1907 952 1926 non
972 1908 1018 1934 po-

170 1942 264 1968 tuisset
283 1942 431 1975 intelligere
444 1949 492 1968 nec
507 1941 618 1968 credere
631 1941 770 1974 voluisset,
790 1942 956 1976 unigenitum
969 1943 1017 1969 Dei

169 1984 288 2011 Verbum
308 1984 405 2010 Filium
424 1984 471 2010 Dei
497 1991 555 2010 esse
574 1987 684 2016 natura,
703 1985 730 2011 id
750 1987 790 2011 est
815 1984 848 2011 de
867 1985 1016 2012 substantia

168 2027 254 2054 Patris
271 2027 400 2061 genitum,
422 2034 473 2053 non
493 2030 605 2054 naturae
624 2027 666 2054 vel
686 2027 851 2054 substantiae
870 2028 939 2055 dixit
958 2036 1016 2055 esse

169 2070 280 2102 Filium,
300 2070 347 2097 sed
360 2070 457 2096 Filium
470 2070 614 2096 voluntatis
627 2070 683 2102 Dei,
703 2070 795 2097 volens
808 2077 928 2097 asserere
941 2078 1016 2097 acce-

1770 83 1783 97 ξ-

1867 118 1923 147 123

1082 188 1223 224 Quantum
1244 189 1280 217 ad
1302 191 1457 219 secundum
1478 192 1606 226 modum,
1628 194 1740 222 omnino
1764 194 1833 223 nihil
1848 195 1879 223 fit
1893 203 1931 224 ex

1082 234 1188 269 nihilo,
1210 236 1275 272 quia
1306 236 1376 264 nihil
1407 238 1513 267 nullius
1544 242 1585 267 est
1610 240 1728 268 materia
1738 240 1755 268 ⁶.
1789 241 1930 277 Quantum

1083 280 1119 308 ad
1140 281 1253 309 tertium
1275 282 1407 318 modum,
1429 285 1583 313 secundum
1598 294 1682 322 quem
1697 286 1822 324 loquitur
1842 288 1932 324 Augu-

1084 327 1174 355 stinus
1184 328 1203 362 ⁷,
1224 328 1299 364 quod
1322 329 1380 357 sola
1401 333 1530 358 creatura
1551 331 1582 359 fit
1596 332 1631 360 de
1645 332 1732 361 nihilo
1753 333 1812 362 sive
1831 336 1873 362 est
1894 334 1929 362 de-

1083 373 1185 407 nihilo,
1207 374 1273 410 quia
1294 374 1328 402 (Ie
1353 378 1429 403 notat
1460 376 1497 404 ibi
1529 377 1672 413 ordinem,
1694 382 1725 407 ut
1745 380 1847 408 habeat
1869 388 1930 409 esse

1082 423 1145 456 post
1166 428 1221 448 non
1242 428 1318 455 esse,
1341 421 1392 450 hoc
1414 422 1489 459 quod
1511 426 1553 451 est
1567 424 1600 452 cle
1620 424 1711 453 nihilo
1733 426 1825 462 privat
1846 429 1931 455 mate-

1084 466 1153 494 riam
1176 467 1390 503 praeiacentem.
1414 469 1548 504 Quamvis
1568 477 1634 507 ergo
1655 471 1735 500 Pater
1755 475 1782 500 et
1802 473 1886 501 Filius
1900 475 1927 501 et

1081 513 1201 549 Spiritus
1216 516 1329 543 sanctus
1343 522 1398 542 non
1414 515 1535 544 habeant
1548 516 1694 545 materiam
1709 518 1927 554 praejacentem.

1082 560 1148 596 quia
1170 563 1261 588 tamen
1277 568 1330 589 non
1347 561 1451 589 habent
1465 569 1526 590 esse
1540 565 1603 598 post
1617 571 1672 591 non
1693 571 1767 599 6556,
1789 564 1851 593 1060
1872 573 1928 593 000

1081 605 1215 635 dicuntur
1236 614 1297 635 esse
1318 615 1355 636 ex
1375 607 1477 636 nihilo:
1500 610 1527 636 et
1548 608 1610 637 ideo
1631 617 1686 637 non
1708 610 1782 638 valet
1802 610 1927 647 primum

1080 656 1288 689 argumentum,
1310 653 1376 690 quia
1397 654 1522 691 procedit
1543 655 1579 683 ab
1600 655 1786 685 insufficienti.

1159 699 1319 728 Secundum
1342 708 1408 729 vero
1423 703 1450 729 et
1465 701 1579 729 tertium
1593 706 1801 738 argumentum,
1823 704 1857 731 cle
1871 704 1928 732 Ρα-

1083 748 1126 773 tre
1147 745 1261 780 factum,
1282 747 1424 783 procedit,
1446 748 1601 776 secundum
1633 749 1707 785 quod
1738 750 1848 786 negatio
1869 750 1931 779 eius

1081 792 1156 829 quod
1178 795 1220 820 est
1234 792 1317 827 nihil,
1332 793 1422 821 fertur
1443 796 1525 822 extra
1547 794 1582 823 ad
1604 795 1724 823 verbum
1739 798 1766 824 et
1786 796 1851 824 facit
1871 804 1931 825 ora-

1080 838 1184 867 tionem
1215 839 1373 876 negativam
1394 856 1433 860 —
1453 840 1535 869 aliter
1565 841 1640 869 enim
1671 849 1727 870 non
1758 843 1928 879 aequipollet

1081 893 1139 913 non
1160 885 1239 913 esse⁸
1261 886 1294 914 cle
1315 886 1415 924 aliquo
1435 890 1463 916 et
1483 895 1542 915 esse
1564 888 1597 916 de
1617 887 1709 916 nihilo
1731 906 1769 909 —
1787 892 1814 917 et
1836 897 1933 918 secun-

1082 931 1150 960 dum
1173 932 1247 961 hunc
1269 940 1399 967 sensum,
1420 933 1492 962 sicut
1512 934 1689 969 conceditur,
1716 935 1791 972 quod
1813 936 1893 964 Pater
1913 944 1930 964 a

1081 978 1161 1006 millo
1180 978 1245 1013 sit,
1274 979 1312 1007 ita
1340 979 1374 1008 de
1400 979 1500 1008 nihilo.
1520 981 1639 1015 Tamen,
1659 981 1731 1009 sicut
1752 981 1857 1010 dictum
1880 985 1930 1017 est,

1082 1032 1181 1053 sensus
1215 1025 1267 1054 iste
1302 1033 1357 1054 non
1389 1029 1431 1055 est
1464 1027 1585 1055 usitatus
1600 1038 1608 1061 ;
1640 1028 1826 1057 communiter
1857 1029 1931 1057 enim

1080 1071 1188 1100 utimur
1216 1072 1268 1101 hac
1297 1072 1450 1107 locutione,
1483 1073 1638 1102 secundum
1667 1074 1743 1111 quod
1765 1075 1874 1112 negatio
1896 1075 1930 1103 de

1081 1116 1172 1146 nihilo
1194 1118 1265 1147 sistit
1286 1119 1377 1154 intra,
1399 1122 1426 1148 et
1447 1119 1500 1148 hoc
1521 1120 1597 1157 quod
1618 1123 1661 1149 est
1681 1121 1715 1149 (le
1735 1121 1873 1158 accipitur
1892 1122 1930 1150 ihi

1083 1164 1257 1193 ordinaliter
1267 1165 1285 1192 ⁹.

1161 1273 1212 1306 Vl.

1080 1387 1188 1414 dentem
1212 1388 1267 1414 Deo
1292 1388 1470 1421 voluntatem,
1497 1396 1551 1423 qua
1576 1390 1696 1424 gigneret
1723 1391 1834 1423 Filium,
1860 1393 1930 1419 sicut

1079 1438 1127 1457 nos
1146 1430 1249 1465 aliquid
1269 1431 1414 1465 aliquando
1434 1432 1573 1464 volumus,
1593 1433 1667 1467 quod
1691 1437 1769 1461 1101611
1788 1442 1840 1461 non
1860 1435 1931 1462 vole-

1078 1472 1189 1506 bamus;
1214 1476 1325 1507 propter
1345 1474 1417 1508 quod
1438 1475 1575 1501 mutabilis
1601 1476 1757 1510 intelligitur
1776 1480 1866 1504 nostra
1885 1485 1930 1504 na-

1079 1518 1152 1547 tura,
1172 1516 1245 1550 (11100
1265 1516 1348 1548 absit,
1368 1520 1397 1543 ut
1416 1517 1442 1543 in
1456 1517 1511 1543 Deo
1531 1525 1589 1544 esse
1603 1518 1746 1545 credamus
1758 1530 1781 1545 n.
1801 1520 1928 1546 Dicamus

1078 1565 1153 1591 ergo,
1174 1558 1293 1585 Verbum
1311 1559 1359 1585 Dei
1379 1566 1437 1586 esse
1456 1560 1553 1586 Filium
1572 1561 1620 1587 Dei
1640 1564 1744 1593 natura,
1764 1570 1816 1588 non
1836 1562 1927 1589 volun-

1077 1603 1145 1632 tate,
1170 1604 1199 1627 111
1225 1601 1304 1628 docet
1328 1602 1494 1635 Augustinus
1519 1603 1545 1628 in
1571 1603 1640 1630 libro
1665 1603 1866 1639 decimoquinto
1893 1605 1927 1632 de

1077 1643 1233 1675 T1·initate⁸,
1252 1643 1298 1670 ubi
1318 1644 1453 1678 quendam
1473 1645 1637 1672 catholicum
1657 1646 1793 1673 haeretico
1818 1655 1929 1682 respon-

1076 1686 1183 1712 dentem
1194 1686 1365 1713 commendat
1378 1687 1484 1714 dicens:
1503 1699 1513 1711 «
1525 1689 1610 1715 Acute
1620 1696 1684 1716 sane
1695 1689 1805 1724 quidam
1818 1698 1927 1725 respon-

1075 1728 1114 1755 dit
1142 1729 1278 1755 haeretico
1306 1730 1489 1757 versutissime
1518 1731 1706 1765 interroganti,
1735 1735 1825 1759 utrum
1855 1733 1927 1759 Deus

1075 1772 1173 1798 Filium
1192 1772 1296 1804 voleus,
1316 1779 1349 1798 an
1363 1773 1455 1799 uolens
1469 1774 1602 1806 genuerit,
1617 1777 1646 1800 ut
1659 1774 1681 1800 si
1695 1774 1797 1801 diceret
1815 1775 1925 1807 nolens,

1076 1814 1270 1841 absurdissima
1289 1815 1336 1841 Dei
1356 1815 1464 1842 miseria
1483 1819 1653 1850 sequeretur;
1673 1817 1695 1843 si
1709 1820 1798 1844 autem
1817 1818 1924 1849 volens,

1076 1858 1203 1884 continuo
1223 1857 1296 1892 quod
1316 1858 1470 1885 intendebat
1483 1859 1668 1891 concluderet,
1687 1860 1791 1887 scilicet
1810 1868 1861 1887 non
1882 1868 1926 1887 na-

1076 1903 1152 1926 turae
1171 1907 1229 1926 esse
1248 1900 1360 1932 Filium,
1373 1901 1420 1927 sed
1440 1901 1592 1928 voluntatis.
1606 1902 1640 1928 At
1659 1902 1702 1929 ille
1722 1903 1924 1936 vigilantissime

1074 1943 1193 1969 vicissim
1214 1943 1347 1977 quaesivit
1360 1944 1394 1970 ab
1414 1951 1460 1975 eo,
1480 1947 1570 1971 utrum
1590 1945 1660 1971 Deus
1679 1945 1757 1972 Pater
1773 1946 1872 1978 volens,
1890 1954 1923 1973 an

1074 1985 1167 2012 nolens
1186 1986 1220 2012 sit
1241 1986 1327 2017 Deus,
1347 1989 1376 2012 ut
1394 1986 1416 2012 si
1432 1987 1608 2021 responderet
1632 1987 1744 2019 nolens,
1764 1992 1923 2023 sequeretur

1073 2028 1182 2062 grandis
1201 2028 1353 2055 absurditas
1379 2032 1405 2055 et
1428 2029 1544 2061 miseria,
1570 2037 1652 2064 (1111101
1671 2030 1705 2057 de
1729 2031 1784 2057 Deo
1811 2031 1923 2058 eredere

1074 2078 1168 2104 magna
1189 2074 1228 2098 est
1242 2072 1358 2103 insania;
1372 2072 1394 2098 si
1408 2075 1497 2099 autem
1511 2072 1614 2099 diceret
1625 2073 1735 2104 volens,
1749 2074 1924 2108 respondere-

231 2197 237 2212 ¹
256 2198 306 2220 Vat.
324 2204 377 2221 cum
395 2198 446 2221 cod.
464 2204 492 2220 cc
517 2199 571 2226 aut,
598 2198 638 2220 sed
662 2198 753 2220 obstant
779 2200 919 2228 antiquiores
945 2200 1012 2222 codd.

167 2243 221 2259 cum
238 2237 276 2259 ed.
299 2238 316 2259 1.

230 2275 240 2289 ²
257 2275 362 2297 Nonnulli
380 2275 447 2298 codd.
466 2278 491 2298 ut
508 2282 533 2297 aa
551 2275 583 2297 bb
601 2281 654 2298 61101
671 2276 707 2298 60.
730 2276 736 2298 i
758 2276 792 2299 de.

229 2313 239 2328 3
256 2314 286 2336 Ex
303 2314 403 2342 antiquis
420 2320 475 2336 mss.
492 2316 514 2336 et
530 2313 566 2336 ed.
586 2314 593 2335 ¹l
615 2314 775 2336 substituimus
796 2314 860 2344 quod
875 2315 924 2337 1060
947 2314 1011 2344 quia.

167 2353 238 2375 Paulo
255 2353 312 2375 insra
329 2353 379 2375 Vat.
398 2359 451 2375 cum
464 2353 514 2375 eod.
528 2359 553 2375 66
566 2352 602 2376 uel
612 2354 683 2376 extra
694 2353 726 2376 ad
737 2352 834 2376 verbum
849 2353 911 2383 ferri
922 2360 964 2382 pro
976 2353 1013 2376 vel

166 2391 229 2420 ferri
245 2391 277 2414 (td
292 2391 336 2415 1106
352 2391 451 2415 verbum
467 2391 532 2421 fieri,
550 2391 591 2413 sed
608 2395 686 2414 contra
703 2392 738 2414 ed.
761 2393 766 2413 1
788 2395 810 2415 61
830 2395 918 2415 ceteros
930 2392 1010 2420 codd.,

168 2431 208 2459 qui
226 2431 248 2452 in
265 2436 293 2453 eo
311 2432 398 2453 tantum
417 2430 528 2452 dissident
544 2430 602 2452 inter
619 2437 658 2458 se,
684 2430 748 2459 quod
773 2436 815 2458 pro
839 2430 901 2459 ferri
924 2431 960 2453 alii
986 2433 1012 2453 ut

167 2468 284 2491 CLSUV
302 2475 328 2491 aa
345 2469 377 2491 hb
395 2472 484 2497 ponunt
499 2468 582 2497 foras,
602 2470 638 2491 alii
655 2475 712 2491 vero
730 2472 754 2492 ut
770 2470 828 2492 AW
853 2470 924 2492 earlrct
935 2488 940 2497 ‚
958 2469 1009 2492 600.

168 2507 186 2530 Ο
202 2507 270 2537 foras
286 2507 358 2537 ferri,
376 2508 412 2530 alii
430 2508 522 2530 tandem
539 2511 564 2530 ut
585 2508 705 2530 GHIKR
716 2509 765 2531 ΤΧ
776 2509 791 2531 Ζ
816 2509 847 2531 dd
873 2515 899 2531 ee
924 2509 943 2531 ff
956 2515 1009 2531 cum
1039 2511 1040 2522 ¹

167 2547 203 2569 ed.
225 2548 230 2569 1
252 2547 359 2569 exhibent
374 2549 460 2569 textum
478 2549 588 2569 nostrum.

229 2585 238 2600 ⁴
255 2586 348 2608 Plurimi
366 2586 433 2608 codd.
451 2592 504 2608 cum
517 2586 553 2608 ed.
569 2586 574 2607 i
592 2585 635 2609 hoc
644 2588 679 2609 est
689 2587 738 2609 loco
750 2588 790 2615 est,
803 2587 866 2616 quod
877 2586 946 2609 habet
957 2587 1008 2610 Vat.

1066 2627 1201 2650 necessitate
1218 2627 1281 2649 addit
1297 2626 1352 2655 sed,
1370 2630 1392 2650 et
1408 2629 1429 2649 in
1454 2628 1498 2650 fine
1521 2629 1586 2656 ponit
1606 2628 1756 2657 potitiiloco
1777 2630 1863 2658 potest,
1892 2632 1913 2652 at

230 2625 240 2639 ⁵
257 2625 316 2653 Vat.‚
333 2625 517 2653 repugnantibus
533 2631 588 2647 mss.
600 2628 622 2647 et
638 2625 674 2647 ed.
695 2626 713 2653 i,
725 2625 825 2648 habetur
842 2632 884 2654 pro
901 2627 941 2649 est.
958 2627 1008 2649 Mox

167 2664 261 2692 plurimi
278 2664 345 2686 codd.
363 2670 416 2686 cuni
434 2664 470 2686 ed.
492 2665 497 2686 Ι
519 2664 581 2687 sicut
597 2670 640 2692 pro
657 2666 678 2687 et
694 2664 728 2688 sic
744 2666 767 2687 in
784 2665 834 2687 Vat.
852 2666 934 2694 posito.

228 2703 238 2717 ⁶
255 2703 277 2725 ln
295 2703 345 2725 Vat.
363 2705 385 2725 et
402 2703 452 2725 cod.
470 2709 495 2725 66
513 2703 672 2726 desiderantur
689 2704 744 2727 haec
772 2704 843 2727 verba
869 2705 926 2734 quia>
948 2705 1008 2728 nihil

168 2741 258 2764 nullius
276 2742 310 2764 est
325 2741 442 2770 materia,
460 2748 519 2770 quae
538 2745 612 2764 tamen
629 2742 651 2763 in
674 2743 723 2765 aliis
743 2749 797 2765 mss.
823 2746 844 2765 et
869 2743 905 2765 ed.
934 2744 940 2765 1
970 2744 1007 2765 1111-

167 2780 257 2803 bentur.

230 2819 240 2833 ⁷
256 2819 317 2841 Lihn
335 2819 358 2841 ll.
376 2822 453 2841 contra
471 2819 583 2841 Maximin.
601 2825 620 2841 6.
640 2819 674 2841 14.
693 2826 713 2842 n.
732 2821 752 2842 2.
770 2823 792 2843 61
804 2821 826 2842 ll.
839 2820 868 2843 de
880 2821 941 2843 Actis
952 2827 1005 2843 cum

167 2857 238 2879 Felice
251 2858 392 2885 Mania-liaeo,
405 2864 424 2880 c.
442 2858 474 2880 18.
487 2861 509 2880 et
525 2857 553 2880 (16
566 2858 647 2880 Natura
660 2858 714 2880 boni
727 2859 817 2881 advers.
830 2859 924 2881 Manicli.
937 2865 956 2881 6.
970 2860 1006 2881 26.
1035 2868 1037 2887 j

1134 2200 1144 2215 ⁸
1163 2201 1228 2229 Vat.‚
1247 2200 1403 2223 obnitentibus
1420 2207 1474 2223 mss.
1492 2205 1514 2224 ct
1535 2201 1571 2223 ed.
1598 2202 1622 2229 Ι,
1649 2203 1776 2230 transponit
1798 2208 1847 2225 esse
1869 2207 1921 2226 ante

1070 2244 1134 2267 non,
1154 2242 1176 2262 et
1193 2240 1262 2268 paulo
1280 2242 1332 2268 post
1349 2242 1426 2262 contra
1445 2240 1585 2269 antiquiores
1602 2241 1669 2263 codd.
1687 2244 1709 2263 et
1725 2241 1761 2264 ed.
1789 2242 1797 2263 1
1827 2245 1878 2270 post
1898 2244 1920 2265 et

1070 2279 1153 2300 omittit
1165 2284 1220 2301 esse.
1236 2279 1285 2300 Mox
1297 2281 1349 2306 post
1360 2278 1393 2301 ita.
1405 2279 1512 2301 claritatis
1524 2280 1595 2306 gratia
1609 2279 1672 2302 addit
1683 2280 1730 2302 sola
1742 2281 1793 2303 Vat.
1806 2280 1870 2310 quod
1880 2280 1920 2304 sil.

1134 2317 1143 2331 9
1161 2317 1327 2345 Supplevimus
1344 2324 1371 2339 ex
1388 2324 1443 2340 mss.
1461 2321 1483 2340 et
1500 2318 1535 2340 ed.
1558 2319 1562 2340 1
1584 2317 1622 2341 ibi.
1639 2330 1671 2335 —
1695 2319 1761 2341 Plura
1787 2319 1816 2342 de
1834 2320 1876 2342 hac
1893 2326 1918 2343 re

1070 2355 1124 2378 vide
1140 2363 1210 2384 supra
1229 2363 1249 2378 a.
1268 2357 1288 2378 ·1.
1306 2363 1328 2385 q.
1347 2357 1368 2378 2.
1385 2368 1417 2373 —
1433 2357 1535 2379 Eandem
1552 2357 1679 2380 doctrinam
1697 2358 1766 2380 habet
1781 2359 1841 2381 Alex.
1860 2359 1917 2387 Hal„

1070 2395 1092 2417 S.
1111 2401 1134 2423 p.
1152 2395 1164 2417 l.
1183 2402 1205 2424 q.
1224 2395 1260 2417 42.
1279 2401 1309 2417 m.
1328 2395 1348 2417 4.
1366 2402 1386 2417 a.
1406 2396 1425 2417 1.
1443 2407 1475 2412 -—
1492 2396 1513 2418 S.
1532 2396 1628 2423 Thom.‚
1646 2397 1683 2419 hic
1700 2403 1722 2426 q.
1741 2398 1761 2419 2.
1780 2404 1799 2419 a.
1818 2398 1838 2425 23
1856 2400 1878 2420 et
1895 2399 1917 2420 S.

1039 2451 1041 2461 ,
1070 2434 1085 2455 l.
1109 2440 1130 2463 q.
1150 2433 1186 2455 41.
1204 2440 1223 2455 11Δ
1242 2434 1265 2456 3.
1281 2445 1313 2450 -·
1329 2434 1353 2455 B.
1370 2434 1468 2462 Albert,
1488 2435 1524 2457 hie
1541 2441 1560 2456 a.
1579 2435 1614 2457 lO.
1632 2447 1664 2451 —
1680 2435 1737 2458 Petr.
1755 2436 1784 2458 (le
1797 2436 1857 2465 Tar„
1879 2437 1916 2459 hic

1069 2479 1091 2501 q.
1110 2473 1131 2495 3.
1149 2479 1169 2495 a.
1188 2474 1208 2495 ⁴2.
1220 2484 1252 2489 —
1269 2472 1361 2500 Dionys.
1379 2472 1467 2501 Carth.⁷
1486 2474 1522 2495 hic
1539 2480 1561 2502 q.
1580 2474 1600 2496 2.
1618 2475 1640 2496 in
1658 2473 1709 2496 fine.

1240 2533 1335 2557 NOTAE
1352 2533 1389 2556 AI)
1406 2533 1482 2557 LIBR.
1502 2534 1741 2558 SENTENTIARUM.

1130 2588 1136 2602 ¹
1155 2589 1246 2616 Quaest.
1265 2588 1294 2610 65
1311 2589 1397 2616 Dialog.
1415 2595 1438 2617 (1,
1456 2589 1485 2616 7,
1503 2590 1525 2610 10
1543 2595 1589 2618 quo
1602 2592 1662 2612 textu
1675 2590 1726 2612 Vat.
1738 2593 1791 2618 post
1812 2591 1914 2618 prlmum

1067 2669 1145 2688 contra
1163 2672 1243 2688 omnes
1261 2665 1327 2688 codd.
1345 2668 1368 2688 et
1383 2666 1436 2688 edd.
1459 2667 1481 2694 1,
1499 2667 1512 2688 6
1530 2670 1552 2689 61
1569 2667 1679 2694 originale
1695 2668 1824 2695 Augustini.

1128 2704 1137 2719 ²
1155 2704 1209 2732 Cap.
1228 2705 1264 2726 20.
1283 2711 1304 2726 n.
1323 2705 1367 2732 38,
1385 2705 1425 2727 sed
1443 2706 1557 2727 nonnullis
1574 2705 1670 2734 additis;
1688 2707 1710 2728 in
1728 2707 1772 2728 hoc
1785 2710 1844 2729 textu
1858 2707 1910 2729 cod.

1037 2739 1038 2743 ¹
1065 2743 1084 2764 D
1101 2742 1289 2771 untecedentem;
1305 2743 1341 2765 ed.
1359 2750 1457 2771 operum
1475 2744 1596 2772 Augustini
1613 2744 1757 2767 accidente-m
1783 2752 1826 2773 pro
1849 2751 1913 2768 0666-

1037 2793 1038 2804 ;
1066 2781 1165 2804 dentem,

1127 2820 1136 2835 ³
1153 2820 1246 2843 ibidem.
1265 2833 1296 2838 —
1314 2822 1381 2844 Paulo
1399 2825 1450 2844 ante
1467 2823 1513 2844 sola
1533 2822 1581 2844 Vnt.
1601 2826 1652 2850 post
1670 2828 1715 2845 non
1734 2822 1856 2845 voluntate
1874 2822 1912 2844 ad-

1064 2860 1138 2887 iungit
1155 2865 1229 2889 neque
1246 2860 1389 2883 necessitate.
