2253 3317
311 135 327 162 ⁸2
1078 127 1325 158 PROOEMIUM.

391 211 538 244 Secmalo,
560 213 674 247 propter
695 209 904 245 spatiosiazlem
927 208 1029 237 dicitur
1051 206 1156 235 fluvius

186 273 299 297 spamam.
313 265 410 286 rerum
432 257 640 285 mundanarum
669 255 830 292 productio,
859 255 894 283 ob
929 261 1014 291 quam
1043 260 1156 282 causam

171 296 299 342 {i,{‚¹,¹1{{}⁸³{„.0.
313 312 367 331 non
388 306 497 331 tantum
518 301 637 335 fluvius,
653 301 701 330 sed
724 308 802 329 mare
823 308 839 329 a
853 300 991 337 Propheta
1005 299 1107 327 dicitur
1130 299 1157 327 in

173 343 288 361 ³¹¹⁶¹⁵⁰¹¹⁸¹¹¹·
315 350 441 379 Psalmo¹
463 349 513 377 iste
535 348 673 377 mundus:
697 347 758 376 Hoe
780 356 864 376 mare
885 355 1025 384 mayaam
1049 350 1075 374 et
1094 354 1159 382 spa-

315 397 419 425 tiosam
436 400 484 423 ete.
500 395 539 423 De
554 395 605 423 hoc
623 393 710 423 fluvio
727 393 877 422 Ezechielis
894 392 1027 429 vigesimo
1050 390 1157 420 nono2:

319 444 386 471 Eece
401 450 450 478 eyo
472 441 512 469 aa
527 444 550 468 te
565 439 704 470 Pharao.
721 448 773 467 rex
786 438 921 476 AEyypffl,
937 438 1028 466 draeo
1043 446 1158 475 magne,

315 489 367 527 qai?
387 488 477 517 cubas
500 488 527 515 111
557 486 649 515 medio
679 486 837 523 flimzinimi
858 490 884 514 et
904 486 997 514 (licis.-
1019 485 1098 513 Meus
1120 489 1161 514 est

316 535 435 572 flavias,
457 537 483 562 et
503 541 552 571 egyo
573 532 631 569 feet
644 532 851 569 memetipsam.
869 532 904 560 Et
914 540 1026 568 ponam
1040 530 1160 568 frenum

317 581 345 609 iu
368 579 499 608 maxillis
521 578 579 607 tais
600 582 650 607 etc.
673 578 762 606 Draco
784 578 834 606 iste
855 585 982 614 magnus,
1004 585 1089 614 quem
1111 577 1161 605 Do-

318 628 411 655 minus
430 626 582 662 alloquitur
604 628 630 653 et
652 625 696 653 cui
711 624 897 653 comminatur
912 625 938 653 in
955 624 1046 661 figura
1061 627 1088 653 et
1102 632 1162 661 per-

317 682 384 703 sona
405 672 567 702 Pharaonis,
583 671 711 700 diabolus
736 673 791 701 est,
814 670 860 707 qui
885 673 926 699 est
945 678 997 699 rex
1016 671 1120 708 fligypti
1136 670 1167 704 ⁸„

317 720 449 757 quoniam
480 721 577 755 regnat
608 718 636 746 in
657 717 714 751 eis,
746 725 816 754 quos
848 717 1008 745 excaecavit
1039 717 1161 745 tenebris

318 765 437 797 erroris,
466 767 497 793 ut
525 767 593 801 puta
624 766 689 792 sunt
716 762 869 797 haeretici,
891 763 926 791 ad
954 770 1024 800 quos
1037 762 1046 775 '¹
1078 762 1162 791 etiam

319 811 398 840 dicit:
422 811 501 839 Meas
522 814 562 838 est
583 809 709 846 flavias,
742 813 768 837 et
798 817 848 846 eqo
868 807 926 846 feei
946 809 1163 845 memenpSztm,

318 856 399 894 quasi
420 856 478 893 ipse
504 855 601 884 fecerit
616 855 756 883 mundum
771 855 856 883 istum
871 858 897 883 et
912 855 971 892 ipse
985 863 1040 883 non
1062 855 1163 883 habeat

319 903 396 931 aliud
417 902 595 939 principium.
617 902 694 931 Hunc
725 909 851 930 errorem
873 901 932 938 ipse
953 901 1026 929 dixit
1055 903 1081 929 et
1103 908 1165 937 sug-

319 949 403 986 gessit
419 949 428 961 ³
462 948 554 985 impiis
586 948 775 982 lllanichaeis‚
808 947 854 984 qui
889 950 975 975 totam
1006 946 1164 975 machinam

320 996 472 1025 visibilium
494 1003 510 1023 a
540 995 597 1024 Deo
618 995 692 1023 malo
723 1002 783 1024 esse
815 993 955 1023 conditam
986 993 1165 1022 contendunt.

320 1042 407 1071 Huius
424 1041 552 1070 draconis
569 1040 699 1069 maxillas
716 1040 851 1068 Dominus
873 1038 1034 1076 infrenabis
1044 1040 1062 1074 ⁶,
1082 1048 1167 1076 quan-

321 1088 356 1117 do
371 1088 463 1116 ablata
478 1087 530 1115 sibi
547 1090 681 1123 potestate
698 1087 865 1124 suggerendi
882 1086 965 1120 falsa,
981 1085 1122 1120 ostendet,
1137 1093 1167 1114 se

321 1142 381 1164 esse
403 1134 488 1163 huius
509 1133 587 1162 fluvii
609 1133 797 1168 conditorem3
818 1133 894 1162 unde
909 1133 937 1161 in
956 1132 1054 1161 eadem
1075 1135 1168 1161 aucto-

322 1182 403 1210 ritate
426 1181 567 1218 sequitur:
596 1180 691 1209 Sedent
713 1188 810 1208 omnes
832 1178 1010 1208 habitatores
1031 1178 1166 1217 AEyypti',

323 1228 462 1267 qnoniam.
483 1236 533 1265 eqo
554 1227 706 1256 Dominus.

409 1274 513 1307 Tertio,
545 1276 659 1310 propter
688 1272 909 1301 circulationem
939 1272 1041 1301 dicitur
1063 1271 1168 1300 fluvius

193 1331 310 1358 ⁴emulano
324 1321 382 1349 Filii
403 1321 450 1349 Dei
473 1320 641 1354 incarnatio.
664 1319 811 1357 quoniam,
838 1319 910 1348 sicut
931 1319 959 1347 in
980 1318 1086 1347 circulo
1107 1318 1170 1346 ulti-

180 1356 403 1396 ῗὲιῖἰῖἒιῖἒζὲῗιζ11111111
434 1366 612 1403 coniungitur
634 1365 784 1402 principio,
806 1365 845 1393 sic
866 1365 894 1393 in
916 1364 1105 1393 incarnatione
1127 1372 1170 1392 su-

324 1422 454 1451 premum
481 1413 658 1450 coniungitur
685 1413 759 1446 imo,
780 1415 812 1440 ut
832 1412 907 1440 Deus
928 1411 994 1440 limo
1011 1411 1034 1445 ⁷,
1063 1414 1089 1440 et
1117 1411 1172 1448 pri-

324 1467 404 1488 mum
424 1461 580 1496 postremo,
602 1461 633 1486 ut
654 1458 738 1486 Filius
758 1457 808 1486 Dei
829 1460 960 1486 aeternus
982 1457 1086 1485 homini
1110 1464 1172 1485 con-

325 1506 382 1535 dito
403 1506 447 1534 die
469 1509 557 1534 sexto.
579 1505 618 1533 De
639 1505 692 1533 hoc
713 1504 799 1533 fluvio
828 1503 1010 1533 Ecclesiastici
1036 1503 1171 1540 vigesimo

326 1556 427 1590 quarto
439 1553 463 1580 s:
487 1553 547 1590 Egyo
562 1551 650 1590 qnasi
669 1550 779 1588 fluvias
795 1551 908 1584 Dorias,
924 1554 950 1579 et
970 1551 1048 1579 sient
1068 1559 1174 1588 aquae-

327 1600 432 1628 ductas
453 1599 532 1627 exivi
552 1599 585 1627 (Ie
610 1598 764 1635 paradiso.
786 1597 874 1626 Dorix
896 1598 1097 1634 interpretatur
1130 1605 1174 1634 ge-

326 1645 477 1675 nerationis
487 1644 733 1678 medicamentum,
744 1646 771 1672 et
786 1647 827 1672 est
838 1644 875 1672 ibi
888 1643 1055 1680 figurativus
1067 1651 1173 1677 sermo,

326 1696 359 1722 ut
379 1692 536 1722 conversim
558 1691 744 1728 intelligatur,
766 1691 793 1719 id
815 1694 869 1725 est,
892 1690 1033 1727 generatio
1055 1690 1175 1719 medica-

328 1738 423 1768 menti.
458 1732 627 1767 Incarnatio
643 1737 718 1766 enim
739 1737 798 1765 Filii
829 1736 876 1765 Dei
910 1736 979 1764 nihil
1013 1736 1091 1765 aliud
1124 1736 1175 1765 fuit

329 1793 415 1823 quam
429 1785 570 1822 generatio
589 1783 798 1813 medicamenti:
828 1784 896 1812 Vere
918 1783 994 1812 enim
1017 1783 1175 1821 lanyaores

328 1835 444 1861 nostros
466 1831 525 1868 ipse
548 1830 612 1859 talin
633 1833 660 1858 et
680 1829 867 1866 infirmitates
889 1833 1008 1858 nostras
1031 1830 1091 1867 ipse
1110 1838 1177 1867 por-

330 1878 433 1909 tavit?
460 1878 540 1907 Recte
570 1877 655 1914 igitur
683 1876 742 1905 Filii
770 1875 923 1905 incarnatio
954 1876 1059 1905 fluvius
1088 1875 1176 1905 Dorix

394 1994 402 2009 1
420 1995 468 2023 103,
482 1994 518 2016 25.
531 2006 562 2010 —
574 1994 645 2016 Paulo
657 1997 708 2016 ante
720 1993 815 2021 plurimi
827 1993 895 2015 codd.
908 1996 933 2016 ut
945 1993 963 2015 A
973 1993 989 2015 Β
999 1992 1015 2016 C
1024 1993 1043 2015 D
1053 1993 1071 2015 G
1082 1993 1101 2015 H
1112 1993 1118 2014 l
1129 1993 1149 2015 K
1159 1993 1179 2014 Μ

332 2034 350 2057 Ο
359 2034 374 2055 Ρ
385 2034 403 2055 R
414 2034 428 2055 S
438 2034 455 2056 T
466 2033 496 2054 W
505 2039 532 2056 ee
543 2036 566 2055 et
577 2033 613 2055 ed.
628 2032 636 2053 ¹1
655 2034 761 2055 omittunt
773 2037 888 2059 causam‚·
901 2032 967 2054 lectio
984 2038 1028 2054 non
1041 2031 1179 2060 spernenda,

332 2073 389 2095 sorte
403 2073 513 2095 sincerior
522 2090 527 2099 ,
540 2073 564 2094 111
577 2077 622 2100 qua
635 2071 758 2092 relativum
769 2076 841 2100 qnam
852 2070 950 2092 retertur
961 2070 990 2092 ad
1000 2069 1179 2099 spatiositatem.

396 2111 406 2126 ²
424 2111 490 2133 Vers.
509 2111 530 2132 3.
548 2110 648 2138 Vulgata
665 2110 686 2131 111
705 2110 749 2131 1100
766 2112 827 2131 textu
839 2112 892 2136 post
907 2108 1036 2137 fluminum
1052 2108 1116 2130 addit
1132 2109 1182 2131 tuo-

333 2156 408 2176 rnm;
426 2148 559 2171 immediate
576 2151 629 2176 post
646 2147 698 2170 edd.
717 2147 730 2168 4
748 2150 769 2169 et
787 2147 800 2168 6
818 2146 903 2169 habent
920 2146 962 2176 qui
978 2152 1020 2174 pro
1037 2147 1064 2169 et.

395 2188 405 2203 ³
422 2188 476 2210 Fide
493 2193 549 2209 mss.
566 2190 589 2209 et
605 2186 641 2209 ed.
669 2187 676 2208 l
707 2186 860 2214 expunximus
885 2186 1066 2213 propositionem
1090 2186 1112 2206 in
1130 2185 1180 2207 Vat.

334 2227 371 2249 1110
392 2226 524 2248 adiunctam
550 2231 610 2255 qaae
634 2224 806 2254 interpretatur
830 2222 944 2246 tenebrae.
971 2223 1103 2245 Immediaie
1130 2226 1182 2251 post

335 2265 386 2288 cod.
404 2265 422 2287 O
440 2264 482 2295 qni
497 2265 547 2287 loco
565 2263 687 2293 qnoniam.

397 2304 407 2318 ⁴
424 2304 474 2326 Vat.
492 2309 574 2333 quem,
592 2303 634 2326 sed
651 2303 745 2325 omnino
762 2302 830 2330 false,
843 2302 875 2324 uti
892 2308 920 2324 ex
931 2302 981 2330 ipso
994 2304 1099 2324 contextu
1112 2304 1181 2330 patet,

335 2346 358 2365 et
376 2341 561 2371 repugnantibus
577 2347 632 2363 mss.
650 2347 704 2363 cum
721 2340 757 2362 ed.
777 2340 796 2362 1.

398 2379 407 2394 5
424 2379 496 2403 Codd.
513 2379 561 2401 KV
578 2381 601 2401 et
616 2378 653 2401 ed.
672 2379 680 2400 i
697 2378 784 2400 addunt
795 2379 816 2400 et
827 2377 948 2407 suyyerzt,
961 2377 997 2399 alii
1009 2383 1066 2399 vero
1078 2381 1103 2400 ut
1114 2377 1181 2400 codd.

337 2419 356 2441 A
367 2419 384 2441 T
402 2424 445 2447 pro
462 2417 580 2448 schqessit
595 2417 675 2445 legunt
691 2416 799 2446 sayyeri't
814 2420 921 2444 respectu
933 2416 1117 2438 Manichaeorum
1129 2419 1183 2439 tem-

338 2464 395 2485 pore
412 2458 434 2479 S.
452 2457 556 2482 Doctoris
573 2457 708 2478 viventium.
726 2456 791 2484 Mox,
809 2455 978 2484 postulantibus
1000 2461 1054 2477 mss.
1078 2461 1104 2477 ac
1130 2455 1182 2478 edd.

339 2497 348 2518 11
363 2514 368 2525 ‚
386 2497 415 2524 2,
434 2496 446 2518 3
457 2514 463 2524 ‚
481 2499 533 2524 post
549 2495 669 2519 conditam
685 2495 838 2523 expunximus
855 2495 969 2517 asserunt
984 2495 1012 2517 et.

400 2535 410 2550 ⁶
427 2534 482 2557 Cod.
500 2535 518 2557 U
536 2533 671 2564 refrenabit.
696 2534 753 2556 Dein
778 2533 846 2556 codd.
863 2534 880 2555 B
890 2532 906 2556 C
915 2533 933 2555 D
943 2533 977 2555 GI
988 2533 1005 2555 O
1016 2533 1034 2555 T
1044 2533 1074 2555 W
1084 2533 1105 2555 X
1114 2534 1130 2555 Z
1152 2533 1184 2556 bb

338 2575 416 2597 minus
431 2574 491 2596 bene
507 2573 634 2603 qnoniam,
648 2573 698 2595 cod.
710 2573 728 2595 Α
745 2572 787 2602 qui
802 2573 852 2595 loco
869 2571 972 2602 quando.
990 2572 1059 2595 Paulo
1077 2576 1129 2600 post
1141 2572 1184 2595 sub

339 2612 417 2635 verbis
434 2612 458 2635 in
475 2612 557 2635 eadem
569 2611 710 2635 auctoritate
729 2611 828 2639 intellige
840 2611 919 2633 Ezech.
934 2611 977 2639 29,
996 2611 1023 2639 6,
1040 2611 1080 2633 ubi
1100 2614 1121 2634 et
1132 2611 1185 2634 Vul-

340 2654 393 2680 gata
410 2657 463 2673 cum
480 2650 516 2672 ed.
539 2651 543 2672 l
565 2650 619 2678 legit
636 2649 693 2680 qnia
710 2656 752 2678 pro
770 2649 890 2679 qnoniam.

402 2689 412 2703 ⁷
429 2688 506 2711 Verba
522 2690 544 2710 111
562 2689 612 2712 Vat.
630 2690 715 2711 omissa
731 2690 759 2711 ut
775 2689 838 2711 Deus
855 2687 911 2711 limo
928 2687 1055 2710 adiecimus
1072 2694 1117 2715 ope
1130 2694 1184 2710 mss.

341 2730 364 2749 et
388 2727 424 2749 ed.
443 2727 463 2748 1.
483 2726 527 2749 Cir.
545 2727 612 2749 Liber
629 2727 658 2750 de
675 2727 761 2755 SpIritu
778 2730 800 2749 et
816 2727 891 2749 anima
909 2732 928 2748 c.
948 2725 983 2747 14.
1000 2737 1032 2741 -
1049 2726 1117 2747 Paulo
1134 2729 1185 2748 ante

341 2766 392 2788 cod.
410 2772 436 2788 ee
453 2772 507 2788 cum
524 2765 560 2788 ed.
582 2767 587 2788 l
610 2766 664 2794 legit
680 2765 834 2789 coniunctum
849 2765 885 2787 est
907 2764 958 2786 loco
983 2763 1144 2794 coniunyz'tar.
1161 2765 1185 2787 In

342 2804 386 2826 fine
404 2805 566 2832 propositionis
584 2804 650 2826 codd.
668 2803 781 2826 ACFllll
792 2803 835 2825 sT
853 2806 894 2826 etc.
912 2803 993 2829 sezrtoe
1010 2802 1060 2824 vat.
1078 2803 1153 2825 seoeta.

404 2842 414 2857 Β
431 2843 495 2865 Vers.
510 2842 546 2864 41.
560 2842 672 2870 Vulgata:
689 2842 737 2870 Ego
755 2842 820 2870 quasi
836 2840 903 2870 fluvii
919 2840 1013 2870 Diorya:
1029 2842 1051 2862 et
1068 2841 1126 2863 sicut
1142 2844 1184 2864 etc.

1169 884 1196 892 ἢ
1219 859 1356 892 obsecr0‚
1387 860 1428 886 est
1460 857 1598 894 parvulus
1619 857 1730 886 rivulus
1751 858 1802 887 iste
1824 858 1877 887 nisi
1905 858 2063 888 humillima

1213 205 1324 234 dicitur.
1356 204 1385 232 Et
1414 204 1472 240 ipse
1501 202 1661 231 Christus¹⁰
1686 202 1720 230 de
1741 210 1770 230 se
1793 209 1858 231 vere
1885 201 1969 230 dicit:
1999 200 2057 237 Eyo

1213 250 1301 289 quast*
1319 249 1429 286 flavias
1453 249 1562 281 Dorz'x,
1586 249 1613 277 id
1629 252 1685 283 est,
1708 249 1881 278 medicinalis
1898 248 2018 281 fluvius,
2034 250 2058 275 et

1213 298 1289 326 sicat
1310 296 1511 334 aquaeductus
1534 297 1611 324 exivi·
1631 297 1664 324 de
1676 296 1830 333 paradiso.
1846 296 1949 324 Natura
1970 291 2107 331 aquae&

1214 345 1283 374 haec
1296 345 1317 358 ¹¹
1339 348 1395 379 est,
1419 344 1494 381 quod
1510 346 1619 371 tantum
1641 343 1780 376 ascendit„
1795 345 1932 380 quantum
1947 342 2059 370 descen-

1215 392 1262 421 dit.
1286 392 1358 421 Talis
1380 391 1432 419 fuit
1453 391 1547 419 exitus
1569 390 1780 424 incarnationis,
1803 389 1958 418 secundum
1983 386 2058 424 quod

1216 439 1318 469 dicitur
1351 439 1378 467 in
1411 438 1521 467 Psalmo
1541 438 1581 466 ¹²:
1617 438 1640 466 A
1676 445 1791 465 sinumo
1824 435 1899 464 coelo
1933 435 2058 473 egyressio

1216 487 1295 519 eins,
1324 489 1348 513 et
1371 493 1512 513 occursus
1528 484 1590 512 etus
1605 492 1696 521 nsque
1712 483 1752 511 acl
1766 491 1916 511 samniam
1935 482 2005 511 eius.
2029 481 2059 509 Et

1217 532 1328 561 Joannis
1350 531 1457 560 decimo
1472 534 1552 560 sexto
1567 530 1604 558 ¹³:
1623 531 1710 559 Exivi
1732 539 1750 558 a
1775 531 1866 558 Patre
1887 534 1913 559 et
1939 529 2005 558 veni
2028 529 2059 557 in.

1216 578 1382 607 mandam:
1405 577 1511 605 iterant
1543 577 1674 614 relinquo
1698 577 1844 605 nrwnclnm
1867 580 1893 604 et
1918 575 1993 604 vado
2021 575 2061 604 ad

1218 626 1360 658 Patrem,
1383 627 1409 652 et
1432 624 1469 652 ita
1489 623 1553 652 fecit
1580 623 1727 652 circulum.
1751 623 1790 651 De
1822 623 1874 651 hoc
1906 622 1989 651 etiam
2012 622 2061 650 ssu-

1218 671 1262 700 vio
1296 673 1431 708 quantum
1467 670 1502 698 ad
1532 677 1677 706 egressum
1699 669 1759 698 eius
1787 676 1824 697 ex
1850 672 1939 698 matre
1971 672 2061 706 potest

1218 718 1322 755 exponi
1351 717 1443 751 illud,
1473 716 1548 754 quod
1586 716 1688 744 dicitur
1720 716 1818 745 Esther
1852 715 1960 745 decimo
1977 716 1999 729 ¹⁴¹
2034 717 2062 745 in

1219 765 1326 795 somnio
1358 764 1553 793 Mardochaei:
1587 764 1740 792 Parvulas
1761 763 1879 792 rivallis
1911 763 2002 792 erevit
2031 764 2062 792 in

1218 812 1358 850 stitutum,
1374 815 1400 840 et
1414 812 1445 839 in
1468 811 1557 839 lacem
1580 811 1723 848 solemque
1744 818 1900 839 conversus
1923 815 1971 839 est.
1986 812 2062 848 Quis,

1220 906 1320 942 virgo?
1342 904 1412 933 Haec
1435 903 1523 932 crevit
1545 903 1573 931 in
1594 902 1730 938 fluvium„
1754 912 1818 933 cum
1833 905 1975 942 generavit
1989 905 2065 935 Chri-

1221 954 1315 985 stum,
1344 950 1393 987 qui
1420 957 1475 978 non
1503 949 1595 978 solum
1622 949 1726 978 fluvius
1753 958 1804 987 per
1821 950 1842 963 ¹⁵
1864 951 2064 981 abundantiam

1221 998 1341 1038 gratiae,
1364 996 1413 1025 sed
1445 997 1529 1025 etiam
1559 996 1610 1024 lux
1639 997 1790 1033 sapientiae
1822 1000 1849 1025 et
1878 998 1919 1026 sol
1944 997 2065 1027 iustitiae

1222 1045 1340 1079 dicitur,
1366 1043 1523 1072 secundum
1548 1044 1624 1080 quod
1649 1044 1763 1073 Ioannes
1788 1045 1909 1082 capitulo
1940 1045 2064 1083 primo¹¹³

1222 1092 1257 1121 de
1278 1092 1338 1129 ipso
1360 1090 1441 1119 dicit:
1465 1091 1540 1119 Erat
1560 1090 1612 1119 lux
1632 1099 1703 1119 vera
1725 1094 1775 1120 etc.

1303 1139 1432 1174 Quarta,
1467 1140 1581 1175 propter
1616 1138 1850 1167 ematidationem.
1882 1138 1983 1168 dicitur
2018 1139 2069 1168 flu·
2089 1141 2207 1183 .E¹¹.¹3¹¹¹s{³g¹⁰

1223 1184 1286 1213 vius
1304 1184 1548 1212 Sacramentorum
1570 1183 1751 1221 dispensatio,
1774 1192 1846 1221 quae
1867 1185 1926 1214 sine
1947 1185 1991 1214 sui
2011 1185 2069 1222 pol-
2078 1170 2185 1230 501ῗῖ11τῇῗῖἷοῖ
2190 1170 2208 1183 a*

1224 1232 1329 1261 lutione
1360 1231 1478 1260 mundat
1512 1239 1562 1260 nos
1596 1240 1612 1260 a
1643 1231 1914 1268 coinquinationibus
1945 1216 2209 1269 peccato-gfflussfffn-

1224 1287 1297 1308 rum.
1313 1279 1352 1307 De
1374 1279 1426 1307 hoc
1447 1278 1533 1307 fluvio
1548 1279 1725 1316 Apocalypsis
1749 1279 1883 1316 vigesimo
1904 1279 2026 1308 secundo
2041 1279 2070 1307 ¹⁷:

1229 1325 1359 1354 Ostfflidit
1387 1324 1462 1353 mila·
1491 1324 1615 1361 flaviam
1646 1334 1741 1363 aqztae
1768 1326 1852 1354 vivae
1887 1325 2072 1362 splendidum

1227 1377 1379 1410 tamquam
1404 1371 1594 1409 crystallum,
1613 1372 1814 1408 procedentem
1835 1372 1869 1400 cle
1888 1372 1953 1401 sede
1976 1372 2028 1401 Det*
2047 1375 2074 1400 et

1227 1419 1315 1457 Aynz'.
1350 1419 1594 1447 Sacramentorum
1630 1419 1799 1456 dispensatio
1831 1419 1933 1448 dicitur
1969 1419 2074 1448 fluvius

1226 1464 1396 1502 splendidas
1413 1469 1564 1502 tamqaam
1579 1464 1737 1502 crystallus
1750 1468 1864 1502 propter
1879 1466 2034 1494 claritatem
2049 1468 2075 1494 et

1227 1512 1369 1546 nitorem,
1391 1519 1474 1548 quem
1496 1511 1629 1548 relinquit
1650 1511 1678 1539 in
1699 1512 1858 1546 animabus,
1883 1520 1955 1549 quae
1975 1512 2004 1540 in
2024 1512 2076 1541 hoc

1228 1558 1343 1587 flumine
1355 1557 1538 1594 depurantur.
1551 1557 1658 1586 Dicitur
1669 1558 1753 1586 etiam
1765 1558 1869 1587 fluvius
1884 1567 1979 1596 aquae
1993 1558 2077 1586 vivae

1228 1609 1343 1644 propter
1375 1605 1527 1634 efficaciam
1559 1605 1683 1641 gratiae,
1706 1613 1778 1642 quae
1803 1605 1925 1634 vivificat
1945 1605 2076 1634 animam.

1230 1653 1277 1682 Hic
1306 1652 1389 1681 etiam
1414 1651 1548 1689 procedit
1575 1652 1608 1679 (Ie
1628 1651 1693 1679 sede
1714 1651 1768 1680 Dei
1787 1655 1813 1680 et
1840 1652 1927 1690 Aynz'.
1949 1652 2018 1681 Nam
2039 1660 2079 1681 sa-

1231 1698 1409 1729 cramentalis
1432 1698 1520 1735 gratia
1541 1698 1666 1735 procedit
1695 1706 1711 1726 a
1732 1698 1790 1727 Deo
1811 1701 1956 1736 tamquam
1977 1698 2012 1727 ab
2033 1706 2080 1727 au-

1232 1749 1308 1775 ctore
1322 1746 1344 1760 ¹³
1367 1749 1393 1775 et
1424 1745 1574 1779 efficiente,
1596 1753 1612 1773 a
1642 1744 1757 1774 Clirt'sto
1780 1748 1914 1782 tanquam
1936 1753 1953 1773 a
1973 1745 2077 1774 media-

1233 1795 1292 1821 tore
1314 1795 1341 1821 et
1362 1800 1377 1820 a
1398 1794 1583 1829 promerente.
1606 1791 1721 1828 Propter
1739 1791 1814 1828 quod
1832 1791 1965 1820 dicuntur
1986 1791 2079 1820 onmia

1233 1839 1411 1867 Sacramenta
1422 1837 1573 1867 efficaciam
1584 1837 1688 1866 habere
1703 1846 1720 1866 a
1734 1838 1861 1874 passione
1874 1837 1976 1866 Christi
1982 1848 1989 1871 ς
2005 1837 2081 1866 unde

1232 1887 1352 1913 testatur
1368 1884 1538 1921 Augustinus
1552 1883 1590 1911 19;
1620 1896 1630 1908 «
1645 1884 1684 1913 De
1700 1884 1786 1913 latere
1801 1884 1903 1913 Christi
1918 1884 2081 1913 dormientis

1237 1994 1300 2016 idem
1318 1994 1415 2016 recurrit
1440 1994 1509 2022 paulo
1535 1993 1599 2015 inira.
1617 1993 1663 2015 Sed
1687 1993 1741 2015 vide
1758 1993 1875 2020 Lyranum
1899 1996 1921 2016 et
1938 1992 2083 2016 Cardinalem

1238 2032 1360 2059 Hugonem
1377 2031 1406 2054 de
1423 2032 1444 2053 S.
1463 2031 1537 2054 Charo
1554 2037 1625 2059 super
1641 2032 1702 2053 hunc
1720 2031 1803 2053 locum.

1299 2070 1309 2085 9
1326 2071 1396 2093 Isaiae
1413 2067 1458 2099 53,
1476 2066 1502 2098 ⁷4,
1520 2071 1542 2092 in
1560 2076 1606 2099 quo
1624 2073 1684 2092 textu
1702 2070 1799 2098 Vulgata
1818 2076 1860 2098 pro
1878 2069 2028 2100 infirmitates
2044 2075 2084 2093 no-

1236 2111 1301 2133 stras
1318 2110 1373 2137 legit
1389 2109 1482 2132 dolores
1499 2110 1601 2132 nostros.

1300 2147 1319 2162 10
1329 2148 1420 2170 Praeter
1431 2147 1500 2169 fidem
1515 2154 1568 2170 mss.
1582 2151 1604 2170 et
1613 2148 1649 2170 ed.
1661 2149 1668 2170 q
1684 2154 1728 2170 non
1739 2147 1798 2170 bene
1806 2148 1870 2171 deest
1876 2149 1898 2171 in
1908 2149 1959 2172 Vat.
1968 2148 2083 2172 Christus.

1300 2186 1318 2201 11
1337 2186 1513 2215 Refragantibus
1531 2186 1597 2209 codd.
1621 2190 1643 2209 et
1665 2186 1700 2209 ed.
1721 2187 1745 2215 il,
1772 2188 1836 2215 ponit
1852 2188 1903 2210 Vat.
1929 2187 2015 2215 linias,
2041 2187 2082 2210 sed

1237 2224 1362 2253 mendose⁷
1380 2226 1433 2253 quia
1451 2225 1553 2247 subnexa
1576 2226 1716 2248 conveniunt
1741 2231 1785 2247 11011
1812 2226 1887 2248 solum
1911 2226 1965 2248 huic
1989 2226 2026 2248 vel
2051 2226 2083 2248 illi

1237 2269 1325 2292 aquae,
1343 2263 1384 2285 sed
1401 2264 1470 2285 omni.

1299 2301 1320 2317 12
1337 2302 1380 2330 18,
1398 2301 1413 2323 7
1433 2302 1473 2330 (6).
1863 2301 1882 2317 1³
1899 2302 1964 2325 νει-5.
1983 2303 2019 2324 28.

1301 2340 1320 2355 1⁴
1338 2340 1403 2362 Vers.
1421 2340 1447 2368 6,
1465 2341 1487 2361 111
1506 2346 1552 2369 quo
1570 2343 1630 2363 textu
1648 2341 1684 2363 hic
1701 2344 1723 2363 et
1745 2341 1815 2369 paulo
1833 2343 1886 2369 post
1902 2341 1952 2363 Vat.
1974 2346 2083 2371 partus,

1239 2379 1424 2403 dissentientibus
1440 2385 1495 2402 mss.
1509 2382 1531 2402 et
1544 2379 1579 2401 ed.
1599 2380 1606 2401 Ἰ1
1619 2387 1623 2407 ς
1641 2379 1740 2408 Vulgata
1757 2383 1833 2402 autem
1844 2385 1849 2402 2
1861 2379 1956 2403 Parvus
1966 2379 2032 2409 fons,
2044 2379 2086 2410 qui

1239 2418 1313 2441 crevit
1323 2420 1364 2440 etc.
1378 2418 1447 2440 Paulo
1462 2420 1513 2440 ante
1526 2417 1593 2440 codd.
1611 2418 1646 2440 lT
1664 2419 1770 2441 omittunt
1787 2417 1851 2448 qaod
1867 2417 1953 2441 daz-fitur
1963 2437 1969 2446 ,
1983 2424 2026 2446 pro
2038 2424 2083 2447 quo

1239 2458 1289 2480 Vat.
1307 2463 1360 2480 cum
1377 2456 1413 2478 ed.
1433 2456 1440 2477 1
1463 2459 1485 2478 et
1501 2462 1547 2479 uno
1565 2457 1666 2479 alterove
1684 2456 1734 2479 cod.
1753 2456 1817 2486 quod
1833 2455 1893 2480 [licit.

1301 2496 1321 2511 1⁵
1338 2495 1409 2518 Codd.
1427 2496 1445 2517 H
1463 2502 1489 2518 ee
1506 2497 1603 2526 propter
1610 2504 1618 2522 ‚·
1631 2495 1682 2518 dein
1701 2495 1751 2518 cod.
1771 2496 1790 2517 M
1808 2494 2059 2525 superabundantiam.

1303 2535 1322 2549 1⁶
1340 2534 1405 2557 Vers.
1423 2535 1444 2557 9.
1879 2534 1898 2549 1⁷
1917 2534 1981 2557 Vers.
2000 2535 2020 2556 ’1.

1302 2572 1321 2587 18
1338 2567 1476 2596 Auctoritate
1494 2574 1595 2602 plurium
1618 2573 1684 2596 codd.
1712 2576 1737 2596 ut
1753 2573 1830 2595 KRY
1841 2573 1856 2595 Z
1873 2578 1899 2595 ee
1925 2572 2084 2595 substituimus

1240 2613 1337 2635 auctore
1356 2618 1399 2640 pro
1418 2613 1514 2640 actore,
1532 2614 1558 2634 ut
1575 2613 1643 2635 habet
1659 2612 1709 2634 Vat.
1723 2612 1851 2640 Utrumque
1867 2611 1967 2633 verbum
1985 2617 1998 2633 a
2015 2610 2082 2633 codd.

1242 2658 1312 2680 saepe
1330 2651 1413 2673 eodem
1430 2651 1500 2673 modo
1518 2651 1631 2674 scribitur.
1658 2651 1707 2674 llon
1733 2650 1768 2673 ed.
1795 2651 1803 2672 1
1833 2653 1885 2678 post
1910 2649 2002 2673 Christo
2020 2649 2085 2672 addit

1240 2690 1382 2718 particulam
1400 2695 1463 2712 cero.

1303 2727 1322 2742 1⁹
1338 2728 1362 2750 ln
1379 2728 1467 2750 loannis
1484 2728 1569 2756 Evang.
1588 2734 1607 2750 c.
1625 2729 1646 2750 2.
1665 2729 1739 2751 Tract.
1753 2728 1774 2750 9.
1793 2733 1813 2749 n.
1828 2726 2007 2749 '10:Dormienti
2022 2726 2085 2749 Adae

1241 2765 1266 2788 fit
1282 2766 1329 2787 Eva
1347 2765 1375 2787 de
1393 2766 1475 2793 latere;
1503 2769 1594 2788 mortuo
1616 2766 1705 2789 Christo
1728 2767 1805 2789 lancea
1829 2765 1955 2793 percutitur
1972 2764 2041 2792 latus,
2060 2767 2084 2786 ut

1241 2804 1358 2831 profluant
1375 2804 1537 2832 Sacramenta,
1563 2804 1648 2833 quibus
1674 2805 1785 2827 formetur
1810 2803 1915 2825 Ecclesia.
1934 2802 1993 2824 VIde
2016 2802 2084 2824 etiam

1242 2841 1291 2864 libr.
1318 2842 1416 2864 Sentent.
1442 2848 1469 2864 ex
1494 2842 1623 2870 Augustino
1649 2842 1812 2871 decerptarum
1838 2841 1893 2870 (qui
1919 2843 1952 2863 est
1977 2840 2084 2868 Prosperi
2246 2843 2253 2864 1
