2253 3317
1 638 3 646 ψ
49 627 122 646 Solutio
136 627 153 644 ¹.

1 785 3 789 .
46 766 123 784 'Salutio
135 766 153 784 2.

46 904 123 923 Salutio
136 905 153 922 3.

1 1147 3 1149 >
41 1137 83 1156 Non
91 1142 158 1160 appru-

63 1160 137 1178 bantur.

36 1276 114 1302 'Salutio
124 1281 156 1294 au-

67 1301 132 1318 eloris.

783 119 864 146 DIST.
887 119 927 146 lx.
950 118 1013 147 ΛΒΤ

165 199 198 227 'in
219 199 310 227 Patre
330 197 522 235 coynoscitur.
544 196 612 225 Haec
634 200 675 225 est
694 198 791 233 quarta
812 195 881 224 ratio
912 198 939 224 et
966 199 1008 224 est

167 244 243 273 talis:
266 244 382 272 relativa
404 243 486 272 simul
507 245 572 271 sunt
593 246 693 270 natura
706 242 730 277 1;
752 242 801 271 sed
823 242 901 270 Pater
922 245 949 270 et
970 241 1008 270 Fi-

168 291 221 320 lius
242 293 307 320 sunt
320 290 450 319 relativa:
473 297 539 325 ergo
554 289 650 323 simul;
671 290 720 318 sed
751 289 830 317 Pater
860 292 902 317 est
922 291 1008 317 aeter-

167 346 231 366 nus:
253 346 320 374 ergo
334 337 417 365 Filius
431 339 604 365 coaeternus.
618 336 771 369 Probatio,
783 336 858 373 quod
874 336 952 363 Pater
968 338 1007 363 est

166 387 310 412 aeternus:
333 383 412 420 quia,
435 382 456 411 si
485 382 563 418 prius
584 381 636 409 fuit
657 382 730 409 Deus
758 385 785 409 et
805 384 900 418 postea
920 381 1007 415 Pater,

166 432 290 458 mutatus
310 432 352 457 est
364 428 382 456 ².
404 428 460 457 Sed
473 432 576 456 contra
601 428 682 456 istam
704 428 839 456 rationem
860 430 950 464 potest
967 435 1009 455 ar-

166 476 213 512 gui
234 476 293 512 pari
309 475 426 503 ratione:
448 475 527 511 prius
540 474 593 502 fuit
606 474 684 502 Deus
698 477 724 502 et
738 477 833 510 postea.
852 474 1007 501 Dominus:

166 530 232 558 ergo
254 524 378 549 mutatus
398 524 448 549 est.

245 567 420 595 RsspoNnm:
437 566 539 604 Aliqui
552 566 650 594 volunt
663 566 768 599 dicere,
783 566 858 602 quod
873 565 925 593 ista
940 566 1009 594 ratio

167 613 251 647 valet,
273 612 338 649 quia
352 613 492 649 generatio
513 615 554 640 est
575 612 610 640 de
624 611 778 640 substantia
799 612 968 648 generantis;
983 614 1010 640 et

168 659 230 688 ideo
251 659 273 687 si
289 659 383 695 incipit
403 666 552 695 generare,
567 658 722 687 substantia
741 661 874 686 mutatur.
890 658 942 686 Sed
958 658 1009 686 hoc

169 713 222 733 non
244 705 364 739 videtur,
386 706 452 742 quia.
473 704 613 742 generatio
628 705 655 733 in
677 704 778 733 divinis
792 713 846 733 non
868 705 934 733 dicit
955 712 1010 732 mo-

167 754 235 780 tum.
251 751 313 779 Alii
333 752 437 786 dicunt,
452 751 526 788 quod
559 751 624 788 quia
644 751 753 788 genitus
771 754 812 779 est
833 751 1011 779 consubstan-

168 798 240 826 tialis
261 798 397 835 gignenti,
419 798 442 826 si
463 800 588 826 mutatur
610 797 734 834 genitus,
756 800 782 825 et
810 797 940 834 gignens:
962 797 1010 825 sed

169 844 278 881 genitus
299 847 441 878 mutatur,
463 845 485 873 si
506 844 540 873 de
561 852 633 872 novo
654 847 818 881 generatur:
841 852 907 880 ergo
927 846 954 872 et
969 851 1012 879 ge-

168 898 269 919 nerans
290 898 341 927 per
369 898 549 927 consequens.
578 890 664 918 Alius
689 890 790 918 modus
817 889 927 918 dicendi
954 892 1010 923 est,

168 936 243 973 quod
263 937 415 973 paternitas
436 944 533 965 veram
561 937 627 965 dicit
648 936 841 964 habitudinem
870 936 898 963 in
918 935 1011 970 Patre,

169 991 223 1011 non
245 983 284 1012 sic
306 984 409 1012 creatio
430 983 474 1012 vel
495 983 661 1017 dominatio3
680 985 707 1011 et
721 983 784 1011 ideo
801 982 954 1019 paternitas
967 981 1013 1010 ad-

168 1030 303 1059 veniens³
325 1033 430 1065 mutat,
451 1038 503 1058 non
526 1030 565 1058 sic
586 1030 745 1058 dominatio.

245 1077 298 1105 Sed
313 1076 390 1105 nulla
410 1077 618 1113 praedictarum
639 1076 778 1104 rationum
791 1074 800 1087 ‘²
821 1075 868 1103 dat
888 1075 1011 1111 vigorem

171 1123 236 1152 huic
257 1123 356 1151 rationi
378 1126 473 1152 contra
494 1123 660 1157 haereticos,
681 1122 747 1159 quia
764 1122 922 1150 haereticus
943 1121 1014 1149 dice-

171 1169 231 1204 bat,
246 1170 321 1206 quod
336 1170 420 1198 Filius
440 1178 494 1198 non
509 1172 569 1198 erat
583 1171 758 1202 coaeternus,
780 1176 812 1197 ac
826 1176 877 1205 per
896 1168 948 1196 hoc
962 1176 1012 1196 nec

168 1216 426 1251 consubstantialis,
441 1224 491 1245 nec
512 1216 587 1244 idem
602 1216 629 1244 in
651 1215 815 1244 substantia.
831 1215 946 1251 Propter
960 1215 1013 1243 hoc

169 1263 335 1297 notandum,
350 1262 425 1300 quod
446 1262 588 1299 praedicta
603 1262 672 1290 ratio
693 1261 765 1290 bona
779 1264 819 1290 est
841 1264 937 1289 contra
951 1261 1014 1289 hae-

170 1308 303 1343 reticum,
325 1308 396 1337 facta
416 1309 477 1337 eius
491 1309 696 1345 suppositione;
718 1308 783 1345 quia
803 1307 961 1335 haereticus
976 1307 1014 1335 di-

169 1355 249 1384 cebat
276 1355 384 1384 Patrem
405 1358 432 1383 et
453 1355 551 1383 Filium
573 1355 732 1383 differentes
754 1354 781 1382 in
812 1354 967 1383 substantia
987 1356 1014 1382 et

169 1404 282 1435 natura,
298 1402 369 1430 sicut
383 1402 411 1430 in
426 1402 601 1438 generatione
616 1401 728 1430 carnali.
751 1401 813 1429 Pari
834 1401 939 1428 ratione
954 1408 1015 1428 con-

170 1450 213 1476 tra
234 1456 299 1477 eum
321 1448 388 1477 dicit
415 1448 591 1477 Ambrosius:
613 1455 678 1476 cum
700 1447 738 1476 ita
762 1447 811 1481 sit,
839 1446 914 1483 quod
936 1446 1015 1474 Pater

172 1494 244 1523 iste5
264 1497 389 1523 mutetur
416 1494 572 1523 accessione
598 1493 797 1531 generationis,
822 1493 870 1530 qui
902 1495 1016 1529 generat

170 1541 257 1569 alium
279 1541 307 1569 in
329 1541 496 1574 substantia;
518 1544 545 1569 et
560 1541 587 1569 in
609 1540 710 1569 divinis
731 1540 859 1568 similiter
874 1539 953 1567 Pater
974 1546 1017 1575 ge-

171 1590 251 1616 nerat
271 1588 358 1616 alium
373 1587 399 1615 in
422 1587 588 1615 substantia:
611 1595 678 1624 ergo
692 1587 849 1615 accessione
867 1585 1017 1623 generatio-

170 1634 215 1663 nis
237 1637 374 1668 mutatur,
394 1634 446 1662 ut⁶
469 1634 528 1662 iste.

251 1681 433 1717 Quocumque
453 1683 545 1708 tamen
567 1680 650 1708 modo
671 1679 789 1713 dicatur,
817 1687 873 1707 non
893 1681 935 1707 est
962 1686 1018 1706 ma-

168 1735 258 1764 gnum
279 1726 453 1764 periculum,
475 1726 541 1763 quia
561 1734 615 1755 non
637 1725 730 1754 omnia
751 1728 925 1762 argumenta,
946 1732 1018 1761 quae

169 1773 244 1801 fiunt
264 1773 299 1801 ad
321 1773 482 1805 veritatem,
504 1775 569 1801 sunt
590 1772 747 1801 necessaria
756 1773 774 1799 ⁷.

526 1873 594 1901 Due.
616 1873 657 1901 IV.

253 1969 320 1997 Item
335 1967 480 2004 quaeritur
501 1967 535 1995 de
550 1967 603 1995 hoc
617 1966 692 2003 quod
714 1966 790 1995 dicit:
818 1966 876 1993 Vox
887 1965 950 1993 silet
963 1973 1020 1992 tion

176 2023 241 2043 mea
264 2018 394 2047 tantum,
415 2014 466 2042 sed
480 2017 505 2041 et
525 2012 713 2050 Aityelorum.
729 2012 846 2041 Videtur
860 2011 934 2040 enim
949 2011 1021 2039 male

175 2061 269 2090 dicere
290 2060 480 2098 Angelorum,
495 2060 561 2097 quia
582 2068 638 2088 vox
659 2067 714 2087 non
729 2062 771 2087 est
790 2059 842 2087 nisi
858 2058 1022 2086 habentium

177 2116 281 2144 organa
295 2110 322 2136 et
337 2108 549 2144 respirationem
554 2118 562 2141 ;
577 2107 626 2135 sed
641 2106 735 2143 Angeli
757 2106 826 2134 haec
841 2113 896 2133 non
911 2105 1023 2133 habent.

178 2154 211 2183 Si
231 2154 328 2188 dicas,
350 2154 425 2191 quod
441 2154 544 2182 habent
565 2160 646 2182 voces
665 2152 837 2189 spirituales,
858 2160 913 2180 non
933 2151 1023 2188 prola-

177 2203 232 2235 tas,
254 2201 326 2229 sicut
340 2201 406 2229 dicit
427 2199 644 2233 Damascenus⁸,
664 2199 737 2236 quod
754 2198 866 2227 tradant
880 2198 932 2226 sibi
948 2197 1024 2226 intel-

1015 140 1021 145 .
1044 118 1159 147 UNlCUS
1179 118 1285 147 DUBIA.

1849 117 1902 145 189

1063 195 1188 232 ligentias
1209 203 1274 224 suas
1295 195 1354 224 sine
1381 203 1447 224 voce
1469 194 1605 232 prolatas;
1627 203 1746 232 quaero,
1768 202 1839 231 quae
1867 194 1902 222 sit
1918 200 2043 243 Qffigffgin-

1062 242 1210 270 necessitas
1231 242 1306 270 vocis
1321 241 1485 278 spiritualis,
1503 245 1529 270 et
1551 241 1613 278 quis
1634 242 1734 270 modus
1755 240 1902 278 loquendi⁷

1063 291 1090 316 et
1110 288 1173 325 quis
1194 288 1294 316 modus
1315 288 1465 317 audiendi?

1141 336 1317 364 Responnso:
1340 335 1464 363 Breviter
1485 335 1529 364 hic
1551 335 1699 363 dicendum
1721 338 1763 363 est
1783 352 1821 356 —
1841 334 1906 372 quia

1065 382 1116 410 hoc
1130 385 1212 410 extra
1231 381 1385 418 principale
1399 382 1572 418 propositum
1587 384 1629 410 est
1646 384 1782 418 quantum
1797 381 1832 409 ad
1846 389 1907 418 par-

1065 432 1120 456 tem
1141 428 1222 456 istam
1247 444 1285 448 —
1299 428 1374 464 quod
1395 428 1545 456 necessitas
1571 431 1613 456 est
1634 428 1814 462 locutionis⁹;
1839 428 1904 464 quia
1924 432 2044 465 Legation-

1064 475 1136 503 sicut
1156 474 1307 510 unicuique
1335 476 1451 502 naturae
1472 474 1598 502 rationali
1627 474 1691 502 data
1715 478 1757 503 est
1776 474 1906 502 voluntas
1917 457 2047 498 {2223sz

1065 521 1166 554 libera,
1189 521 1227 549 sic
1249 520 1415 549 conscientia
1436 524 1550 549 secreta.
1567 521 1642 549 Unde
1664 520 1734 549 sicut
1748 529 1802 549 non
1817 523 1908 557 potest

1065 567 1166 603 aliquis
1186 567 1357 595 voluntatem
1379 566 1495 595 alterius
1509 567 1536 595 in
1557 567 1634 595 aliud
1655 569 1777 601 vertere,
1799 567 1847 595 sed
1869 574 1909 595 so-

1065 613 1124 642 lum
1146 614 1295 647 inducere,
1315 613 1367 641 nisi
1397 613 1456 650 ipsa
1477 621 1506 642 se
1534 613 1657 645 inclinet,
1685 616 1796 650 praeter
1817 613 1907 641 solum

1066 660 1168 694 Deum,
1182 660 1210 687 in
1224 659 1305 688 cuius
1323 667 1408 687 manu
1423 662 1488 688 sunt
1501 660 1586 688 corda
1600 659 1760 688 hominum:
1776 660 1813 688 ita
1827 667 1909 688 nemo

1066 709 1155 743 potest
1168 706 1187 719 ¹²
1208 706 1401 742 conceptiones
1420 705 1535 734 alterius
1557 714 1730 742 cognoscere,
1749 706 1797 735 sed
1818 706 1909 735 solum

1067 752 1215 786 conjicere,
1230 755 1341 788 praeter
1362 751 1465 786 Deum,
1480 752 1532 780 nisi
1550 752 1610 789 ipsa
1624 752 1804 789 intelligentia
1818 752 1910 789 expri-

1067 802 1139 833 mat;
1161 801 1187 827 et
1202 798 1262 835 ipsa
1282 799 1427 835 expressio
1440 798 1543 827 locutio
1561 802 1749 836 nuncupatur.
1765 800 1849 828 Ratio
1864 807 1910 828 au-

1068 849 1122 873 tem
1152 845 1238 873 huius
1259 848 1315 879 est,
1337 845 1403 881 quia
1420 845 1496 873 solus
1517 845 1592 874 Deus
1613 845 1714 873 format
1735 848 1856 874 mentem
1884 847 1911 874 et
1929 851 1933 854 ”

1068 894 1203 927 quantum
1225 891 1259 919 ad
1281 890 1453 919 intellectum
1472 893 1499 919 et
1519 893 1655 927 quantum
1670 891 1705 919 ad
1726 891 1869 925 aliectumg
1884 893 1911 919 et

1067 938 1169 966 modus
1194 937 1325 974 loquendi
1354 937 1452 966 similis
1473 939 1514 966 est
1542 937 1625 965 modo
1645 937 1815 966 addiscendi.
1837 937 1913 966 Sicut

1068 984 1142 1012 enim
1163 991 1214 1012 nos
1235 991 1285 1020 per
1306 991 1419 1012 sensum
1440 983 1627 1017 addiscimus,
1652 983 1690 1011 ita
1710 983 1785 1020 quod
1807 983 1912 1020 species

1068 1038 1118 1067 per
1140 1030 1300 1058 interiorem
1322 1037 1435 1058 sensum
1457 1029 1584 1066 pervenit
1604 1029 1639 1058 ad
1666 1029 1852 1064 intellectum,
1874 1029 1913 1058 sic

1068 1076 1268 1113 exprimimus;
1283 1075 1348 1112 quia
1362 1075 1481 1104 verbum
1492 1075 1664 1112 cogitationis
1678 1076 1802 1104 internae
1816 1076 1914 1104 unitur

1068 1123 1128 1152 voci
1140 1123 1157 1137 ¹¹
1179 1123 1207 1150 in
1228 1122 1430 1159 excogitatione
1450 1126 1478 1151 et
1505 1123 1683 1159 postmodum
1704 1123 1765 1151 voci
1790 1122 1913 1151 sensibili

1069 1170 1096 1198 in
1118 1169 1356 1206 pronuntiatione,
1379 1172 1406 1197 et
1427 1176 1463 1197 ex
1484 1169 1536 1197 hoc
1558 1169 1588 1197 fit
1613 1169 1757 1206 expressio
1785 1170 1812 1197 in
1840 1172 1912 1198 actu.

1069 1216 1188 1252 Angelus
1203 1218 1296 1243 autem
1311 1215 1394 1243 unica
1413 1215 1516 1243 virtute
1530 1215 1596 1243 facit
1613 1215 1691 1252 quod
1703 1223 1753 1243 uos
1773 1215 1910 1252 pluribus.
1924 1217 2053 1259 Mgffislocu-

1069 1262 1146 1291 Unde
1166 1261 1294 1298 Angelus,
1309 1261 1380 1290 sicut
1400 1269 1451 1298 per
1464 1261 1676 1298 applicationem
1690 1261 1790 1298 speciei
1805 1261 1914 1290 innatae

1069 1309 1104 1337 ad
1120 1309 1213 1345 ipsum
1228 1307 1412 1344 cognoscibile
1434 1308 1526 1344 ipsum
1541 1308 1692 1344 cognoscit,
1708 1308 1746 1336 sic
1760 1308 1915 1336 ordinando

1070 1355 1191 1392 speciem
1220 1354 1343 1382 innatam
1364 1354 1399 1382 ad
1421 1354 1508 1382 alium
1534 1354 1668 1390 Angelum
1693 1357 1915 1390 cognoscentem,

1071 1404 1221 1437 conceptus
1242 1408 1308 1429 suos
1323 1400 1425 1437 aperit;
1447 1400 1575 1428 similiter
1596 1400 1669 1428 alius
1686 1404 1786 1428 mutua
1806 1408 1918 1429 conver-

1072 1448 1148 1476 sione
1172 1447 1283 1484 recipit;
1304 1450 1331 1475 et
1345 1446 1384 1475 sic
1409 1454 1484 1475 unus
1512 1446 1650 1483 loquitur,
1669 1446 1739 1475 alter
1766 1446 1853 1475 audit.
1882 1446 1919 1474 Si·

1071 1494 1137 1523 mile
1158 1496 1200 1522 est
1222 1494 1256 1522 de
1271 1493 1382 1522 duobus
1402 1493 1524 1530 speculis
1546 1493 1597 1521 sibi
1612 1493 1757 1530 oppositis,
1780 1494 1802 1522 si
1823 1493 1919 1522 volun-

1072 1540 1142 1568 tarie
1162 1543 1276 1577 possent
1289 1539 1460 1568 abscondere
1481 1539 1543 1568 aliis
1560 1542 1588 1568 et
1601 1539 1702 1568 offerre
1715 1539 1736 1552 ¹²
1758 1547 1829 1576 quae
1847 1539 1874 1567 in
1889 1546 1919 1568 se

1072 1586 1207 1615 relucent.

1436 1686 1503 1714 Dun.
1526 1686 1556 1714 V.

1152 1779 1220 1807 Item
1235 1779 1381 1815 quaeritur
1396 1778 1431 1806 de
1445 1778 1497 1806 hoc
1511 1778 1587 1814 quod
1602 1777 1679 1806 dicit:
1696 1777 1838 1805 Dicamus
1852 1784 1920 1813 erqo

1075 1826 1192 1859 verius,
1213 1834 1326 1862 semper
1360 1828 1466 1858 uatum
1493 1827 1519 1853 et
1540 1824 1611 1852 ratio
1638 1832 1689 1852 sua
1710 1826 1766 1858 est,
1793 1826 1825 1851 ut
1845 1823 1920 1851 Deus

1076 1875 1207 1901 aeternus
1221 1875 1249 1900 et
1262 1871 1403 1909 perfectus
1417 1871 1508 1899 valeat
1523 1870 1670 1907 designari.
1683 1870 1738 1899 Sed
1752 1873 1855 1898 contra
1869 1870 1922 1898 hoc

1076 1922 1132 1953 est,
1161 1918 1236 1955 quod
1266 1918 1338 1946 inter
1365 1917 1458 1946 omnia
1479 1920 1605 1954 tempora
1632 1924 1764 1953 praesens
1788 1916 1922 1945 maiorem

1077 1965 1296 1994 convenientiam
1315 1965 1400 1993 habet
1414 1972 1478 1992 cum
1497 1964 1673 1998 aeternitate,
1687 1963 1753 2000 quia
1773 1963 1868 1991 verius
1885 1962 1924 1991 di-

1078 2011 1151 2039 citur
1172 2014 1213 2038 cst
1233 2010 1268 2039 de
1289 2010 1354 2044 Deo,
1376 2017 1460 2047 quam
1491 2008 1552 2046 fuit
1575 2012 1601 2038 et
1622 2009 1694 2042 erit,
1716 2009 1787 2037 sicut
1809 2008 1923 2044 exponit

1079 2057 1262 2094 Augustinus,
1284 2057 1357 2085 sicut
1377 2056 1504 2085 habiturn
1523 2058 1565 2084 est
1586 2056 1614 2084 in
1633 2055 1809 2092 praecedenti
1831 2054 1924 2083 distin-

1079 2104 1168 2132 ctione
1181 2103 1211 2131 ¹³.
1232 2103 1262 2131 Et
1284 2103 1354 2131 ratio
1375 2103 1460 2132 huius
1481 2106 1535 2135 est,
1557 2102 1622 2139 quia
1642 2109 1775 2139 praesens
1789 2101 1855 2130 dicit
1870 2103 1924 2129 'ens

1081 2151 1108 2179 in
1129 2153 1208 2184 actu,
1230 2150 1284 2178 alia
1305 2152 1431 2187 tempora
1452 2157 1515 2177 non.

242 2324 373 2352 ²Aristot.‚
393 2324 422 2346 de
439 2324 579 2346 Praedicam.
605 2330 623 2346 c.
650 2324 679 2346 de
703 2323 819 2345 Relativis.
841 2335 873 2339 —
897 2323 946 2345 Mox
972 2325 1025 2351 post

177 2363 252 2387 simul
275 2363 320 2385 fide
345 2364 500 2391 antiquiorum
517 2369 571 2385 mss.
596 2365 618 2385 et
634 2362 669 2385 ed.
689 2363 697 2384 i
727 2361 888 2385 substituimus
911 2361 952 2384 sed
975 2361 1025 2383 loco

179 2402 201 2426 si
215 2405 237 2425 et
253 2401 364 2425 Probatio
382 2408 424 2430 pro
441 2400 567 2424 Probatur.

242 2440 252 2455 ²
268 2441 305 2462 Est
322 2441 379 2462 ratio
395 2439 525 2467 Ambrosii,
543 2446 602 2468 quae
625 2439 723 2462 liabetur
747 2440 769 2461 in
794 2439 824 2461 lit.
849 2439 949 2466 Magistri
966 2444 986 2461 c.
1004 2439 1024 2460 2.

179 2480 202 2501 in
219 2479 271 2501 fine.

242 2517 252 2532 3
269 2517 323 2539 Fide
341 2518 442 2545 plurium
459 2523 513 2539 mss.
530 2520 556 2540 ut
571 2517 628 2539 HIK
638 2517 658 2539 M
675 2519 717 2539 etc.
735 2519 758 2539 et
773 2516 809 2539 ed.
828 2516 836 2537 i
866 2515 1026 2538 substituimus

180 2556 307 2579 adveniens
324 2557 373 2578 loco
389 2556 490 2578 veniens.

243 2594 253 2609 ⁴
270 2594 325 2617 Cod.
343 2595 362 2616 D
378 2594 571 2623 responsionum.
589 2594 638 2616 Mox
656 2593 706 2616 cod.
724 2594 744 2615 Y
760 2592 905 2616 haereticum
921 2599 964 2621 pro
976 2591 1028 2614 hae-

181 2632 273 2656 reticos.
291 2633 360 2655 Paulo
378 2633 435 2655 inira
453 2634 475 2654 in
492 2633 542 2655 Vat.
560 2635 637 2655 contra
655 2633 795 2661 antiquiores
819 2632 887 2654 codd.
912 2634 935 2654 et
959 2631 995 2653 ed.
1014 2631 1022 2652 'l

183 2674 235 2699 post
251 2672 389 2694 coaeternus
406 2671 498 2693 additur
514 2670 583 2693 Patri
598 2673 620 2693 et
636 2677 679 2699 pro
695 2677 737 2694 nec
754 2671 852 2694 babetur
862 2676 918 2698 non,
932 2676 959 2692 ac
976 2671 1028 2697 post

182 2710 244 2733 idem
260 2711 371 2733 omittitur
386 2710 418 2732 in.

245 2750 255 2764 ⁵
271 2750 409 2772 Auctoritate
426 2755 480 2771 mss.
498 2752 520 2771 et
536 2748 572 2771 ed.
592 2750 600 2770 ll
622 2749 751 2771 delevimus
775 2750 812 2771 hic
828 2748 945 2776 superflue
961 2754 1028 2775 repe-

184 2789 250 2811 titum
267 2788 380 2811 carnalis.

246 2827 256 2841 ⁶
274 2827 336 2854 Vat.‚
354 2826 509 2849 obnitentibus
525 2832 579 2848 mss.
597 2828 619 2848 et
635 2825 687 2848 edd.
707 2826 714 2847 =l
730 2844 735 2854 ‚
753 2827 778 2853 2,
797 2826 825 2854 3y
842 2827 865 2848 et
880 2826 930 2847 loco
947 2826 979 2847 ut.

246 2865 256 2880 ⁷
273 2866 320 2888 Hoc
338 2865 435 2887 dubium
453 2865 525 2887 fusius
541 2865 667 2893 explicatur
684 2865 721 2887 hic
738 2871 760 2893 q.
778 2865 798 2886 3.

1143 2321 1153 2336 ⁸
1169 2321 1231 2344 Lihr.
1248 2322 1271 2343 ll.
1289 2321 1317 2343 de
1334 2321 1388 2343 Fide
1405 2319 1495 2342 orthod.
1513 2326 1531 2342 c.
1551 2320 1578 2341 3:
1596 2318 1641 2341 Sed
1658 2319 1707 2340 sinc
1723 2318 1768 2340 ulla
1786 2317 1867 2345 prolati
1878 2323 1926 2339 ser-

1081 2362 1156 2383 monis
1173 2367 1217 2389 ope
1235 2362 1316 2382 mutuo
1333 2359 1376 2382 sibi
1393 2365 1459 2381 sensa
1476 2365 1517 2380 sua
1535 2358 1705 2380 communicant
1721 2358 1743 2378 et
1759 2356 1859 2378 consilia.

1144 2398 1153 2409 ⁹
1171 2399 1294 2427 Sequimur
1311 2397 1377 2419 codd.
1396 2397 1451 2424 YZ,
1469 2396 1526 2418 dum
1543 2396 1607 2417 multi
1625 2401 1678 2417 curn
1696 2394 1731 2416 cd.
1746 2394 1753 2415 l
1770 2395 1873 2421 ponunt,
1885 2392 1926 2415 sed

1082 2444 1127 2460 non
1144 2438 1173 2459 ita
1190 2437 1249 2459 bene
1266 2435 1322 2465 quict
1338 2434 1463 2458 necessitas
1480 2433 1619 2461 locutionis,
1631 2434 1681 2455 Vat.
1702 2436 1778 2455 autem
1794 2438 1847 2454 cum
1863 2438 1926 2459 prae-

1082 2476 1216 2499 cedentibus
1233 2474 1395 2502 coniungendo
1412 2474 1477 2502 legit:
1500 2479 1560 2503 quae
1577 2472 1608 2495 stt
1630 2472 1656 2494 in
1680 2471 1776 2501 Anqelis
1800 2470 1926 2494 necessitas

1083 2514 1214 2538 locutionis.

1146 2553 1164 2567 10
1181 2553 1236 2576 Cod.
1254 2553 1274 2574 V
1292 2552 1356 2574 addit
1373 2551 1524 2581 coqitationes
1541 2556 1589 2573 seu.

1146 2592 1163 2606 ¹1
1181 2592 1204 2613 In
1222 2591 1272 2614 cod.
1291 2591 1309 2612 T
1327 2597 1339 2612 a
1356 2590 1457 2612 secunda
1474 2596 1544 2612 manu
1561 2588 1665 2611 additum
1682 2591 1716 2610 est
1739 2586 1887 2617 itztelliqibili.

1146 2630 1164 2645 12
1182 2630 1235 2652 Fide
1253 2630 1354 2657 plurium
1371 2635 1426 2651 mss.
1443 2631 1468 2651 ut
1484 2628 1572 2656 FHPQ
1589 2634 1615 2649 cc
1631 2627 1662 2649 dd
1674 2633 1700 2649 ee
1712 2626 1871 2649 substituimus
1886 2626 1928 2648 bo-

1082 2675 1135 2691 nam
1152 2669 1272 2690 lectionem
1289 2667 1375 2696 offerre
1392 2673 1434 2694 pro
1451 2665 1562 2695 auferre,
1580 2666 1630 2687 loco
1652 2665 1718 2687 cuius
1742 2664 1793 2686 cod.
1820 2664 1839 2685 Y
1861 2664 1926 2691 ponit

1083 2707 1205 2731 ostendere
1221 2710 1242 2729 et
1259 2706 1294 2728 ed.
1314 2707 1322 2728 sl
1344 2706 1438 2735 afferre.
1463 2718 1494 2722 —-
1510 2705 1576 2727 Plura
1601 2704 1630 2726 de
1653 2704 1766 2726 locutione
1786 2703 1927 2731 Angelorum

1083 2746 1137 2768 vide
1154 2746 1177 2767 ll.
1195 2746 1256 2767 Seni.
1274 2744 1296 2766 d.
1319 2745 1354 2766 rto.
1372 2751 1392 2766 a.
1411 2744 1431 2766 3.
1449 2751 1470 2772 q.
1490 2744 1510 2765 1,

1147 2785 1166 2799 ¹3
1184 2785 1248 2806 Parte
1265 2784 1279 2805 1.
1298 2784 1328 2806 lit.
1346 2784 1446 2811 Magistri
1463 2789 1482 2805 c.
1501 2783 1521 2804 1l.
1544 2786 1566 2805 et
1582 2781 1638 2804 dub.
1656 2781 1677 2803 7.
1702 2793 1733 2797 —
1750 2781 1799 2803 Mox
1823 2787 1850 2802 ex
1875 2781 1929 2802 anti-

1084 2823 1205 2852 quioribus
1222 2829 1276 2845 mss.
1293 2826 1315 2845 et
1331 2822 1366 2844 ed.
1387 2822 1394 2843 l
1416 2821 1542 2843 adiecimus
1558 2820 1692 2848 particulam
1710 2819 1754 2848 Et,
1774 2825 1844 2848 quam
1860 2819 1927 2841 etiam

1085 2863 1153 2890 paulo
1170 2862 1277 2889 superius
1294 2863 1347 2889 post
1361 2860 1408 2890 fuit
1423 2860 1583 2882 substituimus
1599 2860 1649 2881 loco
1665 2860 1714 2881 aut.
