<?xml version="1.0" encoding="UTF-8"?>
<!DOCTYPE html PUBLIC "-//W3C//DTD XHTML 1.0 Transitional//EN"
    "http://www.w3.org/TR/xhtml1/DTD/xhtml1-transitional.dtd">
<html xmlns="http://www.w3.org/1999/xhtml" xml:lang="en" lang="en">
 <head>
  <title>
</title>
<meta http-equiv="Content-Type" content="text/html;charset=utf-8" />
  <meta name='ocr-system' content='tesseract 3.04.00' />
  <meta name='ocr-capabilities' content='ocr_page ocr_carea ocr_par ocr_line ocrx_word'/>
</head>
<body>
  <div class='ocr_page' id='page_1' title='image "./doctorisseraphic11bona_0057.png"; bbox 0 0 2253 3317; ppageno 0'>
   <div class='ocr_carea' id='block_1_1' title="bbox 897 157 1913 190">
    <p class='ocr_par' dir='ltr' id='par_1_1' title="bbox 897 157 1913 190">
     <span class='ocr_line' id='line_1_1' title="bbox 897 157 1913 190; baseline 0.005 -5"><span class='ocrx_word' id='word_1_1' title='bbox 897 157 999 186; x_wconf 68' lang='lat' dir='ltr'>BULLA</span> <span class='ocrx_word' id='word_1_2' title='bbox 1021 157 1105 186; x_wconf 77' lang='lat' dir='ltr'>SIXTI</span> <span class='ocrx_word' id='word_1_3' title='bbox 1127 158 1168 187; x_wconf 87' lang='lat' dir='ltr'>IV.</span> <span class='ocrx_word' id='word_1_4' title='bbox 1838 162 1913 190; x_wconf 81' lang='lat' dir='ltr'>XLIII</span> 
     </span>
    </p>
   </div>
   <div class='ocr_carea' id='block_1_2' title="bbox 146 234 1914 2975">
    <p class='ocr_par' dir='ltr' id='par_1_2' title="bbox 169 234 1913 516">
     <span class='ocr_line' id='line_1_2' title="bbox 172 234 1913 283; baseline 0.002 -14"><span class='ocrx_word' id='word_1_5' title='bbox 172 234 408 270; x_wconf 69' lang='lat' dir='ltr'>cardinalem</span> <span class='ocrx_word' id='word_1_6' title='bbox 425 239 650 281; x_wconf 88' lang='lat' dir='ltr'>assumtum,</span> <span class='ocrx_word' id='word_1_7' title='bbox 683 234 864 270; x_wconf 87' lang='lat' dir='ltr'>Sanctum</span> <span class='ocrx_word' id='word_1_8' title='bbox 879 246 961 269; x_wconf 83' lang='lat' dir='ltr'>esse</span> <span class='ocrx_word' id='word_1_9' title='bbox 990 247 1034 269; x_wconf 90' lang='lat' dir='ltr'>ac</span> <span class='ocrx_word' id='word_1_10' title='bbox 1051 235 1211 269; x_wconf 92' lang='lat' dir='ltr'>aliorum</span> <span class='ocrx_word' id='word_1_11' title='bbox 1235 237 1456 271; x_wconf 84' lang='lat' dir='ltr'>Sanctorum</span> <span class='ocrx_word' id='word_1_12' title='bbox 1479 236 1550 272; x_wconf 89' lang='lat' dir='ltr'>Dei</span> <span class='ocrx_word' id='word_1_13' title='bbox 1573 237 1746 283; x_wconf 82' lang='lat' dir='ltr'>catalogo</span> <span class='ocrx_word' id='word_1_14' title='bbox 1775 239 1913 273; x_wconf 88' lang='lat' dir='ltr'>adscri-</span> 
     </span>
     <span class='ocr_line' id='line_1_3' title="bbox 172 292 1912 343; baseline 0.001 -14"><span class='ocrx_word' id='word_1_15' title='bbox 172 294 353 339; x_wconf 88' lang='lat' dir='ltr'>bendum,</span> <span class='ocrx_word' id='word_1_16' title='bbox 379 293 636 328; x_wconf 84' lang='lat' dir='ltr'>adiiciendum</span> <span class='ocrx_word' id='word_1_17' title='bbox 661 298 699 328; x_wconf 87' lang='lat' dir='ltr'>et</span> <span class='ocrx_word' id='word_1_18' title='bbox 723 293 1011 339; x_wconf 82' lang='lat' dir='ltr'>aggregandum</span> <span class='ocrx_word' id='word_1_19' title='bbox 1041 292 1120 328; x_wconf 87' lang='lat' dir='ltr'>fore</span> <span class='ocrx_word' id='word_1_20' title='bbox 1151 306 1194 328; x_wconf 88' lang='lat' dir='ltr'>ac</span> <span class='ocrx_word' id='word_1_21' title='bbox 1212 294 1374 329; x_wconf 89' lang='lat' dir='ltr'>fideliter</span> <span class='ocrx_word' id='word_1_22' title='bbox 1390 295 1622 343; x_wconf 90' lang='lat' dir='ltr'>firmiterque</span> <span class='ocrx_word' id='word_1_23' title='bbox 1640 297 1758 331; x_wconf 85' lang='lat' dir='ltr'>teneri</span> <span class='ocrx_word' id='word_1_24' title='bbox 1777 297 1912 332; x_wconf 87' lang='lat' dir='ltr'>debere</span> 
     </span>
     <span class='ocr_line' id='line_1_4' title="bbox 171 351 1913 402; baseline 0.002 -15"><span class='ocrx_word' id='word_1_25' title='bbox 171 353 422 399; x_wconf 75' lang='lat' dir='ltr'>decernimus,</span> <span class='ocrx_word' id='word_1_26' title='bbox 461 352 663 399; x_wconf 86' lang='lat' dir='ltr'>ipsumque</span> <span class='ocrx_word' id='word_1_27' title='bbox 701 356 915 386; x_wconf 84' lang='lat' dir='ltr'>sanctorum</span> <span class='ocrx_word' id='word_1_28' title='bbox 942 351 1208 387; x_wconf 83' lang='lat' dir='ltr'>Confessorum</span> <span class='ocrx_word' id='word_1_29' title='bbox 1245 352 1476 388; x_wconf 91' lang='lat' dir='ltr'>Pontificum</span> <span class='ocrx_word' id='word_1_30' title='bbox 1501 359 1539 389; x_wconf 90' lang='lat' dir='ltr'>et</span> <span class='ocrx_word' id='word_1_31' title='bbox 1563 354 1786 402; x_wconf 77' lang='lat' dir='ltr'>Doctorum,</span> <span class='ocrx_word' id='word_1_32' title='bbox 1819 368 1913 402; x_wconf 91' lang='lat' dir='ltr'>quos</span> 
     </span>
     <span class='ocr_line' id='line_1_5' title="bbox 171 410 1912 459; baseline 0.002 -13"><span class='ocrx_word' id='word_1_33' title='bbox 171 416 300 446; x_wconf 84' lang='lat' dir='ltr'>sancta</span> <span class='ocrx_word' id='word_1_34' title='bbox 325 410 396 445; x_wconf 91' lang='lat' dir='ltr'>Dei</span> <span class='ocrx_word' id='word_1_35' title='bbox 423 414 622 445; x_wconf 88' lang='lat' dir='ltr'>veneratur</span> <span class='ocrx_word' id='word_1_36' title='bbox 638 410 824 456; x_wconf 74' lang='lat' dir='ltr'>Ecclesia,</span> <span class='ocrx_word' id='word_1_37' title='bbox 844 410 1032 445; x_wconf 91' lang='lat' dir='ltr'>consortio</span> <span class='ocrx_word' id='word_1_38' title='bbox 1050 410 1268 446; x_wconf 86' lang='lat' dir='ltr'>solemniter</span> <span class='ocrx_word' id='word_1_39' title='bbox 1284 412 1325 446; x_wconf 90' lang='lat' dir='ltr'>in</span> <span class='ocrx_word' id='word_1_40' title='bbox 1341 414 1636 459; x_wconf 73' lang='lat' dir='ltr'>praesentiarum</span> <span class='ocrx_word' id='word_1_41' title='bbox 1662 414 1912 450; x_wconf 77' lang='lat' dir='ltr'>adscribimus</span> 
     </span>
     <span class='ocr_line' id='line_1_6' title="bbox 169 473 837 516; baseline -0.001 -12"><span class='ocrx_word' id='word_1_42' title='bbox 169 482 497 516; x_wconf 83' lang='lat' dir='ltr'>aggregamusque</span> <span class='ocrx_word' id='word_1_43' title='bbox 522 481 589 516; x_wconf 89' lang='lat' dir='ltr'>per</span> <span class='ocrx_word' id='word_1_44' title='bbox 613 473 837 515; x_wconf 76' lang='lat' dir='ltr'>praesentes.</span> 
     </span>
    </p>

    <p class='ocr_par' dir='ltr' id='par_1_3' title="bbox 168 527 1914 985">
     <span class='ocr_line' id='line_1_7' title="bbox 264 527 1912 575; baseline 0.002 -12"><span class='ocrx_word' id='word_1_45' title='bbox 264 528 284 575; x_wconf 67' lang='grc' dir='ltr'>ξ</span> <span class='ocrx_word' id='word_1_46' title='bbox 308 528 364 563; x_wconf 93' lang='lat'>20.</span> <span class='ocrx_word' id='word_1_47' title='bbox 392 527 606 563; x_wconf 83' lang='lat' dir='ltr'>Statuentes</span> <span class='ocrx_word' id='word_1_48' title='bbox 632 527 745 562; x_wconf 91' lang='lat' dir='ltr'>etiam</span> <span class='ocrx_word' id='word_1_49' title='bbox 771 532 809 562; x_wconf 91' lang='lat' dir='ltr'>et</span> <span class='ocrx_word' id='word_1_50' title='bbox 833 527 1055 562; x_wconf 74' lang='lat' dir='ltr'>mandantes</span> <span class='ocrx_word' id='word_1_51' title='bbox 1080 529 1362 564; x_wconf 89' lang='lat' dir='ltr'>venerabilibus</span> <span class='ocrx_word' id='word_1_52' title='bbox 1388 529 1567 565; x_wconf 87' lang='lat' dir='ltr'>fratribus</span> <span class='ocrx_word' id='word_1_53' title='bbox 1592 531 1730 566; x_wconf 86' lang='lat' dir='ltr'>nostris</span> <span class='ocrx_word' id='word_1_54' title='bbox 1752 531 1912 566; x_wconf 86' lang='lat' dir='ltr'>Patriar-</span> 
     </span>
     <span class='ocr_line' id='line_1_8' title="bbox 170 586 1914 637; baseline 0.002 -15"><span class='ocrx_word' id='word_1_55' title='bbox 170 588 265 633; x_wconf 83' lang='lat' dir='ltr'>chis,</span> <span class='ocrx_word' id='word_1_56' title='bbox 294 586 612 633; x_wconf 85' lang='lat' dir='ltr'>Archiepiscopis,</span> <span class='ocrx_word' id='word_1_57' title='bbox 638 586 833 633; x_wconf 82' lang='lat' dir='ltr'>Episcopis</span> <span class='ocrx_word' id='word_1_58' title='bbox 858 598 901 620; x_wconf 84' lang='lat' dir='ltr'>ac</span> <span class='ocrx_word' id='word_1_59' title='bbox 928 586 1078 621; x_wconf 86' lang='lat' dir='ltr'>dilectis</span> <span class='ocrx_word' id='word_1_60' title='bbox 1096 587 1185 622; x_wconf 88' lang='lat' dir='ltr'>filiis</span> <span class='ocrx_word' id='word_1_61' title='bbox 1204 588 1391 623; x_wconf 89' lang='lat' dir='ltr'>dictorum</span> <span class='ocrx_word' id='word_1_62' title='bbox 1415 601 1459 623; x_wconf 90' lang='lat' dir='ltr'>ac</span> <span class='ocrx_word' id='word_1_63' title='bbox 1484 589 1804 637; x_wconf 88' lang='lat' dir='ltr'>patriarchalium,</span> <span class='ocrx_word' id='word_1_64' title='bbox 1836 604 1914 625; x_wconf 88' lang='lat' dir='ltr'>me-</span> 
     </span>
     <span class='ocr_line' id='line_1_9' title="bbox 170 644 1909 695; baseline 0.002 -15"><span class='ocrx_word' id='word_1_65' title='bbox 170 646 481 692; x_wconf 85' lang='lat' dir='ltr'>tropolitanarum</span> <span class='ocrx_word' id='word_1_66' title='bbox 513 649 550 679; x_wconf 91' lang='lat' dir='ltr'>et</span> <span class='ocrx_word' id='word_1_67' title='bbox 581 644 853 679; x_wconf 69' lang='lat' dir='ltr'>cathedralium</span> <span class='ocrx_word' id='word_1_68' title='bbox 891 645 1135 680; x_wconf 87' lang='lat' dir='ltr'>ecclesiarum</span> <span class='ocrx_word' id='word_1_69' title='bbox 1174 645 1370 694; x_wconf 85' lang='lat' dir='ltr'>Capitulis,</span> <span class='ocrx_word' id='word_1_70' title='bbox 1398 652 1435 682; x_wconf 90' lang='lat' dir='ltr'>et</span> <span class='ocrx_word' id='word_1_71' title='bbox 1461 649 1681 694; x_wconf 90' lang='lat' dir='ltr'>quorumvis</span> <span class='ocrx_word' id='word_1_72' title='bbox 1708 647 1909 695; x_wconf 88' lang='lat' dir='ltr'>Ordinum,</span> 
     </span>
     <span class='ocr_line' id='line_1_10' title="bbox 169 701 1911 754; baseline 0.002 -15"><span class='ocrx_word' id='word_1_73' title='bbox 169 709 247 739; x_wconf 84' lang='lat' dir='ltr'>tam</span> <span class='ocrx_word' id='word_1_74' title='bbox 271 703 570 739; x_wconf 86' lang='lat' dir='ltr'>Mendicantium</span> <span class='ocrx_word' id='word_1_75' title='bbox 596 715 709 749; x_wconf 87' lang='lat' dir='ltr'>quam</span> <span class='ocrx_word' id='word_1_76' title='bbox 734 716 811 738; x_wconf 90' lang='lat' dir='ltr'>non</span> <span class='ocrx_word' id='word_1_77' title='bbox 836 701 1151 751; x_wconf 87' lang='lat' dir='ltr'>Mendicantium,</span> <span class='ocrx_word' id='word_1_78' title='bbox 1180 705 1471 753; x_wconf 76' lang='lat' dir='ltr'>professoribus,</span> <span class='ocrx_word' id='word_1_79' title='bbox 1498 719 1647 741; x_wconf 85' lang='lat' dir='ltr'>necnon</span> <span class='ocrx_word' id='word_1_80' title='bbox 1666 707 1911 754; x_wconf 90' lang='lat' dir='ltr'>quibuscum-</span> 
     </span>
     <span class='ocr_line' id='line_1_11' title="bbox 169 761 1912 810; baseline 0.002 -12"><span class='ocrx_word' id='word_1_81' title='bbox 169 776 242 810; x_wconf 85' lang='lat' dir='ltr'>que</span> <span class='ocrx_word' id='word_1_82' title='bbox 268 762 534 798; x_wconf 88' lang='lat' dir='ltr'>ccclesiasticis</span> <span class='ocrx_word' id='word_1_83' title='bbox 558 762 744 808; x_wconf 89' lang='lat' dir='ltr'>personis,</span> <span class='ocrx_word' id='word_1_84' title='bbox 771 766 815 796; x_wconf 90' lang='lat' dir='ltr'>ut</span> <span class='ocrx_word' id='word_1_85' title='bbox 839 761 979 797; x_wconf 88' lang='lat' dir='ltr'>festum</span> <span class='ocrx_word' id='word_1_86' title='bbox 1004 763 1125 809; x_wconf 90' lang='lat' dir='ltr'>ipsius</span> <span class='ocrx_word' id='word_1_87' title='bbox 1143 764 1264 809; x_wconf 83' lang='lat' dir='ltr'>sancti</span> <span class='ocrx_word' id='word_1_88' title='bbox 1282 764 1567 800; x_wconf 89' lang='lat' dir='ltr'>Bonaventurae</span> <span class='ocrx_word' id='word_1_89' title='bbox 1600 766 1765 800; x_wconf 89' lang='lat' dir='ltr'>secunda</span> <span class='ocrx_word' id='word_1_90' title='bbox 1793 766 1912 801; x_wconf 89' lang='lat' dir='ltr'>domi-</span> 
     </span>
     <span class='ocr_line' id='line_1_12' title="bbox 169 820 1911 870; baseline 0.002 -14"><span class='ocrx_word' id='word_1_91' title='bbox 169 823 255 857; x_wconf 87' lang='lat' dir='ltr'>nica</span> <span class='ocrx_word' id='word_1_92' title='bbox 279 822 418 856; x_wconf 85' lang='lat' dir='ltr'>mensis</span> <span class='ocrx_word' id='word_1_93' title='bbox 436 820 525 856; x_wconf 90' lang='lat' dir='ltr'>Iulii</span> <span class='ocrx_word' id='word_1_94' title='bbox 544 820 706 867; x_wconf 89' lang='lat' dir='ltr'>singulis</span> <span class='ocrx_word' id='word_1_95' title='bbox 735 821 845 855; x_wconf 87' lang='lat' dir='ltr'>annis</span> <span class='ocrx_word' id='word_1_96' title='bbox 863 820 1081 856; x_wconf 89' lang='lat' dir='ltr'>solemniter</span> <span class='ocrx_word' id='word_1_97' title='bbox 1098 826 1136 856; x_wconf 90' lang='lat' dir='ltr'>et</span> <span class='ocrx_word' id='word_1_98' title='bbox 1153 822 1288 857; x_wconf 89' lang='lat' dir='ltr'>devote</span> <span class='ocrx_word' id='word_1_99' title='bbox 1307 823 1515 870; x_wconf 89' lang='lat' dir='ltr'>celebrent,</span> <span class='ocrx_word' id='word_1_100' title='bbox 1544 824 1718 859; x_wconf 88' lang='lat' dir='ltr'>divinum</span> <span class='ocrx_word' id='word_1_101' title='bbox 1745 825 1911 860; x_wconf 89' lang='lat' dir='ltr'>officium</span> 
     </span>
     <span class='ocr_line' id='line_1_13' title="bbox 168 878 1910 930; baseline 0.002 -15"><span class='ocrx_word' id='word_1_102' title='bbox 168 881 288 915; x_wconf 87' lang='lat' dir='ltr'>veluti</span> <span class='ocrx_word' id='word_1_103' title='bbox 305 892 373 927; x_wconf 89' lang='lat' dir='ltr'>pro</span> <span class='ocrx_word' id='word_1_104' title='bbox 391 892 466 914; x_wconf 91' lang='lat' dir='ltr'>uno</span> <span class='ocrx_word' id='word_1_105' title='bbox 484 878 703 915; x_wconf 86' lang='lat' dir='ltr'>Confessore</span> <span class='ocrx_word' id='word_1_106' title='bbox 730 878 914 914; x_wconf 89' lang='lat' dir='ltr'>Pontifice</span> <span class='ocrx_word' id='word_1_107' title='bbox 932 884 970 914; x_wconf 91' lang='lat' dir='ltr'>et</span> <span class='ocrx_word' id='word_1_108' title='bbox 987 879 1164 928; x_wconf 85' lang='lat' dir='ltr'>Doctore,</span> <span class='ocrx_word' id='word_1_109' title='bbox 1184 885 1262 915; x_wconf 88' lang='lat' dir='ltr'>tam</span> <span class='ocrx_word' id='word_1_110' title='bbox 1279 882 1434 928; x_wconf 88' lang='lat' dir='ltr'>publice</span> <span class='ocrx_word' id='word_1_111' title='bbox 1452 895 1566 929; x_wconf 87' lang='lat' dir='ltr'>quam</span> <span class='ocrx_word' id='word_1_112' title='bbox 1583 883 1778 929; x_wconf 88' lang='lat' dir='ltr'>privatim,</span> <span class='ocrx_word' id='word_1_113' title='bbox 1797 888 1910 930; x_wconf 90' lang='lat' dir='ltr'>prout</span> 
     </span>
     <span class='ocr_line' id='line_1_14' title="bbox 169 938 681 985; baseline -0.002 -12"><span class='ocrx_word' id='word_1_114' title='bbox 169 939 385 985; x_wconf 81' lang='lat' dir='ltr'>contigerit,</span> <span class='ocrx_word' id='word_1_115' title='bbox 412 938 681 985; x_wconf 78' lang='lat' dir='ltr'>persolventes.</span> 
     </span>
    </p>

    <p class='ocr_par' dir='ltr' id='par_1_4' title="bbox 169 996 1910 1208">
     <span class='ocr_line' id='line_1_15' title="bbox 262 996 1910 1046; baseline 0.002 -14"><span class='ocrx_word' id='word_1_116' title='bbox 262 998 281 1044; x_wconf 66' lang='grc' dir='ltr'>ξ</span> <span class='ocrx_word' id='word_1_117' title='bbox 308 998 363 1032; x_wconf 89' lang='lat'>21.</span> <span class='ocrx_word' id='word_1_118' title='bbox 391 996 551 1032; x_wconf 86' lang='lat' dir='ltr'>Dilectis</span> <span class='ocrx_word' id='word_1_119' title='bbox 569 1009 656 1031; x_wconf 91' lang='lat' dir='ltr'>vero</span> <span class='ocrx_word' id='word_1_120' title='bbox 673 996 763 1031; x_wconf 88' lang='lat' dir='ltr'>filiis</span> <span class='ocrx_word' id='word_1_121' title='bbox 781 996 962 1032; x_wconf 87' lang='lat' dir='ltr'>fratribus</span> <span class='ocrx_word' id='word_1_122' title='bbox 980 998 1164 1043; x_wconf 87' lang='lat' dir='ltr'>praedicti</span> <span class='ocrx_word' id='word_1_123' title='bbox 1181 997 1371 1033; x_wconf 88' lang='lat' dir='ltr'>Minorum</span> <span class='ocrx_word' id='word_1_124' title='bbox 1390 998 1558 1046; x_wconf 81' lang='lat' dir='ltr'>Ordinis,</span> <span class='ocrx_word' id='word_1_125' title='bbox 1579 1005 1765 1046; x_wconf 89' lang='lat' dir='ltr'>quatenus</span> <span class='ocrx_word' id='word_1_126' title='bbox 1782 1001 1910 1036; x_wconf 89' lang='lat' dir='ltr'>huius-</span> 
     </span>
     <span class='ocr_line' id='line_1_16' title="bbox 169 1054 1910 1104; baseline 0.002 -13"><span class='ocrx_word' id='word_1_127' title='bbox 169 1057 270 1091; x_wconf 85' lang='lat' dir='ltr'>modi</span> <span class='ocrx_word' id='word_1_128' title='bbox 296 1056 461 1091; x_wconf 89' lang='lat' dir='ltr'>officium</span> <span class='ocrx_word' id='word_1_129' title='bbox 488 1055 559 1090; x_wconf 87' lang='lat' dir='ltr'>sub</span> <span class='ocrx_word' id='word_1_130' title='bbox 584 1054 681 1090; x_wconf 87' lang='lat' dir='ltr'>festo</span> <span class='ocrx_word' id='word_1_131' title='bbox 708 1055 854 1101; x_wconf 90' lang='lat' dir='ltr'>duplici</span> <span class='ocrx_word' id='word_1_132' title='bbox 880 1060 918 1090; x_wconf 90' lang='grc'>01</span> <span class='ocrx_word' id='word_1_133' title='bbox 950 1060 1099 1102; x_wconf 86' lang='lat' dir='ltr'>octava,</span> <span class='ocrx_word' id='word_1_134' title='bbox 1132 1069 1175 1091; x_wconf 88' lang='grc'>00</span> <span class='ocrx_word' id='word_1_135' title='bbox 1206 1057 1318 1092; x_wconf 88' lang='grc'>1110(10</span> <span class='ocrx_word' id='word_1_136' title='bbox 1345 1070 1419 1104; x_wconf 87' lang='lat' dir='ltr'>quo</span> <span class='ocrx_word' id='word_1_137' title='bbox 1451 1058 1611 1093; x_wconf 89' lang='lat' dir='ltr'>aliorum</span> <span class='ocrx_word' id='word_1_138' title='bbox 1638 1059 1731 1094; x_wconf 90' lang='lat' dir='ltr'>dicti</span> <span class='ocrx_word' id='word_1_139' title='bbox 1758 1058 1910 1095; x_wconf 88' lang='lat' dir='ltr'>Ordinis</span> 
     </span>
     <span class='ocr_line' id='line_1_17' title="bbox 169 1113 1910 1162; baseline 0.001 -11"><span class='ocrx_word' id='word_1_140' title='bbox 169 1115 391 1151; x_wconf 89' lang='lat' dir='ltr'>Sanctorum</span> <span class='ocrx_word' id='word_1_141' title='bbox 418 1113 606 1148; x_wconf 88' lang='lat' dir='ltr'>celebrare</span> <span class='ocrx_word' id='word_1_142' title='bbox 633 1113 730 1148; x_wconf 87' lang='lat' dir='ltr'>festa</span> <span class='ocrx_word' id='word_1_143' title='bbox 761 1118 799 1148; x_wconf 88' lang='grc'>01</span> <span class='ocrx_word' id='word_1_144' title='bbox 828 1118 980 1149; x_wconf 87' lang='lat' dir='ltr'>octavas</span> <span class='ocrx_word' id='word_1_145' title='bbox 1007 1120 1299 1162; x_wconf 88' lang='lat' dir='ltr'>consueverunt,</span> <span class='ocrx_word' id='word_1_146' title='bbox 1339 1116 1555 1151; x_wconf 83' lang='lat' dir='ltr'>celebrandi</span> <span class='ocrx_word' id='word_1_147' title='bbox 1589 1118 1831 1153; x_wconf 89' lang='lat' dir='ltr'>concedimus</span> <span class='ocrx_word' id='word_1_148' title='bbox 1857 1118 1910 1153; x_wconf 87' lang='lat' dir='ltr'>fa-</span> 
     </span>
     <span class='ocr_line' id='line_1_18' title="bbox 169 1173 359 1208; baseline -0.005 0"><span class='ocrx_word' id='word_1_149' title='bbox 169 1173 359 1208; x_wconf 77' lang='lat' dir='ltr'>cultatem.</span> 
     </span>
    </p>

    <p class='ocr_par' dir='ltr' id='par_1_5' title="bbox 166 1231 1910 1748">
     <span class='ocr_line' id='line_1_19' title="bbox 262 1231 1908 1283; baseline 0.002 -17"><span class='ocrx_word' id='word_1_150' title='bbox 262 1232 281 1278; x_wconf 64' lang='lat'>0}</span> <span class='ocrx_word' id='word_1_151' title='bbox 306 1232 361 1266; x_wconf 89' lang='lat'>22.</span> <span class='ocrx_word' id='word_1_152' title='bbox 388 1231 564 1277; x_wconf 83' lang='lat' dir='ltr'>Insuper,</span> <span class='ocrx_word' id='word_1_153' title='bbox 592 1231 723 1264; x_wconf 85' lang='lat' dir='ltr'>eadem</span> <span class='ocrx_word' id='word_1_154' title='bbox 748 1231 970 1265; x_wconf 80' lang='lat' dir='ltr'>auctoritate</span> <span class='ocrx_word' id='word_1_155' title='bbox 998 1231 1175 1266; x_wconf 86' lang='lat' dir='ltr'>omnibus</span> <span class='ocrx_word' id='word_1_156' title='bbox 1212 1245 1298 1267; x_wconf 91' lang='lat' dir='ltr'>vere</span> <span class='ocrx_word' id='word_1_157' title='bbox 1335 1234 1620 1279; x_wconf 88' lang='lat' dir='ltr'>poenitentibus</span> <span class='ocrx_word' id='word_1_158' title='bbox 1647 1239 1685 1269; x_wconf 92' lang='lat' dir='ltr'>et</span> <span class='ocrx_word' id='word_1_159' title='bbox 1710 1235 1908 1283; x_wconf 84' lang='lat' dir='ltr'>confessis,</span> 
     </span>
     <span class='ocr_line' id='line_1_20' title="bbox 168 1289 1910 1340; baseline 0.002 -15"><span class='ocrx_word' id='word_1_160' title='bbox 168 1291 233 1339; x_wconf 83' lang='grc'>(1111</span> <span class='ocrx_word' id='word_1_161' title='bbox 265 1291 304 1325; x_wconf 87' lang='grc'>111</span> <span class='ocrx_word' id='word_1_162' title='bbox 329 1290 459 1324; x_wconf 87' lang='lat' dir='ltr'>eadem</span> <span class='ocrx_word' id='word_1_163' title='bbox 493 1289 684 1324; x_wconf 89' lang='lat' dir='ltr'>dominica</span> <span class='ocrx_word' id='word_1_164' title='bbox 714 1289 928 1335; x_wconf 85' lang='lat' dir='ltr'>ecclesiam,</span> <span class='ocrx_word' id='word_1_165' title='bbox 955 1289 995 1323; x_wconf 92' lang='lat' dir='ltr'>in</span> <span class='ocrx_word' id='word_1_166' title='bbox 1023 1302 1098 1336; x_wconf 89' lang='lat' dir='ltr'>qua</span> <span class='ocrx_word' id='word_1_167' title='bbox 1123 1295 1296 1325; x_wconf 89' lang='lat' dir='ltr'>sanctum</span> <span class='ocrx_word' id='word_1_168' title='bbox 1322 1292 1402 1326; x_wconf 87' lang='lat' dir='ltr'>eius</span> <span class='ocrx_word' id='word_1_169' title='bbox 1433 1305 1569 1339; x_wconf 89' lang='lat' dir='ltr'>corpus</span> <span class='ocrx_word' id='word_1_170' title='bbox 1598 1294 1816 1340; x_wconf 89' lang='lat' dir='ltr'>requiescit,</span> <span class='ocrx_word' id='word_1_171' title='bbox 1848 1295 1910 1329; x_wconf 89' lang='lat' dir='ltr'>de—</span> 
     </span>
     <span class='ocr_line' id='line_1_21' title="bbox 168 1348 1907 1400; baseline 0.003 -17"><span class='ocrx_word' id='word_1_172' title='bbox 168 1354 253 1384; x_wconf 81' lang='lat' dir='ltr'>vote</span> <span class='ocrx_word' id='word_1_173' title='bbox 291 1348 543 1394; x_wconf 82' lang='lat' dir='ltr'>visitaverint,</span> <span class='ocrx_word' id='word_1_174' title='bbox 582 1348 779 1382; x_wconf 85' lang='lat' dir='ltr'>annuatim</span> <span class='ocrx_word' id='word_1_175' title='bbox 823 1352 969 1394; x_wconf 87' lang='lat' dir='ltr'>septem</span> <span class='ocrx_word' id='word_1_176' title='bbox 1005 1361 1125 1383; x_wconf 87' lang='lat' dir='ltr'>annos</span> <span class='ocrx_word' id='word_1_177' title='bbox 1150 1353 1188 1383; x_wconf 91' lang='lat' dir='ltr'>et</span> <span class='ocrx_word' id='word_1_178' title='bbox 1219 1350 1379 1384; x_wconf 88' lang='lat' dir='ltr'>totidem</span> <span class='ocrx_word' id='word_1_179' title='bbox 1405 1351 1681 1398; x_wconf 86' lang='lat' dir='ltr'>quadragenas,</span> <span class='ocrx_word' id='word_1_180' title='bbox 1719 1353 1778 1387; x_wconf 90' lang='lat' dir='ltr'>his</span> <span class='ocrx_word' id='word_1_181' title='bbox 1804 1366 1907 1400; x_wconf 88' lang='lat' dir='ltr'>vero,</span> 
     </span>
     <span class='ocr_line' id='line_1_22' title="bbox 167 1406 1909 1458; baseline 0.002 -15"><span class='ocrx_word' id='word_1_182' title='bbox 167 1409 232 1455; x_wconf 82' lang='lat' dir='ltr'>qui</span> <span class='ocrx_word' id='word_1_183' title='bbox 258 1408 343 1442; x_wconf 91' lang='lat' dir='ltr'>aliis</span> <span class='ocrx_word' id='word_1_184' title='bbox 369 1407 603 1453; x_wconf 84' lang='lat' dir='ltr'>temporibus</span> <span class='ocrx_word' id='word_1_185' title='bbox 628 1407 668 1440; x_wconf 91' lang='lat' dir='ltr'>in</span> <span class='ocrx_word' id='word_1_186' title='bbox 695 1406 860 1453; x_wconf 82' lang='lat' dir='ltr'>singulis</span> <span class='ocrx_word' id='word_1_187' title='bbox 885 1406 1020 1441; x_wconf 88' lang='lat' dir='ltr'>diebus</span> <span class='ocrx_word' id='word_1_188' title='bbox 1046 1407 1262 1454; x_wconf 86' lang='lat' dir='ltr'>dominicis,</span> <span class='ocrx_word' id='word_1_189' title='bbox 1291 1413 1445 1443; x_wconf 90' lang='lat' dir='ltr'>centum</span> <span class='ocrx_word' id='word_1_190' title='bbox 1464 1409 1558 1456; x_wconf 89' lang='lat' dir='ltr'>dies,</span> <span class='ocrx_word' id='word_1_191' title='bbox 1578 1410 1656 1445; x_wconf 91' lang='lat' dir='ltr'>illis</span> <span class='ocrx_word' id='word_1_192' title='bbox 1681 1415 1822 1457; x_wconf 89' lang='lat' dir='ltr'>autem,</span> <span class='ocrx_word' id='word_1_193' title='bbox 1844 1412 1909 1458; x_wconf 90' lang='lat' dir='ltr'>qui</span> 
     </span>
     <span class='ocr_line' id='line_1_23' title="bbox 167 1464 1909 1516; baseline 0.002 -15"><span class='ocrx_word' id='word_1_194' title='bbox 167 1466 344 1501; x_wconf 88' lang='lat' dir='ltr'>ecclesias</span> <span class='ocrx_word' id='word_1_195' title='bbox 382 1465 541 1500; x_wconf 85' lang='lat' dir='ltr'>fratrum</span> <span class='ocrx_word' id='word_1_196' title='bbox 578 1464 768 1500; x_wconf 89' lang='lat' dir='ltr'>Minorum</span> <span class='ocrx_word' id='word_1_197' title='bbox 806 1464 972 1500; x_wconf 86' lang='lat' dir='ltr'>ubilibet</span> <span class='ocrx_word' id='word_1_198' title='bbox 998 1466 1223 1501; x_wconf 90' lang='lat' dir='ltr'>constitutas</span> <span class='ocrx_word' id='word_1_199' title='bbox 1254 1471 1332 1501; x_wconf 89' lang='lat' dir='ltr'>tam</span> <span class='ocrx_word' id='word_1_200' title='bbox 1358 1467 1441 1514; x_wconf 88' lang='lat' dir='ltr'>ipsa</span> <span class='ocrx_word' id='word_1_201' title='bbox 1478 1468 1538 1502; x_wconf 86' lang='lat' dir='ltr'>die</span> <span class='ocrx_word' id='word_1_202' title='bbox 1577 1468 1679 1515; x_wconf 89' lang='lat' dir='ltr'>festi,</span> <span class='ocrx_word' id='word_1_203' title='bbox 1720 1482 1833 1516; x_wconf 90' lang='lat' dir='ltr'>quam</span> <span class='ocrx_word' id='word_1_204' title='bbox 1869 1471 1909 1505; x_wconf 91' lang='lat' dir='ltr'>in</span> 
     </span>
     <span class='ocr_line' id='line_1_24' title="bbox 167 1523 1909 1573; baseline 0.002 -14"><span class='ocrx_word' id='word_1_205' title='bbox 167 1530 300 1560; x_wconf 85' lang='lat' dir='ltr'>octava</span> <span class='ocrx_word' id='word_1_206' title='bbox 324 1525 465 1559; x_wconf 86' lang='lat' dir='ltr'>divinis</span> <span class='ocrx_word' id='word_1_207' title='bbox 491 1524 623 1558; x_wconf 88' lang='lat' dir='ltr'>officiis</span> <span class='ocrx_word' id='word_1_208' title='bbox 649 1523 906 1570; x_wconf 87' lang='lat' dir='ltr'>interfuerint,</span> <span class='ocrx_word' id='word_1_209' title='bbox 935 1524 1151 1559; x_wconf 87' lang='lat' dir='ltr'>consimiles</span> <span class='ocrx_word' id='word_1_210' title='bbox 1168 1525 1427 1571; x_wconf 82' lang='lat' dir='ltr'>indulgentias</span> <span class='ocrx_word' id='word_1_211' title='bbox 1448 1530 1486 1561; x_wconf 89' lang='lat' dir='ltr'>et</span> <span class='ocrx_word' id='word_1_212' title='bbox 1510 1531 1751 1573; x_wconf 89' lang='lat' dir='ltr'>peccatorum</span> <span class='ocrx_word' id='word_1_213' title='bbox 1781 1529 1909 1564; x_wconf 89' lang='lat' dir='ltr'>remis-</span> 
     </span>
     <span class='ocr_line' id='line_1_25' title="bbox 167 1582 1909 1632; baseline 0.002 -14"><span class='ocrx_word' id='word_1_214' title='bbox 167 1585 303 1630; x_wconf 84' lang='lat' dir='ltr'>siones,</span> <span class='ocrx_word' id='word_1_215' title='bbox 331 1596 426 1630; x_wconf 89' lang='lat' dir='ltr'>quae</span> <span class='ocrx_word' id='word_1_216' title='bbox 452 1583 492 1617; x_wconf 90' lang='lat' dir='ltr'>in</span> <span class='ocrx_word' id='word_1_217' title='bbox 519 1582 682 1629; x_wconf 87' lang='lat' dir='ltr'>singulis</span> <span class='ocrx_word' id='word_1_218' title='bbox 707 1582 866 1617; x_wconf 90' lang='lat' dir='ltr'>aliorum</span> <span class='ocrx_word' id='word_1_219' title='bbox 898 1582 1067 1617; x_wconf 87' lang='lat' dir='ltr'>ciusdem</span> <span class='ocrx_word' id='word_1_220' title='bbox 1099 1582 1251 1618; x_wconf 88' lang='lat' dir='ltr'>Ordinis</span> <span class='ocrx_word' id='word_1_221' title='bbox 1279 1583 1502 1619; x_wconf 89' lang='lat' dir='ltr'>Sanctorum</span> <span class='ocrx_word' id='word_1_222' title='bbox 1528 1584 1649 1632; x_wconf 87' lang='lat' dir='ltr'>festis,</span> <span class='ocrx_word' id='word_1_223' title='bbox 1678 1599 1724 1620; x_wconf 84' lang='lat' dir='ltr'>ex</span> <span class='ocrx_word' id='word_1_224' title='bbox 1750 1587 1909 1622; x_wconf 87' lang='lat' dir='ltr'>indultis</span> 
     </span>
     <span class='ocr_line' id='line_1_26' title="bbox 166 1640 1909 1690; baseline 0.002 -13"><span class='ocrx_word' id='word_1_225' title='bbox 166 1642 406 1689; x_wconf 87' lang='lat' dir='ltr'>Apostolocis</span> <span class='ocrx_word' id='word_1_226' title='bbox 423 1641 648 1687; x_wconf 73' lang='lat' dir='ltr'>generaliter</span> <span class='ocrx_word' id='word_1_227' title='bbox 666 1641 933 1687; x_wconf 84' lang='lat' dir='ltr'>promulgatis,</span> <span class='ocrx_word' id='word_1_228' title='bbox 961 1640 1121 1676; x_wconf 82' lang='lat' dir='ltr'>Romani</span> <span class='ocrx_word' id='word_1_229' title='bbox 1139 1641 1344 1677; x_wconf 86' lang='lat' dir='ltr'>Pontifices</span> <span class='ocrx_word' id='word_1_230' title='bbox 1371 1648 1646 1690; x_wconf 88' lang='lat' dir='ltr'>concesserunt,</span> <span class='ocrx_word' id='word_1_231' title='bbox 1666 1645 1712 1679; x_wconf 87' lang='lat' dir='ltr'>dc</span> <span class='ocrx_word' id='word_1_232' title='bbox 1727 1645 1909 1681; x_wconf 89' lang='lat' dir='ltr'>iniunctis</span> 
     </span>
     <span class='ocr_line' id='line_1_27' title="bbox 167 1699 1520 1748; baseline 0.001 -13"><span class='ocrx_word' id='word_1_233' title='bbox 167 1701 410 1747; x_wconf 81' lang='lat' dir='ltr'>poenitentiis</span> <span class='ocrx_word' id='word_1_234' title='bbox 436 1700 726 1735; x_wconf 87' lang='lat' dir='ltr'>misericorditer</span> <span class='ocrx_word' id='word_1_235' title='bbox 750 1700 791 1734; x_wconf 90' lang='lat' dir='ltr'>in</span> <span class='ocrx_word' id='word_1_236' title='bbox 817 1699 980 1734; x_wconf 82' lang='lat' dir='ltr'>Domino</span> <span class='ocrx_word' id='word_1_237' title='bbox 1006 1700 1218 1735; x_wconf 79' lang='lat' dir='ltr'>relaxamus</span> <span class='ocrx_word' id='word_1_238' title='bbox 1244 1705 1282 1735; x_wconf 92' lang='lat' dir='ltr'>et</span> <span class='ocrx_word' id='word_1_239' title='bbox 1307 1701 1520 1748; x_wconf 79' lang='lat' dir='ltr'>elargimur.</span> 
     </span>
    </p>

    <p class='ocr_par' dir='ltr' id='par_1_6' title="bbox 146 1758 1908 2625">
     <span class='ocr_line' id='line_1_28' title="bbox 262 1758 1908 1806; baseline 0.002 -13"><span class='ocrx_word' id='word_1_240' title='bbox 262 1759 281 1806; x_wconf 64' lang='grc' dir='ltr'>ξ</span> <span class='ocrx_word' id='word_1_241' title='bbox 307 1759 362 1794; x_wconf 83' lang='lat'>23.</span> <span class='ocrx_word' id='word_1_242' title='bbox 391 1758 678 1794; x_wconf 88' lang='lat' dir='ltr'>Considerantes</span> <span class='ocrx_word' id='word_1_243' title='bbox 703 1762 903 1804; x_wconf 88' lang='lat' dir='ltr'>praeterea,</span> <span class='ocrx_word' id='word_1_244' title='bbox 938 1762 1080 1805; x_wconf 84' lang='lat' dir='ltr'>quanta</span> <span class='ocrx_word' id='word_1_245' title='bbox 1111 1758 1159 1793; x_wconf 92' lang='lat' dir='ltr'>ab</span> <span class='ocrx_word' id='word_1_246' title='bbox 1190 1759 1262 1794; x_wconf 87' lang='grc'>1100</span> <span class='ocrx_word' id='word_1_247' title='bbox 1294 1760 1377 1806; x_wconf 85' lang='lat' dir='ltr'>ipso</span> <span class='ocrx_word' id='word_1_248' title='bbox 1404 1765 1533 1796; x_wconf 88' lang='lat' dir='ltr'>sancto</span> <span class='ocrx_word' id='word_1_249' title='bbox 1559 1760 1824 1797; x_wconf 86' lang='lat' dir='ltr'>Bonaventura</span> <span class='ocrx_word' id='word_1_250' title='bbox 1853 1776 1908 1798; x_wconf 88' lang='lat' dir='ltr'>ra—</span> 
     </span>
     <span class='ocr_line' id='line_1_29' title="bbox 167 1817 1906 1866; baseline 0.002 -13"><span class='ocrx_word' id='word_1_251' title='bbox 167 1819 268 1853; x_wconf 87' lang='lat' dir='ltr'>tione</span> <span class='ocrx_word' id='word_1_252' title='bbox 295 1817 473 1853; x_wconf 87' lang='lat' dir='ltr'>scientiae</span> <span class='ocrx_word' id='word_1_253' title='bbox 500 1821 537 1851; x_wconf 92' lang='lat' dir='ltr'>et</span> <span class='ocrx_word' id='word_1_254' title='bbox 563 1817 774 1851; x_wconf 87' lang='lat' dir='ltr'>sanctitatis</span> <span class='ocrx_word' id='word_1_255' title='bbox 792 1817 891 1851; x_wconf 91' lang='lat' dir='ltr'>vitae</span> <span class='ocrx_word' id='word_1_256' title='bbox 917 1817 1219 1864; x_wconf 88' lang='lat' dir='ltr'>episcopalisque</span> <span class='ocrx_word' id='word_1_257' title='bbox 1239 1822 1276 1852; x_wconf 92' lang='lat' dir='ltr'>et</span> <span class='ocrx_word' id='word_1_258' title='bbox 1293 1818 1489 1853; x_wconf 85' lang='lat' dir='ltr'>cardineae</span> <span class='ocrx_word' id='word_1_259' title='bbox 1520 1820 1719 1866; x_wconf 86' lang='lat' dir='ltr'>dignitatis</span> <span class='ocrx_word' id='word_1_260' title='bbox 1750 1820 1783 1857; x_wconf 89' lang='lat' dir='ltr'>S.</span> <span class='ocrx_word' id='word_1_261' title='bbox 1803 1821 1845 1856; x_wconf 86' lang='lat' dir='ltr'>R.</span> <span class='ocrx_word' id='word_1_262' title='bbox 1865 1821 1906 1857; x_wconf 90' lang='lat' dir='ltr'>E.</span> 
     </span>
     <span class='ocr_line' id='line_1_30' title="bbox 167 1875 1905 1927; baseline 0.002 -16"><span class='ocrx_word' id='word_1_263' title='bbox 167 1877 375 1923; x_wconf 83' lang='lat' dir='ltr'>susceperit</span> <span class='ocrx_word' id='word_1_264' title='bbox 399 1876 645 1921; x_wconf 87' lang='lat' dir='ltr'>incrementa,</span> <span class='ocrx_word' id='word_1_265' title='bbox 674 1879 931 1922; x_wconf 84' lang='lat' dir='ltr'>quantamque</span> <span class='ocrx_word' id='word_1_266' title='bbox 957 1875 1059 1910; x_wconf 84' lang='lat' dir='ltr'>idem</span> <span class='ocrx_word' id='word_1_267' title='bbox 1077 1875 1236 1911; x_wconf 89' lang='lat' dir='ltr'>Sanctus</span> <span class='ocrx_word' id='word_1_268' title='bbox 1262 1889 1350 1911; x_wconf 89' lang='lat' dir='ltr'>cum</span> <span class='ocrx_word' id='word_1_269' title='bbox 1375 1877 1485 1912; x_wconf 89' lang='lat' dir='ltr'>beato</span> <span class='ocrx_word' id='word_1_270' title='bbox 1511 1878 1655 1913; x_wconf 84' lang='lat' dir='ltr'>Thoma</span> <span class='ocrx_word' id='word_1_271' title='bbox 1672 1879 1718 1913; x_wconf 90' lang='lat' dir='ltr'>de</span> <span class='ocrx_word' id='word_1_272' title='bbox 1742 1879 1905 1927; x_wconf 89' lang='lat' dir='ltr'>Aquino,</span> 
     </span>
     <span class='ocr_line' id='line_1_31' title="bbox 167 1933 1907 1983; baseline 0.002 -13"><span class='ocrx_word' id='word_1_273' title='bbox 167 1940 382 1981; x_wconf 67' lang='lat' dir='ltr'>coaetaneo,</span> <span class='ocrx_word' id='word_1_274' title='bbox 403 1933 664 1980; x_wconf 83' lang='lat' dir='ltr'>condiscipulo</span> <span class='ocrx_word' id='word_1_275' title='bbox 681 1938 719 1968; x_wconf 92' lang='lat' dir='ltr'>et</span> <span class='ocrx_word' id='word_1_276' title='bbox 736 1934 1002 1979; x_wconf 84' lang='lat' dir='ltr'>commagistro</span> <span class='ocrx_word' id='word_1_277' title='bbox 1029 1946 1096 1969; x_wconf 91' lang='lat' dir='ltr'>suo</span> <span class='ocrx_word' id='word_1_278' title='bbox 1122 1933 1418 1970; x_wconf 84' lang='lat' dir='ltr'>familiaritatem</span> <span class='ocrx_word' id='word_1_279' title='bbox 1436 1941 1473 1970; x_wconf 90' lang='lat' dir='ltr'>et</span> <span class='ocrx_word' id='word_1_280' title='bbox 1490 1937 1726 1983; x_wconf 89' lang='lat' dir='ltr'>spiritualem</span> <span class='ocrx_word' id='word_1_281' title='bbox 1752 1939 1907 1973; x_wconf 88' lang='lat' dir='ltr'>coniun-</span> 
     </span>
     <span class='ocr_line' id='line_1_32' title="bbox 167 1992 1905 2044; baseline 0.002 -16"><span class='ocrx_word' id='word_1_282' title='bbox 167 1995 331 2029; x_wconf 77' lang='lat' dir='ltr'>ctionem</span> <span class='ocrx_word' id='word_1_283' title='bbox 357 1993 398 2027; x_wconf 90' lang='lat' dir='ltr'>in</span> <span class='ocrx_word' id='word_1_284' title='bbox 422 1993 493 2027; x_wconf 85' lang='lat' dir='ltr'>hac</span> <span class='ocrx_word' id='word_1_285' title='bbox 519 1993 598 2027; x_wconf 89' lang='lat' dir='ltr'>vita</span> <span class='ocrx_word' id='word_1_286' title='bbox 624 1992 843 2039; x_wconf 88' lang='lat' dir='ltr'>servaverit,</span> <span class='ocrx_word' id='word_1_287' title='bbox 870 1996 914 2026; x_wconf 90' lang='lat' dir='ltr'>ut</span> <span class='ocrx_word' id='word_1_288' title='bbox 938 2005 1032 2039; x_wconf 90' lang='lat' dir='ltr'>quos</span> <span class='ocrx_word' id='word_1_289' title='bbox 1057 1993 1097 2027; x_wconf 92' lang='lat' dir='ltr'>in</span> <span class='ocrx_word' id='word_1_290' title='bbox 1128 1993 1200 2028; x_wconf 89' lang='lat' dir='ltr'>hoc</span> <span class='ocrx_word' id='word_1_291' title='bbox 1234 1994 1383 2028; x_wconf 90' lang='lat' dir='ltr'>saeculo</span> <span class='ocrx_word' id='word_1_292' title='bbox 1416 1994 1581 2029; x_wconf 84' lang='lat' dir='ltr'>fraterna</span> <span class='ocrx_word' id='word_1_293' title='bbox 1605 1996 1730 2031; x_wconf 79' lang='lat' dir='ltr'>iunxit</span> <span class='ocrx_word' id='word_1_294' title='bbox 1756 1997 1905 2044; x_wconf 88' lang='lat' dir='ltr'>caritas,</span> 
     </span>
     <span class='ocr_line' id='line_1_33' title="bbox 168 2051 1906 2101; baseline 0.002 -14"><span class='ocrx_word' id='word_1_295' title='bbox 168 2058 206 2087; x_wconf 86' lang='lat' dir='ltr'>et</span> <span class='ocrx_word' id='word_1_296' title='bbox 230 2053 360 2086; x_wconf 84' lang='lat' dir='ltr'>eadem</span> <span class='ocrx_word' id='word_1_297' title='bbox 386 2052 425 2085; x_wconf 92' lang='lat' dir='ltr'>in</span> <span class='ocrx_word' id='word_1_298' title='bbox 464 2051 567 2085; x_wconf 89' lang='lat' dir='ltr'>caelo</span> <span class='ocrx_word' id='word_1_299' title='bbox 605 2051 770 2097; x_wconf 84' lang='lat' dir='ltr'>praemia</span> <span class='ocrx_word' id='word_1_300' title='bbox 808 2056 1029 2086; x_wconf 87' lang='lat' dir='ltr'>consecutos</span> <span class='ocrx_word' id='word_1_301' title='bbox 1055 2052 1252 2098; x_wconf 86' lang='lat' dir='ltr'>credimus,</span> <span class='ocrx_word' id='word_1_302' title='bbox 1279 2065 1455 2099; x_wconf 85' lang='lat' dir='ltr'>praesens</span> <span class='ocrx_word' id='word_1_303' title='bbox 1492 2053 1664 2089; x_wconf 87' lang='lat' dir='ltr'>Ecclesia</span> <span class='ocrx_word' id='word_1_304' title='bbox 1688 2055 1769 2101; x_wconf 84' lang='lat' dir='ltr'>pari</span> <span class='ocrx_word' id='word_1_305' title='bbox 1796 2068 1906 2090; x_wconf 87' lang='lat' dir='ltr'>vene-</span> 
     </span>
     <span class='ocr_line' id='line_1_34' title="bbox 166 2108 1907 2158; baseline 0.002 -13"><span class='ocrx_word' id='word_1_306' title='bbox 166 2116 267 2146; x_wconf 83' lang='lat' dir='ltr'>retur</span> <span class='ocrx_word' id='word_1_307' title='bbox 291 2111 447 2157; x_wconf 91' lang='lat' dir='ltr'>honore,</span> <span class='ocrx_word' id='word_1_308' title='bbox 474 2109 711 2156; x_wconf 88' lang='lat' dir='ltr'>praedictum</span> <span class='ocrx_word' id='word_1_309' title='bbox 737 2108 877 2144; x_wconf 88' lang='lat' dir='ltr'>festum</span> <span class='ocrx_word' id='word_1_310' title='bbox 903 2110 1001 2144; x_wconf 86' lang='lat' dir='ltr'>inter</span> <span class='ocrx_word' id='word_1_311' title='bbox 1027 2109 1124 2145; x_wconf 85' lang='lat' dir='ltr'>festa</span> <span class='ocrx_word' id='word_1_312' title='bbox 1149 2111 1243 2145; x_wconf 88' lang='lat' dir='ltr'>sacri</span> <span class='ocrx_word' id='word_1_313' title='bbox 1269 2110 1405 2145; x_wconf 89' lang='lat' dir='ltr'>Palatii</span> <span class='ocrx_word' id='word_1_314' title='bbox 1431 2113 1643 2158; x_wconf 83' lang='lat' dir='ltr'>Apostolici</span> <span class='ocrx_word' id='word_1_315' title='bbox 1674 2119 1907 2150; x_wconf 86' lang='lat' dir='ltr'>assumentes</span> 
     </span>
     <span class='ocr_line' id='line_1_35' title="bbox 165 2168 1907 2216; baseline 0.002 -12"><span class='ocrx_word' id='word_1_316' title='bbox 165 2173 547 2215; x_wconf 81' lang='lat' dir='ltr'>annumerantesque,</span> <span class='ocrx_word' id='word_1_317' title='bbox 588 2168 747 2202; x_wconf 87' lang='lat' dir='ltr'>eandem</span> <span class='ocrx_word' id='word_1_318' title='bbox 780 2168 1061 2214; x_wconf 82' lang='lat' dir='ltr'>indulgentiam</span> <span class='ocrx_word' id='word_1_319' title='bbox 1092 2169 1132 2203; x_wconf 93' lang='lat' dir='ltr'>in</span> <span class='ocrx_word' id='word_1_320' title='bbox 1165 2168 1262 2204; x_wconf 87' lang='lat' dir='ltr'>festo</span> <span class='ocrx_word' id='word_1_321' title='bbox 1292 2170 1485 2216; x_wconf 89' lang='lat' dir='ltr'>praedicto</span> <span class='ocrx_word' id='word_1_322' title='bbox 1511 2171 1551 2205; x_wconf 89' lang='lat' dir='ltr'>in</span> <span class='ocrx_word' id='word_1_323' title='bbox 1578 2172 1737 2207; x_wconf 88' lang='lat' dir='ltr'>ecclesia</span> <span class='ocrx_word' id='word_1_324' title='bbox 1761 2178 1907 2208; x_wconf 89' lang='lat' dir='ltr'>sancto-</span> 
     </span>
     <span class='ocr_line' id='line_1_36' title="bbox 166 2226 1907 2277; baseline 0.003 -16"><span class='ocrx_word' id='word_1_325' title='bbox 166 2241 249 2262; x_wconf 85' lang='lat' dir='ltr'>rum</span> <span class='ocrx_word' id='word_1_326' title='bbox 275 2227 544 2274; x_wconf 84' lang='lat' dir='ltr'>Apostolorum</span> <span class='ocrx_word' id='word_1_327' title='bbox 570 2227 616 2261; x_wconf 88' lang='lat' dir='ltr'>de</span> <span class='ocrx_word' id='word_1_328' title='bbox 641 2226 760 2273; x_wconf 88' lang='lat' dir='ltr'>Urbe,</span> <span class='ocrx_word' id='word_1_329' title='bbox 788 2239 883 2274; x_wconf 90' lang='lat' dir='ltr'>quae</span> <span class='ocrx_word' id='word_1_330' title='bbox 908 2227 949 2261; x_wconf 91' lang='lat' dir='ltr'>in</span> <span class='ocrx_word' id='word_1_331' title='bbox 975 2226 1072 2262; x_wconf 86' lang='lat' dir='ltr'>festo</span> <span class='ocrx_word' id='word_1_332' title='bbox 1110 2228 1229 2274; x_wconf 89' lang='lat' dir='ltr'>ipsius</span> <span class='ocrx_word' id='word_1_333' title='bbox 1267 2229 1387 2263; x_wconf 87' lang='lat' dir='ltr'>sancti</span> <span class='ocrx_word' id='word_1_334' title='bbox 1426 2229 1590 2264; x_wconf 90' lang='lat' dir='ltr'>Thomae</span> <span class='ocrx_word' id='word_1_335' title='bbox 1617 2230 1662 2264; x_wconf 89' lang='lat' dir='ltr'>de</span> <span class='ocrx_word' id='word_1_336' title='bbox 1688 2231 1841 2277; x_wconf 88' lang='lat' dir='ltr'>Aquino</span> <span class='ocrx_word' id='word_1_337' title='bbox 1867 2232 1907 2266; x_wconf 91' lang='lat' dir='ltr'>in</span> 
     </span>
     <span class='ocr_line' id='line_1_37' title="bbox 166 2284 1904 2336; baseline 0.002 -15"><span class='ocrx_word' id='word_1_338' title='bbox 166 2286 325 2321; x_wconf 80' lang='lat' dir='ltr'>ecclesia</span> <span class='ocrx_word' id='word_1_339' title='bbox 348 2286 479 2321; x_wconf 90' lang='lat' dir='ltr'>beatae</span> <span class='ocrx_word' id='word_1_340' title='bbox 505 2285 642 2320; x_wconf 83' lang='lat' dir='ltr'>Mariae</span> <span class='ocrx_word' id='word_1_341' title='bbox 667 2285 837 2332; x_wconf 80' lang='lat' dir='ltr'>Virginis</span> <span class='ocrx_word' id='word_1_342' title='bbox 856 2285 901 2319; x_wconf 92' lang='lat' dir='ltr'>dc</span> <span class='ocrx_word' id='word_1_343' title='bbox 919 2284 1038 2332; x_wconf 89' lang='lat' dir='ltr'>Urbe,</span> <span class='ocrx_word' id='word_1_344' title='bbox 1056 2285 1227 2321; x_wconf 88' lang='lat' dir='ltr'>Minerva</span> <span class='ocrx_word' id='word_1_345' title='bbox 1245 2287 1451 2333; x_wconf 81' lang='lat' dir='ltr'>vulgariter</span> <span class='ocrx_word' id='word_1_346' title='bbox 1473 2293 1707 2335; x_wconf 88' lang='lat' dir='ltr'>nuncupata,</span> <span class='ocrx_word' id='word_1_347' title='bbox 1734 2289 1904 2336; x_wconf 88' lang='lat' dir='ltr'>habetur,</span> 
     </span>
     <span class='ocr_line' id='line_1_38' title="bbox 146 2343 1906 2391; baseline 0.004 -15"><span class='ocrx_word' id='word_1_348' title='bbox 146 2345 424 2391; x_wconf 72' lang='lat' dir='ltr'>‚conc-edimus,</span> <span class='ocrx_word' id='word_1_349' title='bbox 451 2345 664 2391; x_wconf 84' lang='lat' dir='ltr'>pariterque</span> <span class='ocrx_word' id='word_1_350' title='bbox 691 2344 938 2390; x_wconf 86' lang='lat' dir='ltr'>decernimus,</span> <span class='ocrx_word' id='word_1_351' title='bbox 965 2343 1098 2379; x_wconf 82' lang='lat' dir='ltr'>fratres</span> <span class='ocrx_word' id='word_1_352' title='bbox 1123 2344 1285 2380; x_wconf 88' lang='lat' dir='ltr'>Minores</span> <span class='ocrx_word' id='word_1_353' title='bbox 1316 2346 1356 2380; x_wconf 89' lang='lat' dir='ltr'>in</span> <span class='ocrx_word' id='word_1_354' title='bbox 1386 2346 1488 2381; x_wconf 90' lang='lat' dir='ltr'>alma</span> <span class='ocrx_word' id='word_1_355' title='bbox 1519 2346 1772 2382; x_wconf 87' lang='lat' dir='ltr'>Universitate</span> <span class='ocrx_word' id='word_1_356' title='bbox 1805 2347 1906 2383; x_wconf 90' lang='lat' dir='ltr'>Pari-</span> 
     </span>
     <span class='ocr_line' id='line_1_39' title="bbox 166 2402 1906 2451; baseline 0.002 -13"><span class='ocrx_word' id='word_1_357' title='bbox 166 2404 279 2438; x_wconf 86' lang='lat' dir='ltr'>siensi</span> <span class='ocrx_word' id='word_1_358' title='bbox 312 2403 453 2438; x_wconf 90' lang='lat' dir='ltr'>eisdem</span> <span class='ocrx_word' id='word_1_359' title='bbox 477 2402 690 2449; x_wconf 85' lang='lat' dir='ltr'>privilegiis</span> <span class='ocrx_word' id='word_1_360' title='bbox 715 2415 824 2449; x_wconf 88' lang='lat' dir='ltr'>posse</span> <span class='ocrx_word' id='word_1_361' title='bbox 849 2415 892 2437; x_wconf 86' lang='lat' dir='ltr'>ac</span> <span class='ocrx_word' id='word_1_362' title='bbox 919 2402 1054 2437; x_wconf 86' lang='lat' dir='ltr'>debere</span> <span class='ocrx_word' id='word_1_363' title='bbox 1080 2403 1136 2437; x_wconf 91' lang='lat' dir='ltr'>uti</span> <span class='ocrx_word' id='word_1_364' title='bbox 1162 2408 1199 2438; x_wconf 89' lang='lat' dir='ltr'>ct</span> <span class='ocrx_word' id='word_1_365' title='bbox 1224 2404 1387 2449; x_wconf 86' lang='lat' dir='ltr'>gaudere</span> <span class='ocrx_word' id='word_1_366' title='bbox 1419 2404 1467 2439; x_wconf 93' lang='lat' dir='ltr'>ob</span> <span class='ocrx_word' id='word_1_367' title='bbox 1493 2405 1612 2451; x_wconf 90' lang='lat' dir='ltr'>ipsius</span> <span class='ocrx_word' id='word_1_368' title='bbox 1643 2405 1676 2441; x_wconf 90' lang='lat' dir='ltr'>S.</span> <span class='ocrx_word' id='word_1_369' title='bbox 1711 2406 1906 2441; x_wconf 88' lang='lat' dir='ltr'>Bonaven-</span> 
     </span>
     <span class='ocr_line' id='line_1_40' title="bbox 165 2461 1905 2510; baseline 0.002 -14"><span class='ocrx_word' id='word_1_370' title='bbox 165 2467 268 2497; x_wconf 69' lang='lat' dir='ltr'>tui&#39;ae</span> <span class='ocrx_word' id='word_1_371' title='bbox 294 2462 442 2507; x_wconf 87' lang='lat' dir='ltr'>merita,</span> <span class='ocrx_word' id='word_1_372' title='bbox 470 2461 609 2508; x_wconf 89' lang='lat' dir='ltr'>quibus</span> <span class='ocrx_word' id='word_1_373' title='bbox 641 2474 687 2495; x_wconf 85' lang='lat' dir='ltr'>ex</span> <span class='ocrx_word' id='word_1_374' title='bbox 713 2461 945 2507; x_wconf 87' lang='lat' dir='ltr'>Apostolicis</span> <span class='ocrx_word' id='word_1_375' title='bbox 970 2461 1130 2496; x_wconf 87' lang='lat' dir='ltr'>indultis</span> <span class='ocrx_word' id='word_1_376' title='bbox 1153 2461 1287 2497; x_wconf 88' lang='lat' dir='ltr'>fratres</span> <span class='ocrx_word' id='word_1_377' title='bbox 1304 2461 1598 2510; x_wconf 86' lang='lat' dir='ltr'>Praedicatores,</span> <span class='ocrx_word' id='word_1_378' title='bbox 1627 2464 1692 2510; x_wconf 88' lang='lat' dir='ltr'>qui</span> <span class='ocrx_word' id='word_1_379' title='bbox 1718 2465 1757 2499; x_wconf 90' lang='lat' dir='ltr'>in</span> <span class='ocrx_word' id='word_1_380' title='bbox 1775 2465 1905 2499; x_wconf 88' lang='lat' dir='ltr'>eadem</span> 
     </span>
     <span class='ocr_line' id='line_1_41' title="bbox 166 2519 1906 2567; baseline 0.002 -12"><span class='ocrx_word' id='word_1_381' title='bbox 166 2520 419 2556; x_wconf 87' lang='lat' dir='ltr'>Universitatc</span> <span class='ocrx_word' id='word_1_382' title='bbox 444 2520 586 2554; x_wconf 89' lang='lat' dir='ltr'>intuitu</span> <span class='ocrx_word' id='word_1_383' title='bbox 604 2524 642 2554; x_wconf 91' lang='grc'>01</span> <span class='ocrx_word' id='word_1_384' title='bbox 658 2520 779 2565; x_wconf 88' lang='lat' dir='ltr'>gratia</span> <span class='ocrx_word' id='word_1_385' title='bbox 804 2519 972 2554; x_wconf 87' lang='lat' dir='ltr'>eiusdem</span> <span class='ocrx_word' id='word_1_386' title='bbox 991 2519 1025 2555; x_wconf 88' lang='lat' dir='ltr'>S.</span> <span class='ocrx_word' id='word_1_387' title='bbox 1044 2519 1209 2554; x_wconf 83' lang='lat' dir='ltr'>Thomae</span> <span class='ocrx_word' id='word_1_388' title='bbox 1234 2520 1347 2566; x_wconf 86' lang='lat' dir='ltr'>potiri</span> <span class='ocrx_word' id='word_1_389' title='bbox 1372 2525 1410 2555; x_wconf 90' lang='lat' dir='ltr'>et</span> <span class='ocrx_word' id='word_1_390' title='bbox 1438 2522 1600 2567; x_wconf 88' lang='lat' dir='ltr'>gaudere</span> <span class='ocrx_word' id='word_1_391' title='bbox 1630 2528 1906 2558; x_wconf 90' lang='lat' dir='ltr'>consueverunt</span> 
     </span>
     <span class='ocr_line' id='line_1_42' title="bbox 165 2578 1678 2625; baseline 0.001 -13"><span class='ocrx_word' id='word_1_392' title='bbox 165 2584 202 2613; x_wconf 83' lang='lat' dir='ltr'>et</span> <span class='ocrx_word' id='word_1_393' title='bbox 227 2579 410 2625; x_wconf 84' lang='lat' dir='ltr'>gaudent,</span> <span class='ocrx_word' id='word_1_394' title='bbox 436 2582 502 2612; x_wconf 87' lang='lat' dir='ltr'>aut</span> <span class='ocrx_word' id='word_1_395' title='bbox 526 2578 639 2624; x_wconf 89' lang='lat' dir='ltr'>potiri</span> <span class='ocrx_word' id='word_1_396' title='bbox 666 2582 703 2612; x_wconf 89' lang='lat' dir='ltr'>et</span> <span class='ocrx_word' id='word_1_397' title='bbox 729 2578 891 2624; x_wconf 85' lang='lat' dir='ltr'>gaudere</span> <span class='ocrx_word' id='word_1_398' title='bbox 918 2578 1204 2625; x_wconf 87' lang='lat' dir='ltr'>quomodolibet</span> <span class='ocrx_word' id='word_1_399' title='bbox 1228 2583 1407 2625; x_wconf 87' lang='lat' dir='ltr'>poterunt</span> <span class='ocrx_word' id='word_1_400' title='bbox 1432 2580 1472 2613; x_wconf 92' lang='lat' dir='ltr'>in</span> <span class='ocrx_word' id='word_1_401' title='bbox 1498 2579 1678 2615; x_wconf 88' lang='lat' dir='ltr'>futurum.</span> 
     </span>
    </p>

    <p class='ocr_par' dir='ltr' id='par_1_7' title="bbox 164 2636 1904 2975">
     <span class='ocr_line' id='line_1_43' title="bbox 258 2636 1904 2684; baseline 0.002 -13"><span class='ocrx_word' id='word_1_402' title='bbox 258 2637 277 2683; x_wconf 66' lang='grc' dir='ltr'>ξ</span> <span class='ocrx_word' id='word_1_403' title='bbox 302 2637 357 2671; x_wconf 83' lang='lat'>24.</span> <span class='ocrx_word' id='word_1_404' title='bbox 386 2636 569 2680; x_wconf 81' lang='lat' dir='ltr'>Quocirca</span> <span class='ocrx_word' id='word_1_405' title='bbox 594 2648 723 2671; x_wconf 90' lang='lat' dir='ltr'>omnes</span> <span class='ocrx_word' id='word_1_406' title='bbox 751 2640 788 2671; x_wconf 90' lang='lat' dir='ltr'>et</span> <span class='ocrx_word' id='word_1_407' title='bbox 813 2636 985 2682; x_wconf 83' lang='lat' dir='ltr'>singulos</span> <span class='ocrx_word' id='word_1_408' title='bbox 1010 2636 1051 2670; x_wconf 89' lang='lat' dir='ltr'>in</span> <span class='ocrx_word' id='word_1_409' title='bbox 1077 2637 1262 2682; x_wconf 87' lang='lat' dir='ltr'>dignitate</span> <span class='ocrx_word' id='word_1_410' title='bbox 1289 2638 1513 2672; x_wconf 89' lang='lat' dir='ltr'>constitutos</span> <span class='ocrx_word' id='word_1_411' title='bbox 1530 2639 1755 2684; x_wconf 88' lang='lat' dir='ltr'>requirimus</span> <span class='ocrx_word' id='word_1_412' title='bbox 1773 2644 1810 2674; x_wconf 89' lang='lat' dir='ltr'>et</span> <span class='ocrx_word' id='word_1_413' title='bbox 1828 2653 1904 2675; x_wconf 89' lang='lat' dir='ltr'>mo-</span> 
     </span>
     <span class='ocr_line' id='line_1_44' title="bbox 165 2694 1904 2743; baseline 0.002 -14"><span class='ocrx_word' id='word_1_414' title='bbox 165 2708 307 2742; x_wconf 86' lang='lat' dir='ltr'>nemus,</span> <span class='ocrx_word' id='word_1_415' title='bbox 335 2699 521 2741; x_wconf 88' lang='lat' dir='ltr'>quatenus</span> <span class='ocrx_word' id='word_1_416' title='bbox 545 2695 730 2729; x_wconf 86' lang='lat' dir='ltr'>universis</span> <span class='ocrx_word' id='word_1_417' title='bbox 748 2699 786 2729; x_wconf 90' lang='grc'>01</span> <span class='ocrx_word' id='word_1_418' title='bbox 803 2695 949 2729; x_wconf 88' lang='lat' dir='ltr'>clericis</span> <span class='ocrx_word' id='word_1_419' title='bbox 967 2699 1004 2729; x_wconf 90' lang='lat' dir='ltr'>et</span> <span class='ocrx_word' id='word_1_420' title='bbox 1016 2694 1170 2741; x_wconf 89' lang='lat' dir='ltr'>populis</span> <span class='ocrx_word' id='word_1_421' title='bbox 1197 2707 1347 2729; x_wconf 89' lang='lat' dir='ltr'>suarum</span> <span class='ocrx_word' id='word_1_422' title='bbox 1373 2696 1587 2743; x_wconf 89' lang='lat' dir='ltr'>civitatum,</span> <span class='ocrx_word' id='word_1_423' title='bbox 1613 2697 1841 2732; x_wconf 89' lang='lat' dir='ltr'>dioecesium</span> <span class='ocrx_word' id='word_1_424' title='bbox 1868 2703 1904 2733; x_wconf 88' lang='lat' dir='ltr'>et</span> 
     </span>
     <span class='ocr_line' id='line_1_45' title="bbox 164 2753 1902 2803; baseline 0.002 -15"><span class='ocrx_word' id='word_1_425' title='bbox 164 2754 425 2800; x_wconf 86' lang='lat' dir='ltr'>parochiarum</span> <span class='ocrx_word' id='word_1_426' title='bbox 450 2758 664 2799; x_wconf 84' lang='lat' dir='ltr'>praesentes</span> <span class='ocrx_word' id='word_1_427' title='bbox 689 2757 833 2788; x_wconf 91' lang='lat' dir='ltr'>nostras</span> <span class='ocrx_word' id='word_1_428' title='bbox 850 2753 994 2788; x_wconf 86' lang='lat' dir='ltr'>litteras</span> <span class='ocrx_word' id='word_1_429' title='bbox 1013 2753 1229 2788; x_wconf 86' lang='lat' dir='ltr'>solemniter</span> <span class='ocrx_word' id='word_1_430' title='bbox 1254 2753 1508 2800; x_wconf 86' lang='lat' dir='ltr'>publicantes,</span> <span class='ocrx_word' id='word_1_431' title='bbox 1529 2755 1680 2790; x_wconf 87' lang='lat' dir='ltr'>eosdem</span> <span class='ocrx_word' id='word_1_432' title='bbox 1697 2756 1902 2803; x_wconf 88' lang='lat' dir='ltr'>hortentur,</span> 
     </span>
     <span class='ocr_line' id='line_1_46' title="bbox 166 2811 1903 2861; baseline 0.002 -14"><span class='ocrx_word' id='word_1_433' title='bbox 166 2818 207 2847; x_wconf 84' lang='lat' dir='ltr'>ut</span> <span class='ocrx_word' id='word_1_434' title='bbox 232 2812 354 2847; x_wconf 87' lang='lat' dir='ltr'>Deum</span> <span class='ocrx_word' id='word_1_435' title='bbox 380 2813 521 2858; x_wconf 89' lang='lat' dir='ltr'>ipsum,</span> <span class='ocrx_word' id='word_1_436' title='bbox 548 2824 570 2845; x_wconf 92' lang='lat' dir='ltr'>a</span> <span class='ocrx_word' id='word_1_437' title='bbox 595 2824 669 2858; x_wconf 84' lang='lat' dir='ltr'>quo</span> <span class='ocrx_word' id='word_1_438' title='bbox 694 2811 794 2846; x_wconf 92' lang='lat' dir='ltr'>bona</span> <span class='ocrx_word' id='word_1_439' title='bbox 819 2816 957 2846; x_wconf 87' lang='lat' dir='ltr'>cuncta</span> <span class='ocrx_word' id='word_1_440' title='bbox 973 2811 1197 2857; x_wconf 89' lang='lat' dir='ltr'>procedunt,</span> <span class='ocrx_word' id='word_1_441' title='bbox 1225 2812 1419 2846; x_wconf 88' lang='lat' dir='ltr'>humiliter</span> <span class='ocrx_word' id='word_1_442' title='bbox 1437 2813 1699 2860; x_wconf 87' lang='lat' dir='ltr'>deprecentur,</span> <span class='ocrx_word' id='word_1_443' title='bbox 1725 2818 1768 2849; x_wconf 93' lang='grc'>111</span> <span class='ocrx_word' id='word_1_444' title='bbox 1784 2815 1903 2861; x_wconf 89' lang='lat' dir='ltr'>ipsius</span> 
     </span>
     <span class='ocr_line' id='line_1_47' title="bbox 166 2869 1903 2919; baseline 0.001 -14"><span class='ocrx_word' id='word_1_445' title='bbox 166 2872 285 2906; x_wconf 81' lang='lat' dir='ltr'>sancti</span> <span class='ocrx_word' id='word_1_446' title='bbox 316 2871 489 2906; x_wconf 87' lang='lat' dir='ltr'>Doctoris</span> <span class='ocrx_word' id='word_1_447' title='bbox 506 2874 544 2904; x_wconf 87' lang='lat' dir='ltr'>et</span> <span class='ocrx_word' id='word_1_448' title='bbox 561 2869 792 2905; x_wconf 81' lang='lat' dir='ltr'>Confessoris</span> <span class='ocrx_word' id='word_1_449' title='bbox 817 2870 1102 2904; x_wconf 83' lang='lat' dir='ltr'>Bonaventurae</span> <span class='ocrx_word' id='word_1_450' title='bbox 1120 2870 1262 2904; x_wconf 84' lang='lat' dir='ltr'>meritis</span> <span class='ocrx_word' id='word_1_451' title='bbox 1289 2874 1326 2904; x_wconf 91' lang='lat' dir='ltr'>et</span> <span class='ocrx_word' id='word_1_452' title='bbox 1342 2870 1518 2916; x_wconf 90' lang='lat' dir='ltr'>precibus</span> <span class='ocrx_word' id='word_1_453' title='bbox 1536 2876 1718 2919; x_wconf 80' lang='lat' dir='ltr'>exoratus,</span> <span class='ocrx_word' id='word_1_454' title='bbox 1738 2873 1903 2907; x_wconf 89' lang='lat' dir='ltr'>militan-</span> 
     </span>
     <span class='ocr_line' id='line_1_48' title="bbox 165 2928 1903 2975; baseline 0.002 -12"><span class='ocrx_word' id='word_1_455' title='bbox 165 2934 241 2964; x_wconf 84' lang='lat' dir='ltr'>tem</span> <span class='ocrx_word' id='word_1_456' title='bbox 266 2930 490 2975; x_wconf 86' lang='lat' dir='ltr'>Ecclesiam,</span> <span class='ocrx_word' id='word_1_457' title='bbox 518 2928 777 2975; x_wconf 86' lang='lat' dir='ltr'>Apostolicam</span> <span class='ocrx_word' id='word_1_458' title='bbox 801 2928 916 2962; x_wconf 87' lang='lat' dir='ltr'>fidem</span> <span class='ocrx_word' id='word_1_459' title='bbox 942 2932 979 2962; x_wconf 90' lang='lat' dir='ltr'>et</span> <span class='ocrx_word' id='word_1_460' title='bbox 996 2932 1152 2963; x_wconf 88' lang='lat' dir='ltr'>cunctos</span> <span class='ocrx_word' id='word_1_461' title='bbox 1171 2928 1433 2964; x_wconf 88' lang='lat' dir='ltr'>christifideles</span> <span class='ocrx_word' id='word_1_462' title='bbox 1450 2942 1472 2963; x_wconf 91' lang='lat' dir='ltr'>a</span> <span class='ocrx_word' id='word_1_463' title='bbox 1488 2941 1722 2975; x_wconf 88' lang='lat' dir='ltr'>paganorum</span> <span class='ocrx_word' id='word_1_464' title='bbox 1747 2935 1784 2965; x_wconf 90' lang='lat' dir='ltr'>et</span> <span class='ocrx_word' id='word_1_465' title='bbox 1813 2931 1903 2966; x_wconf 90' lang='lat' dir='ltr'>alio-</span> 
     </span>
    </p>
   </div>
  </div>
 </body>
</html>
