2253 3317
53 1169 83 1187 Ad
99 1173 156 1192 oppo-

41 1193 104 1210 silum.

29 2065 162 2084 Fundamenta.

779 94 862 123 DlST.
885 94 950 123 XXI.
972 95 1044 123 ART.
1066 95 1094 123 ll.
1117 95 1252 132 QUAEST.
1275 96 1302 124 ll.

170 175 195 199 et
226 179 283 199 iton
313 170 392 199 ali-its
420 171 528 205 Pater,
550 172 612 207 sed,
640 172 730 200 Pater
751 176 776 200 et
807 180 866 200 uon
895 172 975 201 aliu-s
995 181 1015 201 α

171 217 278 250 Patre;
299 220 327 246 et
348 216 410 245 ideo
425 225 479 246 non
495 217 663 255 importatur
677 218 869 247 convenientia
882 218 910 247 in
926 219 1015 247 forma

171 262 348 300 proprietatis
375 263 548 300 paternitatis
580 271 644 292 curn
675 264 801 299 alietate,
823 265 871 293 sed
894 264 1014 300 sufficit,

1858 97 1913 126 385

1071 172 1147 210 quod
1169 173 1204 201 sit
1224 173 1278 201 alia
1299 181 1418 210 persona
1438 190 1475 193 —
1497 174 1576 203 Pater
1603 174 1678 203 enim
1699 175 1760 203 est¹
1795 182 1914 212 persona

1071 236 1110 240 —
1131 219 1174 248 vel
1196 219 1279 248 etiam
1300 220 1355 248 alia
1375 220 1508 249 essentia:
1531 223 1557 249 et
1572 220 1619 249 illa
1633 220 1759 250 excludit
1773 221 1825 250 hoc
1840 221 1913 259 quod

1072 267 1113 293 est
1126 265 1222 299 solu&
1243 269 1270 295 et
1292 266 1331 295 sic
1351 269 1426 303 patet
1441 266 1519 295 illud.

912 377 1171 414 SOHOLION.

237 486 251 508 l.
267 487 310 509 Pro
326 487 472 515 intelligentia
490 487 510 509 3.
528 488 627 515 oppositi
644 489 667 510 et
682 488 748 510 solut.
766 488 871 511 eiusdem
889 489 1015 511 notandum

173 526 254 554 primo,
267 525 331 554 quod
347 527 459 548 terminus
475 525 538 548 alius
555 529 630 554 potest
646 527 771 554 importare
793 526 961 549 distinctionem
979 528 1015 550 vel

172 565 231 586 circa
242 564 340 586 sormam
350 563 430 592 (alium
436 564 529 593 Deum),
538 565 574 587 vel
584 565 643 587 circa
655 566 802 593 suppositum
812 566 892 594 (alium
899 566 1014 595 Patrem).

172 602 285 631 Secundo,
302 602 365 625 alius
385 606 459 631 potest
470 603 523 625 addi
536 603 602 626 alicui
620 604 717 626 termino
729 604 765 626 vel
778 605 910 628 immediate
922 605 958 628 vel
971 611 1016 628 me-

171 641 247 663 diante
270 641 344 670 aliqua
362 642 530 670 propositione,
548 644 572 664 111
588 642 693 670 exemplo
710 643 732 665 10
755 645 815 665 textu
839 643 969 666 illustratur.
992 645 1015 666 ln

1071 490 1147 517 primo
1169 496 1222 512 casu
1246 491 1309 518 ponit
1325 491 1464 514 identitatem
1481 492 1612 519 specificam
1631 494 1688 515 inter
1705 496 1817 521 extrema:
1841 495 1862 516 in
1881 500 1917 516 se-

1071 528 1148 551 cundo
1165 535 1220 551 vero
1237 535 1292 551 casu
1310 530 1365 552 haec
1382 530 1486 553 identitas
1504 537 1547 553 non
1565 532 1706 559 importatur.

1135 567 1157 589 11.
1168 569 1278 590 Auctores
1286 568 1308 589 in
1318 568 1443 591 substantia
1455 569 1573 592 solutionis
1585 576 1629 592 000
1640 570 1783 593 dissentiunt.
1792 571 1813 593 S.
1825 572 1915 599 Thom.‚

1072 606 1108 629 hic
1125 612 1147 635 q.
1169 607 1186 629 1.
1204 612 1223 628 a.
1247 607 1263 628 1.
1281 608 1422 635 quaestiunc.
1441 608 1462 630 2.
1478 620 1510 625 —
1526 609 1549 630 B.
1568 608 1667 637 Albert.,
1685 610 1721 632 hie
1738 616 1757 632 a.
1780 610 1797 632 1.
1815 622 1845 626 -
1857 610 1913 632 Petr.

1072 650 1084 666 a
1103 644 1171 673 Tar„
1191 645 1227 667 liic
1244 651 1266 674 q.
1285 646 1304 667 «l.
1323 653 1343 667 a.
1364 645 1381 667 i.
1399 657 1430 662 —
1447 646 1551 669 Ricltard.
1569 653 1580 668 a
1599 647 1668 675 Med,
1688 648 1723 670 hic
1741 655 1762 677 q.
1781 649 1801 670 ⁶2.

940 744 1102 780 QUAESTIO
1123 744 1152 773 11.

261 827 366 856 Utrum.
386 827 474 856 dictio
495 828 645 856 eaeetusz'va
665 828 745 857 solus
768 837 831 857 uere
852 829 984 857 addatur
1006 829 1128 858 termino
1149 830 1299 866 personali
1320 835 1450 867 respectu
1468 832 1637 868 praedicati
1657 834 1828 862 eommunis.

250 937 377 966 Secundo
398 938 558 974 quaeritur,
580 940 676 966 utrum
692 937 775 966 dictio
789 938 935 967 exclusiva
950 946 1015 967 vere

171 982 292 1011 addatur
314 983 433 1011 termino
453 983 593 1020 personali
608 988 738 1021 respectu
755 984 924 1021 praedicati²
945 992 1017 1013 com-

171 1029 273 1064 munis,
287 1032 319 1058 ut
334 1037 399 1058 vere
413 1029 535 1058 dicatur:
551 1030 628 1059 solus
643 1030 722 1060 Pater
736 1034 778 1060 est
792 1031 874 1060 Deus.
896 1031 925 1059 Et
940 1031 1014 1068 quod

171 1076 228 1110 sic,
250 1076 361 1104 videtur
382 1076 558 1105 (auctoritate
579 1079 606 1105 et
628 1076 750 1105 ratione.

253 1123 276 1150 l.
298 1122 480 1151 Auctoritate
501 1123 554 1151 sic:
578 1123 697 1152 Ecclesia
723 1126 825 1152 cantat:
855 1124 918 1152 «Tu
940 1124 1015 1153 solus

168 1168 330 1203 altissimus,
351 1168 412 1197 lesu
433 1168 542 1198 Christe
556 1169 565 1182 ³
578 1180 603 1197 »:
626 1173 653 1198 et
674 1169 756 1198 illud:
786 1170 865 1198 «Deo
887 1170 959 1198 Patri
980 1170 1016 1199 sit

170 1216 258 1253 gloria
278 1216 395 1253 eiusque
416 1216 467 1245 soli
489 1216 597 1251 Filio»,
620 1220 648 1245 et
668 1217 826 1246 consimiles
851 1217 956 1245 multae
978 1217 1016 1245 in-

171 1262 331 1291 veniuntur.

248 1310 274 1337 2.
295 1308 375 1343 Item,
396 1308 525 1337 Matthaei
546 1309 694 1338 undecimo
706 1309 732 1337 ⁴:
755 1308 844 1338 Nemo
864 1310 944 1338 ‘nouit
969 1310 1016 1338 Fi-

170 1355 243 1384 lium
270 1355 331 1384 11131
360 1356 469 1389 Pater;
501 1356 549 1385 sed
582 1364 662 1384 nemo
693 1355 754 1384 111ςὶ
774 1356 865 1384 Pater
887 1359 914 1385 et
934 1356 1015 1385 solus

169 1402 261 1431 Pater
281 1404 496 1431 convertuntur:
518 1410 585 1439 ergo
606 1402 683 1431 solus
704 1402 783 1431 Pater
804 1403 893 1437 novit,
914 1406 941 1431 et
962 1403 1014 1432 hoc

169 1449 361 1487 praedicatum
384 1451 426 1478 cst
446 1448 606 1478 essentiale:
629 1457 696 1486 ergo
717 1452 768 1478 etc.

249 1495 274 1524 3.
295 1496 379 1530 ltem,
399 1496 513 1524 ratione
534 1495 661 1530 videtur,
682 1495 748 1532 quia
762 1496 845 1524 dictio
869 1495 1011 1524 exclusiva

168 1542 263 1571 addita
283 1541 364 1571 alicui
388 1550 442 1570 non
463 1541 589 1570 excludit
609 1541 661 1570 nisi
682 1542 785 1576 alium:
801 1542 850 1571 sed
875 1545 932 1571 tres
953 1549 1015 1579 per·

170 1596 253 1617 sonae
273 1596 329 1616 non
349 1588 452 1617 habent
473 1588 613 1616 alietatem
635 1591 763 1625 respectu
778 1588 930 1625 praedicati
951 1588 1015 1617 sub-

170 1635 316 1664 stantialis:
339 1642 406 1672 ergo
426 1634 521 1663 addita
541 1634 591 1663 uni
622 1643 677 1663 non
710 1635 837 1663 excludit
857 1635 941 1663 aliam
973 1642 1015 1663 re-

170 1684 267 1719 spectu
288 1681 351 1710 talis
371 1681 539 1719 praedicati3
560 1681 609 1710 sed
630 1681 652 1710 si
674 1689 729 1710 non
751 1681 889 1716 excludit,
912 1681 1014 1710 locutio

169 1731 212 1757 est
232 1736 313 1757 vera:
335 1736 402 1765 ergo
423 1731 475 1758 etc.

247 1775 274 1803 [ι.
304 1774 387 1808 Item,
418 1774 502 1803 dictio
533 1774 678 1803 exclusiva
713 1774 808 1803 addita
839 1774 923 1803 alicui
959 1783 1013 1803 non

170 1821 296 1850 excludit
319 1820 395 1858 quod
416 1824 457 1849 est
478 1821 506 1849 in
527 1828 560 1849 eo
581 1824 612 1849 ut
630 1828 715 1857 para,
737 1822 769 1849 ut
789 1820 903 1850 addita⁵
935 1822 1014 1850 Petro

170 1876 224 1896 non
244 1867 370 1897 excludit
390 1868 490 1905 pedem
512 1868 597 1897 Petri:
620 1875 687 1904 ergo
712 1875 776 1896 cum
798 1868 897 1896 maiori
919 1868 1015 1897 identi—

169 1917 225 1943 tate
246 1914 281 1943 sit
302 1914 386 1943 Filius
410 1914 437 1942 in
469 1914 548 1943 Patre
579 1921 664 1951 quam
686 1921 735 1951 pes
757 1914 783 1942 in
805 1914 897 1948 Petro,
919 1914 1014 1943 addita

170 1960 252 1995 Patri,
273 1968 327 1988 non
349 1960 474 1989 excludit
495 1960 602 1988 Filium.
890 1999 892 2001 ι

248 2006 378 2035 Comus:
414 2008 436 2034 l.
469 2006 523 2035 Nec
554 2007 633 2035 Pater
654 2006 731 2035 solus
756 2014 807 2035 nec
833 2006 916 2035 Filius
937 2007 1013 2036 solus

170 2061 220 2083 nec
241 2053 360 2091 Spiritus
381 2058 494 2083 sanctus
515 2054 592 2083 solus
613 2054 687 2082 Deus
708 2056 762 2082 est:
784 2061 850 2091 ergo
872 2062 926 2082 non
948 2061 1013 2083 vere

169 2101 284 2130 additur
304 2104 434 2138 respectu
455 2101 566 2130 termini
588 2101 752 2130 communis

248 2148 274 2176 ἰ).
296 2147 380 2182 Item,
411 2148 501 2176 omnis
532 2148 696 2185 propositio,
729 2148 756 2175 in
787 2155 844 2184 qua
873 2148 1014 2185 praedica-

169 2197 230 2222 tum
251 2194 428 2223 communius
449 2197 490 2223 est
511 2194 647 2228 subiecto,
667 2194 762 2223 addita
790 2193 952 2223 exclusione
976 2194 1012 2223 ad

168 2241 340 2275 subiectum,
362 2244 404 2270 est
423 2241 507 2275 salsa,
529 2241 595 2278 quia.
616 2241 726 2269 nullum
742 2240 796 2269 tale
810 2241 936 2277 praecise
951 2249 1012 2270 con-

168 2287 244 2315 venit
264 2287 404 2321 subiecto;
426 2287 475 2316 sed
490 2287 553 2316 talis
567 2291 608 2316 est
623 2288 690 2316 haec
705 2290 732 2316 et
747 2287 919 2316 consimiles:
936 2288 1013 2316 solus

170 2334 248 2363 Pater
268 2338 310 2362 est
330 2334 419 2363 Deus:
441 2341 508 2371 ergo
529 2338 580 2363 etc.

1152 938 1177 967 3.
1200 939 1281 971 item,
1312 939 1402 968 dictio*
1427 940 1572 969 exclusiva
1596 941 1690 970 addita
1714 942 1795 971 alicui
1822 943 1916 972 exclu-

1072 985 1112 1014 dit
1134 993 1216 1014 omne
1238 986 1307 1015 illud
1333 987 1407 1023 quod
1440 987 1516 1024 ponit
1546 988 1757 1017 associationem
1778 998 1842 1018 011111
1863 992 1916 1019 ter-

1072 1032 1163 1066 mino;
1184 1036 1212 1061 et
1232 1032 1285 1061 hoc
1305 1036 1394 1069 patet,
1415 1034 1482 1071 quia
1503 1035 1595 1071 privat
1618 1035 1844 1069 associationeun
1866 1037 1914 1065 sed

1072 1078 1156 1107 Filius
1176 1079 1254 1116 ponit
1274 1080 1482 1108 associationem
1505 1089 1569 1109 cum
1590 1081 1680 1109 Patre:
1714 1082 1789 1110 unde
1824 1082 1914 1111 Pater

1072 1132 1139 1152 cttm
1160 1125 1236 1153 Filio
1257 1129 1299 1154 est
1319 1126 1411 1154 Pater
1433 1134 1500 1154 cum
1521 1127 1589 1155 alio.

1149 1171 1176 1199 lt.
1198 1171 1280 1206 Item,
1302 1172 1385 1201 dictio
1406 1173 1550 1201 exclusiva
1571 1173 1697 1202 excludit
1717 1182 1799 1203 omne
1824 1174 1914 1209 aliud,

1071 1222 1099 1246 et
1120 1218 1242 1247 maxime
1263 1219 1438 1256 oppositum;
1458 1220 1507 1248 sed
1528 1220 1645 1249 relativa
1666 1224 1730 1250 sunt
1758 1229 1814 1249 una
1839 1222 1915 1251 disse-

1071 1265 1161 1293 rentia
1180 1265 1360 1302 oppositionis
1372 1265 1395 1300 ⁰3
1417 1274 1484 1303 ergo
1497 1266 1592 1295 addita
1611 1267 1660 1295 uni
1682 1267 1799 1296 relativo
1820 1267 1914 1297 exclu—

1071 1312 1112 1340 dit
1131 1312 1223 1340 aliud:
1246 1320 1312 1349 ergo
1334 1312 1429 1341 addita
1458 1313 1531 1341 Patri
1556 1314 1682 1342 excludit
1708 1314 1822 1349 Filium3
1844 1318 1871 1344 et
1892 1315 1913 1344 si

1071 1358 1136 1393 hoc,
1156 1365 1254 1386 omnes
1275 1358 1344 1387 tales
1365 1362 1429 1387 sunt
1450 1359 1544 1388 falsae.

1388 1460 1598 1481 CONCLUSIO.

1073 1545 1166 1573 Dz'ctio
1186 1545 1336 1574 conclusiva,
1366 1545 1470 1574 addita
1502 1546 1624 1574 termino
1651 1547 1803 1583 personali
1826 1556 1916 1585 respe-

1149 1596 1198 1620 ctu
1229 1591 1398 1628 praedicati
1424 1592 1587 1620 eommumfs
1626 1596 1693 1621 time
1724 1594 1842 1622 admitti
1866 1603 1914 1631 po-

1150 1642 1214 1672 test,
1235 1638 1263 1666 εἰ
1282 1642 1406 1666 removet
1419 1637 1551 1674 sormam
1564 1639 1686 1667 subiecta·
1699 1639 1737 1668 ab
1756 1640 1842 1673 aliis,-
1858 1649 1914 1669 nou

1150 1693 1226 1718 vero,
1246 1684 1275 1712 si
1294 1688 1418 1713 removet
1437 1683 1569 1721 formam
1587 1686 1762 1722 praedicati.

1149 1778 1324 1806 Responnso:
1347 1778 1502 1807 Dicendum
1517 1779 1540 1813 ⁷,
1562 1779 1637 1815 quod
1663 1779 1707 1808 hic
1738 1783 1780 1808 est
1807 1780 1913 1817 duplex

1069 1824 1177 1860 positio.
1192 1823 1311 1860 Quidam
1326 1824 1400 1852 enim
1418 1824 1580 1861 simpliciter
1604 1829 1631 1854 et
1655 1825 1714 1854 sine
1738 1826 1912 1855 distinctione
1925 1830 2055 1871 Sorlgffiaguo-

1070 1869 1225 1899 concedunt
1245 1870 1296 1898 has
1318 1873 1345 1898 et
1365 1870 1533 1899 consimiles:
1559 1871 1635 1900 solus
1656 1872 1736 1900 Pater
1756 1876 1798 1901 est
1818 1872 1913 1907 Deus:
2025 1867 2029 1871 ”

1070 1919 1097 1945 01
1117 1916 1217 1953 positio
1237 1923 1335 1945 eorum
1357 1919 1413 1947 est.
1434 1917 1509 1953 quod
1531 1917 1614 1946 dictio
1644 1918 1789 1947 exclusiva
1819 1918 1913 1947 addita

1070 1963 1118 1991 uni
1150 1962 1332 1991 relativorum
1360 1971 1414 1991 non
1446 1963 1571 1992 excludit
1601 1964 1751 2001 reliquum.
1780 1965 1811 1993 Et
1842 1965 1912 1993 ratio

1069 2009 1155 2038 huius
1175 2005 1319 2047 positionis
1339 2012 1396 2043 est,
1417 2009 1502 2046 quia8
1523 2018 1577 2038 non
1598 2010 1725 2039 excludit
1749 2010 1823 2047 quod
1851 2018 1912 2039 con-

1070 2056 1197 2093 sequitur
1218 2055 1253 2084 ad
1274 2055 1426 2084 terminum
1447 2059 1474 2084 et
1495 2056 1658 2093 intelligitur
1679 2057 1706 2085 in
1724 2057 1858 2095 termino,
1880 2060 1911 2085 ut

1069 2102 1165 2131 addita
1184 2102 1290 2130 homini
1311 2110 1366 2130 non
1387 2102 1513 2131 excludit
1533 2103 1644 2131 animal.
1659 2103 1711 2132 Sed
1733 2111 1822 2131 unum
1842 2101 1911 2131 rela-

1069 2149 1191 2178 tivorum
1213 2148 1376 2186 intelligitur
1397 2149 1425 2177 in
1446 2149 1534 2178 altero
1555 2153 1582 2178 et
1596 2150 1776 2187 consequitur
1797 2149 1832 2178 ad
1847 2149 1912 2178 alte-

1069 2203 1149 2224 rum:
1172 2203 1238 2232 ergo
1259 2195 1354 2224 addita
1374 2196 1422 2224 uni
1451 2203 1505 2225 non
1536 2196 1663 2225 excludit
1684 2196 1812 2225 alterum.
1836 2196 1867 2224 Et
1887 2196 1910 2224 si

1068 2244 1238 2278 opponatur,
1259 2242 1335 2279 quod
1356 2242 1436 2270 solus
1457 2242 1584 2271 excludit
1605 2243 1777 2279 oppositum⁷
1799 2243 1909 2276 dicunt,

1069 2288 1144 2325 quod
1175 2288 1290 2317 relativa
1320 2289 1368 2317 et⁹
1389 2292 1453 2317 sunt
1476 2289 1647 2318 differentiae
1673 2290 1860 2326 oppositionis
1882 2293 1909 2318 et

1069 2334 1161 2362 evites:
1183 2335 1387 2371 oppositione,
1417 2335 1582 2364 secundum*
1603 2336 1676 2373 quod
1705 2336 1738 2364 ad
1772 2336 1862 2370 ideam
1883 2339 1909 2365 et

232 2496 238 2509 ¹
258 2496 308 2518 Vat.
326 2502 378 2518 cum
396 2497 444 2518 solo
462 2497 513 2519 cod.
530 2503 556 2519 cc
574 2498 610 2519 hic
626 2497 709 2525 repetit
725 2496 781 2520 aliar.
794 2498 843 2520 Mox
861 2504 887 2520 ex
905 2498 1013 2525 plurimis

169 2541 223 2557 mss.
240 2537 263 2557 et
278 2535 314 2557 ed.
337 2536 341 2557 1
362 2535 524 2558 substituimus
541 2535 584 2558 illa
600 2542 643 2564 pro
660 2535 713 2559 ista.

231 2573 240 2587 2
258 2574 280 2595 10
297 2574 402 2601 plurimis
419 2580 473 2596 mss.
491 2574 556 2597 deest
571 2574 717 2603 praedicati,
737 2581 780 2602 pro
797 2581 844 2604 quo
861 2575 912 2597 cod.
925 2575 946 2598 X
959 2581 1012 2598 cnm

168 2613 204 2634 vd.
225 2613 232 2634 ·l
254 2612 364 2640 termini,
384 2612 519 2645 sedcontra
547 2613 754 2641 praedeterminata
780 2615 802 2636 in
827 2614 922 2636 exordio
945 2615 1013 2637 liuius

169 2652 263 2674 articuli.

230 2690 240 2705 3
257 2691 279 2713 10
297 2691 383 2718 hymno
400 2691 518 2719 angelico:
539 2690 623 2714 Gloria
640 2690 665 2714 in
681 2691 781 2715 excelsis
799 2691 845 2715 Deo
862 2695 904 2714 otc.
916 2704 947 2708 ——-
958 2692 1012 2714 1)ιό-

168 2730 228 2752 xime
245 2735 344 2759 sequens
361 2730 454 2757 stropha
472 2730 588 2752 invenitur
613 2731 634 2752 in
657 2730 774 2752 Brevi-ario
791 2730 895 2753 Romano
920 2731 941 2752 in
968 2730 1012 2753 sine

168 2769 247 2795 hymni
265 2768 294 2790 ad
310 2768 418 2790 Primam.

231 2806 239 2821 ⁴
257 2806 324 2829 Vers.
343 2807 379 2829 27.

230 2843 239 2858 ⁵
256 2845 312 2867 Vat..
324 2848 402 2868 contra
420 2844 488 2867 codd.
505 2848 525 2867 et
550 2844 587 2867 ed.
611 2845 615 2866 1
639 2846 663 2868 ut
680 2845 702 2868 sl
718 2844 787 2869 dictio
805 2844 928 2869 ea‘clusiua
946 2844 1012 2869 addi-

311 2890 334 2914 S.
352 2890 440 2914 Bonan,
458 2902 489 2907 —
507 2891 574 2913 Tom.
594 2891 609 2912 1.

1069 2500 1124 2526 tur,
1145 2501 1166 2521 et
1182 2499 1251 2526 paulo
1269 2498 1325 2520 intra
1342 2499 1462 2526 participio
1478 2498 1560 2521 addita
1576 2498 1681 2527 praefigit
1697 2498 1766 2522 dictio
1778 2497 1908 2522 eoeclusz‘uu.

1131 2536 1141 2551 θ
1157 2536 1202 2560 cfr.
1213 2537 1303 2559 Aristot.
1313 2555 1318 2565 ‚
1331 2536 1360 2559 de
1371 2536 1511 2559 Praedicarn.
1524 2543 1542 2559 c.
1555 2536 1584 2559 dc
1595 2536 1717 2565 Oppositis.
1728 2549 1760 2553 —
1772 2537 1820 2559 Mox
1835 2538 1908 2560 maior

1057 2568 1123 2604 'pars
1139 2575 1206 2597 codd.
1224 2581 1267 2603 pro
1283 2575 1351 2598 aliud
1366 2577 1430 2603 ponit
1454 2575 1545 2604 altum,
1573 2577 1593 2597 in
1620 2582 1664 2605 qua
1682 2576 1777 2599 lectione
1802 2577 1824 2598 in
1849 2582 1907 2599 voce

1068 2613 1167 2637 relativo
1183 2614 1309 2637 subaudias
1326 2614 1460 2637 lei-minum.

1130 2652 1140 2668 ⁷
1156 2653 1187 2674 Ex
1203 2658 1258 2675 mss.
1275 2655 1297 2674 et
1313 2652 1348 2674 ed.
1371 2653 1376 2674 1
1398 2654 1558 2681 supplevimus
1585 2653 1727 2682 Dicendmn,
1747 2653 1816 2683 quod.

1130 2690 1140 2705 ⁸
1156 2690 1274 2714 Subaudi:
1292 2691 1360 2713 dictio
1372 2692 1495 2714 exclusiva.
1509 2692 1576 2714 Paulo
1599 2692 1667 2720 inst-a,
1680 2692 1849 2720 postulantibus
1860 2693 1908 2720 plu-

1067 2730 1131 2752 rimis
1148 2735 1202 2752 mss.
1220 2732 1242 2752 ct
1258 2730 1293 2752 ed.
1316 2730 1322 2751 1
1336 2748 1341 2758 ,
1360 2733 1410 2757 post
1427 2731 1448 2753 et
1465 2731 1616 2760 consequitur
1627 2731 1754 2754 adiecimus
1771 2732 1908 2759 propositio·

1068 2774 1120 2790 nem
1137 2767 1175 2790 ad.

1129 2806 1139 2821 ⁹
1156 2806 1178 2828 ln
1197 2806 1246 2829 Vat.
1265 2806 1329 2830 deest
1346 2808 1384 2835 et,
1403 2807 1465 2836 quod
1484 2810 1559 2830 tamen
1577 2814 1589 2829 a
1607 2814 1661 2831 mss.
1679 2812 1701 2831 et
1717 2808 1769 2831 edd.
1792 2810 1814 2836 l,
1833 2809 1858 2837 -2,
1876 2809 1905 2837 3,

1067 2846 1081 2867 6
1099 2845 1226 2868 exhibetur.
1247 2846 1314 2868 l‘aulo
1332 2846 1387 2869 infra
1406 2849 1456 2874 post
1479 2846 1539 2869 ide-m
1556 2846 1623 2869 codd.
1642 2846 1682 2868 ΟΖ
1699 2846 1785 2869 addunt
1803 2847 1906 2876 reserem-

1690 2893 1718 2915 49
