2253 3317
759 172 790 200 {N
812 171 830 200 l.
853 171 973 200 LIBRUM
995 168 1254 199 SENTENTIARUM.

136 253 197 280 typis
214 251 352 274 mandarunt
367 251 467 273 Basileae
484 250 547 279 apud
560 250 667 273 iacobum
684 250 713 272 de
726 250 851 272 Psorzheim
864 256 900 272 an.
917 249 980 276 1501,

137 301 159 321 et
175 299 258 321 iterum
276 304 312 320 an.
331 297 403 325 1507,
421 298 442 320 10
461 300 550 326 quarto.
567 297 653 320 Prodiit.
669 297 706 319 hic
723 296 780 319 liber
796 298 863 319 etiam
881 293 982 318 Venetus

136 345 199 373 apud
208 345 319 367 Lazarum
331 344 360 366 de.
369 343 462 367 Soardis
474 350 510 366 an.
521 343 588 371 4504,
599 344 620 365 in
633 346 722 372 quarto,
732 346 754 366 et
765 343 855 365 ParisiIs
867 349 902 365 an.
916 342 980 370 1521,

136 391 158 412 10
176 394 270 418 octavo,
287 396 329 418 per
347 389 491 412 Franciscum
504 389 620 417 Regnaut,
638 391 694 411 teste
711 388 793 410 loanne
814 394 826 410 a
843 388 866 409 S.
884 387 981 409 Antonio

137 437 285 465 (Bibliotheca
297 437 459 464 Franciscana,
477 442 530 464 pag.
544 436 590 464 80),
608 436 647 464 qui
665 438 740 458 tamen
752 438 819 463 errat,
836 434 981 457 attribuendo

137 484 193 506 haec
215 484 338 512 Reportata
360 483 452 506 cuidam
477 483 512 505 Fr.
535 482 685 505 Sanctovillae
710 481 877 504 Mediolanensi.
898 481 981 503 lterum

137 530 227 553 Parisiis
244 536 280 552 an.
300 529 359 552 1570
377 529 438 552 idem
455 535 515 557 opus
532 529 646 557 prodiisse
663 529 761 551 affirmat
778 528 801 550 P.
821 527 905 550 Bonelli
918 527 983 555 (Pro-

136 576 211 599 drom.
231 577 274 599 col.
291 576 358 604 308).
380 576 415 598 Ad
438 576 523 598 calcem
547 576 615 598 huius
632 574 682 597 libri
705 575 844 602 impressum
866 576 900 596 est
920 573 981 596 aliud

136 623 241 645 eiusdem
265 623 368 645 Bruliseri
394 622 533 651 opusculum
556 622 585 644 de
596 620 779 644 Formalitatibus
800 620 872 648 Scoti,
896 622 982 642 textum

137 670 196 692 Scoti
214 675 268 691 eum
294 677 304 689 α
316 671 447 691 commento
469 668 587 696 perlucido
600 676 610 688 n
631 666 824 690 exhibens—ln
843 667 877 688 his
899 666 983 694 ltepor-

136 716 187 738 tatis
204 715 234 737 ad
250 715 353 743 singulas
364 715 509 743 quaestiones
526 714 702 742 praemittuntur
713 713 791 735 variae
808 712 950 735 definitiones
961 715 983 734 et

136 762 248 784 axiomata
266 761 395 784 secundum
415 761 516 783 scholam
534 761 687 787 Scotistieam;
705 759 789 782 deinde
807 759 926 787 responsio
946 759 982 780 Se⁴

136 809 223 837 raphici
244 808 274 831 ad
296 809 454 837 quaestionem
477 808 588 830 distinctis
614 806 810 836 proposItionibus
832 806 982 832 enucleatur,

135 855 251 877 interdum
274 855 342 877 etiam
365 855 448 877 solutio
470 854 614 877 obiectorum
636 853 738 876 breviter
764 853 896 881 explicatur.
922 852 984 874 Licet

136 905 215 924 auctor
232 902 362 924 Scotisticae
381 901 497 924 doctrinae
508 902 536 923 sit
553 900 670 928 addictus,
688 903 764 922 tamen
782 900 918 928 plerumque
935 905 984 921 sen-

135 954 187 971 sum
205 948 227 970 S.
251 948 422 970 Bonaventurae
438 948 515 970 minus
537 953 606 976 quam
629 946 768 975 posteriores
789 947 981 968 commentatores

136 995 166 1018 ad
183 1000 288 1017 normam
306 994 467 1022 praeconcepti
489 994 618 1021 systematis
634 993 724 1015 trahere
741 992 824 1014 nititur.
842 991 982 1023 Dolendumv

135 1039 199 1068 quod
211 1040 267 1062 haec
280 1040 409 1068 Reportata,
422 1040 501 1062 saltem
519 1039 578 1062 duae
590 1040 678 1067 primae
690 1038 809 1067 editiones,
821 1041 908 1061 scatent
919 1043 983 1059 inen-

136 1085 172 1108 dis
188 1089 210 1108 et
221 1085 352 1114 erroribus,
370 1092 430 1114 quae
447 1086 530 1114 partim
542 1086 568 1107 iis
580 1085 619 1114 qui
631 1084 703 1107 verba
721 1085 823 1113 magistri
835 1085 870 1107 sui
887 1089 983 1111 excepe-

137 1136 200 1161 runt,
218 1133 301 1160 partim
318 1133 464 1161 typographo
480 1132 623 1155 attribuenda
640 1135 699 1155 sunt.

201 1180 221 1202 3.
239 1179 353 1203 Nicotaus
378 1179 406 1202 (Ie
432 1179 568 1208 Tudesehis,
594 1179 667 1202 abbas
691 1179 783 1201 Ordinis
807 1179 829 1201 S.
849 1179 981 1207 Benedecti,

136 1230 215 1255 postea
228 1227 421 1255 Archiepiscopus
439 1227 619 1254 Panormitanus,
632 1227 689 1248 iuris
707 1226 809 1248 canonici
822 1226 981 1254 peritissimus,

137 1273 195 1295 inter
211 1273 253 1295 alia
270 1273 363 1301 scripsit
386 1273 455 1295 etiam
476 1278 547 1301 super
567 1271 652 1294 librum
670 1272 696 1294 D.
718 1272 892 1294 Bonaventurae
918 1272 940 1294 in
958 1271 980 1293 ll.

139 1320 208 1347 Sent.,
227 1319 328 1342 Venetiis
348 1318 413 1341 1477.
432 1319 462 1341 lta
480 1319 576 1341 Antonio
593 1318 693 1341 Orlaudo
710 1318 843 1341 Cal-melita:
861 1317 953 1346 Origine
970 1324 982 1340 e

137 1366 254 1394 progressi
272 1365 330 1388 della
348 1367 448 1394 stampa,
466 1368 522 1388 teste
540 1366 562 1388 Ρ.
581 1365 673 1393 13000111,
692 1365 810 1388 Prodrom.
828 1365 870 1387 col.
889 1365 941 1387 310.

200 1412 220 1435 lt.
238 1411 352 1436 Nicotaus
368 1411 396 1435 de
424 1411 488 1436 Nz'z'se
516 1411 607 1434 Ordinis
634 1411 747 1434 Minorum
767 1411 797 1433 de
814 1410 980 1439 Observantia,

136 1460 227 1488 scripsit
243 1460 265 1481 in
284 1459 320 1481 tv.
330 1459 400 1482 libros
417 1459 585 1481 Sententiarum
602 1464 674 1486 opus,
687 1457 802 1480 Resolutio
820 1457 980 1485 theologorum

137 1506 283 1533 tnscriptum,
301 1505 387 1527 editum
409 1505 485 1533 primo
511 1504 669 1532 Rothomagii‚
695 1503 779 1526 deinde
796 1505 863 1527 etiam
882 1505 981 1527 Venetiis

138 1551 205 1574 1574.
215 1552 290 1574 Primo
302 1551 343 1574 tuit
354 1552 477 1573 canonicus
488 1554 510 1573 et
521 1551 621 1573 vicarius
633 1551 746 1579 generalis
755 1550 861 1579 Episcopi
874 1550 981 1573 Constan-

137 1599 225 1626 nensis,
243 1597 327 1621 deinde
344 1598 412 1620 frater
429 1598 512 1625 Minor;
530 1596 586 1619 obiit
602 1603 638 1619 an.
658 1597 725 1619 1509.
742 1597 764 1619 10
782 1603 825 1619 suo
842 1596 914 1625 libro,
932 1597 982 1620 bre-

137 1645 206 1667 vitate
230 1647 253 1667 et
276 1645 376 1667 claritate
398 1645 535 1672 conspicuo,
552 1650 622 1672 saepe
639 1644 708 1666 refert
723 1645 846 1666 sententias
868 1644 894 1666 D.
912 1644 982 1666 Bona-

137 1694 259 1719 venturae,
277 1691 318 1713 sed
335 1691 439 1719 sequitur
455 1691 594 1719 plerumque
611 1691 713 1713 Scotum.

900 1737 981 1760 Obser·

138 1784 227 1806 vantia:
246 1783 367 1806 Rosarium
384 1783 444 1805 iuxta
462 1785 561 1812 quatuor
578 1783 639 1805 Sent.
657 1782 727 1805 libros
744 1783 938 1812 quadripartitum
955 1789 982 1805 ex

200 1738 221 1760 5.
239 1737 364 1760 Pelbttrtus
380 1736 408 1760 de
431 1737 557 1760 Temesfflr
585 1736 677 1759 Ordinis
704 1737 816 1759 Minorum
843 1737 871 1760 de

137 1829 241 1851 doctrina
258 1828 362 1851 Doctoris
378 1827 479 1855 subtilis,
497 1828 523 1850 D.
541 1828 656 1856 Thomae,
681 1828 707 1850 D.
725 1828 900 1851 Bonaventurae
927 1829 982 1850 alio-

137 1881 237 1903 rumque
253 1877 384 1897 sanctorum
402 1875 534 1897 Doctorum.
551 1886 583 1891 —
600 1875 644 1897 Res
662 1875 790 1897 tractandas
807 1874 888 1897 ordine
905 1875 981 1903 alpha-

137 1921 212 1944 betico
222 1922 282 1943 iuxta
291 1924 391 1950 quatuor
402 1920 472 1943 libros
484 1920 608 1943 Lombardi
620 1921 760 1949 compilavit.
773 1921 885 1949 Quartum
897 1921 981 1944 librum

138 1971 190 1996 post
207 1971 304 1990 mortem
321 1967 418 1990 Pelbarti
430 1967 547 1996 supplevit
562 1967 597 1989 Fr.
615 1967 737 1990 Oswaldus
748 1973 760 1989 a
777 1968 856 1990 Lasco.
869 1968 982 1990 Plurimae

138 2014 207 2036 huius
232 2014 309 2042 operis
333 2016 386 2036 sunt
409 2013 532 2041 editiones,
551 2016 575 2036 ut
599 2013 709 2041 Hagenau
729 2014 799 2042 t503,
819 2013 888 2042 1504,
911 2014 981 2042 1507,

139 2060 215 2089 1508,
239 2061 260 2083 10
284 2060 333 2089 101.;
358 2060 548 2088 Venetiis1l586‚
566 2060 629 2088 apud
646 2060 725 2083 Frane.
742 2061 825 2088 Ziletti,
848 2063 870 2083 et
896 2060 982 2083 ibidem

142 2108 210 2134 1589;
228 2107 315 2130 Brixiae
337 2107 400 2129 1591.
417 2107 488 2129 Etiam
506 2106 623 2129 Pelbartus
640 2108 714 2135 magis
725 2107 831 2129 addictus
842 2110 876 2130 est
891 2108 983 2130 scholae

137 2154 199 2176 Scoti
216 2159 286 2182 quam
304 2154 326 2175 S.
343 2153 522 2176 Bonaventurae.

206 2201 227 2222 6.
245 2200 314 2230 Huyo
331 2200 359 2223 de
375 2199 479 2224 Sletstad
498 2200 551 2223 Ord.
578 2200 644 2228 [tlin.,
663 2200 691 2222 de
711 2206 758 2229 quo
775 2200 916 2223 Trithemtus
933 2201 940 2229 (
954 2201 982 2224 de

138 2248 295 2276 Scriptoribus
311 2248 391 2270 eccles.
409 2254 428 2270 c.
446 2248 510 2276 702)
532 2247 601 2270 dicit:
619 2248 712 2270 Natione
730 2248 885 2276 Teutonicus,
903 2250 939 2271 vir
959 2250 981 2271 in

139 2296 262 2324 Scripturis
279 2295 363 2318 divinis
380 2295 496 2318 studiosus
512 2298 535 2318 et
551 2295 655 2318 eruditus
675 2298 743 2324 atque
755 2296 777 2318 in
788 2296 981 2324 philosophorum

140 2342 266 2370 disciplinis
282 2342 376 2369 egregie
392 2341 488 2370 doctus,
506 2342 598 2370 ingenio
610 2341 701 2364 subtilis
712 2344 734 2364 et
746 2343 906 2370 quaestionum
919 2343 983 2365 scho-

128 2388 270 2411 ¹lasticorum
289 2388 416 2416 disputator
432 2389 535 2416 insignis.
561 2388 657 2416 ScrIpsit
681 2388 796 2417 quaedam
808 2407 813 2417 ,
832 2390 858 2411 ut
882 2388 978 2418 ferunt,

138 2435 256 2462 praeclara
274 2434 409 2462 volumina,
427 2434 512 2463 quibus
537 2435 636 2457 nominis
660 2435 696 2457 sui
722 2435 858 2457 memoriam
883 2436 982 2463 posteris

139 2481 246 2510 reliquit,
264 2487 276 2503 e
293 2480 379 2509 quibus
395 2483 467 2503 exstat
483 2481 647 2509 Quaestionum
664 2481 832 2503 Sententiarum
849 2481 899 2503 libri
911 2481 948 2503 lV.
960 2484 982 2504 et

139 2527 255 2556 quaedam
272 2527 321 2549 alia.
340 2527 389 2549 Fuit
406 2530 481 2549 autem
499 2527 546 2549 divi
564 2528 635 2556 patris
651 2527 825 2551 Bonaventurae
842 2528 929 2551 ordinis
946 2529 982 2551 Mi-

140 2579 223 2596 norum
240 2574 262 2595 in
279 2574 327 2596 suis
343 2573 571 2595 determinationibus
587 2577 685 2596 sectator
709 2576 731 2596 et
752 2574 864 2602 interpres
881 2575 983 2597 luculen-

141 2624 191 2649 tus,
209 2621 332 2643 enucleans
349 2627 374 2642 ea
408 2626 467 2649 quae
484 2621 506 2642 in
524 2621 634 2648 singulari
651 2621 794 2649 philosophia
812 2621 872 2643 illius
883 2621 981 2644 obscura

140 2671 163 2690 et
179 2668 266 2689 rariora
284 2666 427 2694 simplicibus
444 2666 516 2689 videri
533 2669 664 2695 potuerunt.
677 2668 878 2690 —Auctoritatem
896 2668 982 2691 Trithe-

141 2715 180 2736 mii
198 2718 298 2740 secutus,
316 2713 420 2736 eiusdem
437 2714 540 2741 Hugonis
551 2714 654 2737 meminit
670 2714 787 2737 Fabricius
804 2715 811 2744 (
821 2715 925 2739 Biblioth.
943 2717 982 2739 La-

140 2762 185 2783 tina
203 2761 292 2783 mediae
309 2763 331 2783 et
347 2760 438 2783 infimae
455 2761 533 2783 aetatis
550 2764 603 2783 tom.
619 2761 651 2783 111.
664 2767 717 2789 pag.
730 2762 775 2784 299
794 2762 830 2785 ed.
845 2763 982 2787 PatavienSIs

1805 169 1882 198 LXXI

1038 248 1114 276 wat)
1132 251 1154 271 et
1171 251 1221 276 post
1239 251 1364 277 utrumque
1382 248 1467 270 Bonelli
1486 248 1597 277 multique
1609 248 1654 270 alii.
1667 247 1732 270 lstius
1744 250 1819 269 autem
1832 247 1882 269 libri

1038 301 1079 317 nos
1096 296 1215 324 hucusque
1232 296 1320 318 nullum
1337 295 1399 318 aliud
1415 296 1539 324 vestigium
1557 295 1659 317 invenire
1677 295 1800 323 potuimus.

1130 388 1261 412 Doetrinam
1278 388 1302 412 S.
1320 388 1494 412 Beneventano
1507 387 1658 411 illustrantes
1675 387 1785 411 Auctores

1156 429 1158 431 ¹
1224 442 1252 458 ex
1270 434 1351 458 omine
1368 434 1480 458 Minox-um
1498 433 1695 458 Conventualium.

1100 528 1121 549 7.
1140 527 1225 550 Petrus
1243 527 1360 557 Cttpuleus
1378 527 1540 555 Cortonenst's,
1560 534 1572 550 a
1590 527 1659 550 Paulo
1682 527 1709 549 V.
1727 533 1763 549 an.
1785 527 1842 549 1605
1854 527 1883 549 ad

1038 573 1200 602 Episcopatum
1217 574 1326 596 ecclesiae
1343 573 1502 597 Conversanae
1518 577 1639 602 promotus
1651 572 1679 602 (ΔΓ
1691 579 1727 596 an.
1742 574 1818 602 1625),
1831 575 1884 596 scria

1039 622 1083 649 psit
1099 621 1295 644 Commentarium
1312 622 1334 643 in
1352 622 1366 643 l.
1384 625 1405 644 et
1423 621 1445 643 11.
1462 621 1523 643 Sent.
1541 621 1567 643 D.
1585 621 1771 649 Bonaventurae,
1789 622 1883 649 impres-

1038 674 1091 690 sum
1110 668 1211 690 Venetiis
1229 668 1297 690 1622.
1314 668 1373 690 Voll.
1391 668 1405 690 2
1422 669 1444 690 in
1462 668 1498 690 101.

1102 714 1123 735 8.
1141 713 1210 736 Feliae
1227 712 1341 737 Gabriele·
1358 714 1468 736 Minorum
1481 713 1672 736 Conventuatium
1685 714 1723 742 (ab
1740 720 1800 737 anno
1817 714 1882 742 1653)

1039 759 1144 787 Magister
1155 760 1281 788 Generalis,
1294 760 1378 782 deinde
1391 761 1517 788 Episcopus
1528 760 1639 783 Nursinus
1651 760 1802 789 (1659-1684)
1813 767 1818 783 z
1835 761 1884 783 Dis-

1039 806 1168 833 putationes
1186 806 1214 828 de
1231 806 1439 835 praedestinatione
1460 810 1482 830 et
1503 806 1663 835 reprobatione
1689 806 1718 829 ad
1743 810 1843 829 mentem
1861 808 1882 830 S.

1039 852 1214 875 Bonaventurae
1232 856 1254 876 et
1270 853 1340 881 Scoti,
1359 854 1445 876 Romae
1466 853 1531 881 1653,
1548 855 1570 876 10
1588 857 1679 883 quarto.

1103 900 1124 921 9.
1141 899 1275 923 Matthaeus
1292 899 1419 928 Fercltius,
1439 901 1529 923 natione
1546 901 1660 929 Dalmata,
1677 902 1787 930 magister
1800 902 1884 924 Patavi-

1040 951 1083 968 nus
1100 945 1128 974 (ΔΓ
1141 953 1177 968 an.
1194 947 1262 975 1669,
1281 953 1353 969 annos
1370 950 1436 969 natus
1453 947 1504 975 87):
1522 947 1553 970 De
1566 948 1658 975 Angelis
1675 950 1783 971 tractatus
1800 949 1885 971 theolo-

1040 992 1105 1019 gicus
1121 992 1151 1015 ad
1176 996 1276 1015 mentem
1300 993 1326 1015 D.
1351 994 1539 1021 Bonaventurae,
1557 994 1641 1016 Patavii
1661 994 1732 1022 1658,
1750 995 1774 1017 10
1790 999 1883 1024 quarto,-

1039 1040 1079 1067 qui
1096 1042 1118 1061 et
1139 1040 1181 1062 alia
1199 1039 1227 1062 de
1252 1040 1275 1062 S.
1300 1040 1460 1063 Bonaventura
1485 1041 1605 1069 scripsisse
1622 1042 1693 1063 fertur
1710 1044 1732 1064 et
1749 1042 1855 1065 laudatur
1872 1049 1883 1064 a

1039 1086 1213 1109 Bartholomaeo
1238 1086 1266 1109 de
1292 1086 1406 1109 Barberiis
1431 1086 1536 1115 (Praefat.
1559 1087 1588 1109 ad
1611 1094 1704 1110 cursum
1731 1088 1840 1117 theolog.)
1859 1092 1884 1110 nt

1042 1133 1124 1155 «solus
1140 1134 1198 1156 inter
1215 1140 1296 1156 omnes
1313 1134 1459 1157 fidelissimus
1476 1135 1697 1158 Bonaventurista».

1105 1181 1138 1203 10.
1151 1180 1287 1210 Bmzifacius
1298 1180 1326 1203 cle
1337 1181 1491 1210 Auyustinis:
1504 1182 1629 1210 Theologia
1641 1182 1663 1204 S.
1677 1183 1849 1206 Bonaventurae
1862 1185 1881 1205 in

1037 1233 1153 1249 summam
1170 1227 1269 1255 redacta,
1280 1227 1365 1249 Rornae
1377 1227 1440 1255 apud
1452 1226 1605 1250 Corbellettun
1622 1228 1686 1256 1696,
1699 1229 1721 1251 10
1739 1229 1799 1251 10110.
1812 1230 1883 1251 Huius

1037 1273 1114 1301 operis
1131 1272 1278 1295 solummodo
1296 1276 1372 1295 tomus
1389 1274 1479 1301 primus
1495 1274 1517 1295 in
1530 1274 1605 1296 lucem
1619 1274 1731 1302 prodiisse
1749 1275 1841 1297 xidetur
1852 1276 1866 1297 ¹.

1168 1365 1278 1388 Auctores
1300 1372 1328 1388 ex
1345 1365 1426 1389 Ordine
1443 1365 1556 1389 Minorum
1573 1366 1758 1397 oapuceinorum.

1102 1459 1137 1481 11.
1156 1458 1241 1481 Petrus
1260 1459 1386 1488 Triqosus,
1414 1460 1504 1482 natione
1527 1460 1652 1488 Hispanus,
1676 1460 1803 1488 discipulus
1826 1461 1883 1483 Petri

1038 1504 1103 1532 Solo,
1119 1505 1194 1532 primo
1212 1505 1329 1528 Societatis
1342 1505 1391 1528 lesu
1403 1506 1528 1534 professus,
1540 1505 1624 1528 deinde
1641 1506 1670 1528 ad
1682 1506 1722 1528 ΡΡ.
1742 1505 1884 1535 Capuccinos⁸

1039 1551 1126 1572 transiit
1142 1550 1170 1579 (†
1187 1556 1223 1573 an.
1248 1551 1319 1579 1593,
1337 1552 1416 1574 aetatis
1433 1558 1488 1574 suae
1506 1552 1553 1580 68).
1571 1552 1645 1574 Edidit
1662 1553 1751 1580 insigne.
1768 1559 1843 1581 opus:
1861 1554 1882 1575 S.

1038 1597 1212 1620 Bonaventurae
1228 1602 1272 1621 etc.
1297 1599 1393 1621 Summa
1419 1599 1559 1627 theologica,
1578 1606 1648 1628 quam
1665 1606 1693 1622 ex
1710 1600 1760 1622 eius
1777 1600 1799 1622 in
1818 1600 1884 1628 Magi-

1037 1647 1111 1667 strum
1128 1645 1295 1667 Sententiarum
1313 1646 1403 1673 scriptis
1420 1648 1525 1668 accurate
1543 1646 1634 1674 collegit
1658 1648 1680 1668 et
1696 1647 1718 1668 in
1741 1647 1802 1668 hunc
1826 1647 1885 1668 orili-

1039 1698 1091 1714 0001
1108 1692 1197 1720 redegit
1214 1693 1360 1721 copiosisque
1372 1693 1542 1715 commentariis
1553 1693 1674 1716 illustravit
1690 1693 1716 1715 ti.
1735 1693 1757 1715 P.
1770 1693 1792 1715 F.
1805 1693 1884 1716 Petrus

1038 1738 1151 1766 Trigosus
1173 1738 1199 1760 Ο.
1211 1739 1233 1760 S.
1246 1738 1268 1760 F.
1281 1738 1316 1766 C.,
1336 1741 1413 1761 tomus
1439 1739 1452 1761 l.
1478 1739 1550 1761 Partis
1573 1739 1587 1761 l.
1613 1738 1647 1761 Ad
1665 1739 1806 1762 Clementem
1830 1740 1882 1761 vul.

1038 1785 1100 1807 Pont.
1111 1785 1178 1812 Max„
1191 1785 1277 1807 Romae
1294 1785 1358 1807 1593.
1370 1797 1402 1801 —
1411 1785 1457 1807 Atia
1475 1785 1545 1807 editio
1566 1792 1596 1808 aa
1614 1786 1711 1814 mendis,
1724 1786 1809 1815 quibus
1821 1788 1884 1814 prior

1037 1830 1145 1859 scatebat,
1156 1834 1278 1859 repurgata
1297 1837 1338 1853 nec
1356 1837 1401 1853 000
1418 1831 1529 1854 elucidata
1540 1841 1560 1859 r»,
1580 1833 1636 1854 utin
1649 1833 1713 1855 titulo
1730 1832 1820 1861 (licitur,
1833 1840 1883 1861 prm<

1039 1877 1078 1900 diit
1095 1877 1201 1906 Lugduni
1223 1878 1288 1900 1616.
1306 1877 1379 1906 Typis
1395 1878 1517 1901 mandatus
1536 1881 1570 1901 est
1594 1882 1681 1901 tantum
1698 1880 1789 1907 primus
1807 1882 1883 1902 tomus

1039 1925 1127 1952 primae
1152 1925 1224 1953 partis
1249 1924 1277 1946 de
1303 1925 1349 1947 Deo
1367 1931 1423 1953 uno,
1450 1926 1471 1947 in
1490 1931 1536 1954 quo
1559 1932 1644 1953 magno
1670 1926 1788 1949 volumine
1806 1928 1827 1949 in
1846 1928 1882 1949 101.

1038 1974 1129 2000 praeter
1146 1972 1269 2000 prologum
1296 1978 1339 1994 non
1365 1972 1407 1994 nisi
1431 1973 1490 1995 circa
1508 1973 1533 1994 ‘21
1564 1972 1720 1995 distinctiones
1745 1974 1813 2001 primi
1831 1974 1882 1996 libri

1038 2018 1205 2040 Sententiarum
1224 2020 1353 2040 tractantur.
1372 2018 1455 2040 lllutato
1473 2024 1550 2040 rerum
1568 2018 1648 2041 ordine
1660 2018 1784 2048 multisque
1801 2019 1884 2042 additis

1038 2064 1087 2086 aliis
1104 2063 1277 2093 quaestionibus
1293 2064 1355 2092 sive,
1374 2067 1398 2086 ut
1415 2064 1478 2092 dicit,
1504 2063 1593 2093 dubiis,
1613 2065 1761 2088 diffusissime
1778 2068 1800 2088 et
1817 2065 1883 2088 dot-tv

1038 2112 1199 2140 interpretatur
1215 2111 1379 2139 Seraphicum,
1397 2112 1425 2133 ita
1443 2114 1468 2134 01
1485 2112 1531 2134 l‘erc
1548 2118 1642 2140 semper
1666 2119 1719 2134 eum
1737 2112 1766 2135 ad
1784 2116 1883 2135 menten:

1038 2159 1060 2180 S.
1079 2158 1182 2180 Thomae
1199 2160 1222 2180 et
1238 2158 1329 2180 scholae
1345 2158 1451 2180 eiusdem
1469 2159 1585 2187 intelligat.
1602 2171 1633 2175 —-
1649 2159 1716 2187 Quod
1734 2159 1763 2182 ad
1788 2161 1884 2188 explica-

1039 2207 1122 2229 tionem
1140 2206 1209 2234 primi
1226 2205 1276 2228 libri
1295 2206 1317 2228 S.
1335 2206 1509 2229 Bonaventurae
1525 2207 1547 2228 in
1570 2207 1669 2235 Trigoso
1686 2206 1842 2231 desideratur.
1861 2208 1881 2228 id

1038 2254 1172 2282 suppletum
1189 2256 1223 2275 est
1240 2252 1269 2275 ab
1287 2253 1330 2275 alio
1347 2252 1452 2275 eiusdem
1469 2252 1560 2275 Ordinis
1577 2253 1686 2281 alumno,
1704 2254 1743 2282 qui
1756 2255 1866 2282 sequitur.

1104 2300 1138 2322 12.
1158 2298 1294 2322 Theodorus
1310 2298 1416 2327 Forestt',
1436 2299 1607 2327 Bergomensis,
1620 2299 1711 2322 Ordinis
1727 2301 1762 2322 sui
1775 2300 1883 2322 0011011οι-

1038 2347 1155 2369 Generalis
1172 2349 1194 2369 et
1210 2347 1317 2369 Visitator
1334 2346 1488 2375 Apostolicus,
1507 2346 1599 2368 Urbano
1612 2347 1664 2369 Vlll.
1678 2347 1794 2371 familiaris
1807 2348 1834 2375 Η-
1847 2354 1883 2370 an.

1043 2393 1117 2421 1637),
1134 2393 1234 2421 scripsit:
1252 2393 1419 2420 Paraphrases,
1438 2393 1601 2415 commentaria
1626 2396 1649 2416 et
1665 2393 1831 2421 disputationes
1856 2395 1884 2416 sto

1038 2439 1097 2461 alma
1115 2442 1136 2461 et
1152 2439 1295 2461 sanctissima
1321 2438 1430 2460 Trinitate
1454 2438 1513 2460 iuxta
1532 2441 1632 2460 mentem
1650 2438 1676 2461 D.
1694 2439 1881 2467 Bonaventurae,

1038 2486 1060 2508 in
1078 2485 1164 2514 quibus
1180 2487 1271 2513 praeter
1288 2484 1420 2512 diligentem
1438 2488 1511 2507 textus
1527 2488 1549 2507 et
1566 2485 1693 2507 verborum
1710 2487 1883 2514 expositionem,

1038 2531 1169 2554 divinarum
1188 2530 1313 2553 litterarum
1331 2530 1385 2552 locis
1402 2536 1429 2552 ac
1445 2531 1483 2552 SS.
1502 2531 1593 2553 l‘atrum
1606 2532 1697 2553 assertis
1709 2534 1821 2559 perpetuo
1834 2532 1880 2553 sere

1038 2584 1091 2600 cum
1109 2577 1134 2599 D.
1152 2577 1255 2599 Thomae
1272 2582 1367 2599 assensu
1384 2577 1507 2604 Seraphim
1525 2576 1626 2599 doctrina
1639 2577 1763 2600 illustratur
1780 2580 1801 2600 ct
1818 2579 1885 2600 susti-

1038 2628 1114 2653 netur,
1132 2625 1218 2647 Romae
1230 2624 1293 2652 apud
1305 2623 1412 2646 Iacobum
1433 2624 1576 2646 Mascardum
1603 2624 1670 2652 1633,
1684 2624 1720 2646 101.
1734 2625 1793 2647 Ilaec
1810 2625 1883 2652 unis-1»,

1038 2673 1149 2700 quantum
1167 2671 1264 2698 scimus,
1283 2669 1352 2692 editio
1370 2670 1496 2692 innumeris
1512 2673 1583 2693 scatet
1599 2670 1718 2693 erroribus
1735 2672 1883 2699 typographi-

1038 2718 1078 2740 cis.
1096 2719 1181 2739 Auetor
1197 2717 1248 2738 licet
1264 2717 1292 2738 sit
1308 2716 1401 2743 doctus,
1420 2716 1501 2739 cedere
1519 2716 1588 2739 debet
1604 2717 1710 2745 Trigoso.

1103 2764 1138 2785 Ὶ13.
1156 2762 1302 2786 Franciscus
1319 2762 1437 2792 (Lemma)
1455 2769 1468 2785 a
1495 2762 1636 2789 Coriolano,
1653 2763 1771 2786 Calabriae
1792 2764 1879 2791 oppido

200 2872 216 2889 t.
227 2872 299 2890 Similia
308 2877 371 2895 opera,
382 2871 415 2890 sed
425 2871 550 2895 manuscripta
559 2873 577 2890 et
587 2877 679 2895 nunquam
689 2873 738 2897 typis
747 2874 821 2896 tradita,
831 2875 885 2898 plura
893 2875 982 2898 existunt,

141 2910 191 2929 Inter
203 2911 239 2929 alia
252 2916 262 2929 a
276 2911 364 2929 Sbaralea
374 2911 392 2929 10
405 2911 470 2934 Suppl.
484 2910 570 2929 laudatur
579 2911 645 2929 Petrus
658 2911 727 2930 Paulus
736 2912 826 2935 Cat-nata,
841 2913 982 2935 Navarrtensis,

141 2949 187 2967 Min.
201 2949 301 2970 Conveni..
316 2950 368 2968 cuius
381 2949 518 2968 Commentaria
532 2949 550 2977 10
563 2951 642 2973 quatuor
651 2950 708 2969 libros
721 2951 860 2970 Sententiarum
869 2952 919 2971 iuxta
932 2957 984 2972 men-

1039 2878 1077 2895 tem
1089 2876 1108 2894 S.
1123 2875 1265 2894 Bonarenturae
1279 2875 1327 2892 inter
1339 2879 1398 2892 annos
1414 2874 1513 2892 titos-taos
1522 2874 1591 2897 scripta
1605 2877 1724 2893 asset-tantur
1738 2875 1756 2893 10
1770 2875 1881 2894 bibliothern

1038 2914 1087 2933 sacri
1099 2915 1201 2933 conventus
1216 2913 1333 2931 assisiensis.
