2253 3317
24 1316 25 1319 *
46 1330 77 1357 lid
92 1335 150 1355 oppo-

35 1356 97 1373 situm.

811 85 894 113 DIST.
917 85 948 113 X.
969 85 1041 113 ART.
1064 84 1082 112 l.
1104 84 1239 121 QUAEST.
1262 85 1280 113 1.
1867 89 1918 116 195

168 161 279 190 videtur
301 169 399 198 sapere
417 169 543 190 amorem
564 162 756 191 libidinosum:
778 170 845 199 ergo
866 163 889 192 si
915 163 942 191 iu
957 163 1014 191 Deo

167 210 209 236 est
222 215 333 236 summa
347 208 457 236 dilectio
471 210 499 236 et
512 215 623 237 summa
637 209 782 238 delectatio
797 211 824 238 et
838 209 845 222 ¹
862 209 1014 243 beatitudo,

167 261 222 282 non
242 257 285 283 est
304 253 341 282 ibi
362 262 494 291 persona,
515 262 587 291 quae
609 257 708 283 mutuo
736 264 791 284 non
812 258 938 289 ametur,
965 255 1011 284 sed

167 300 211 329 cui
232 308 312 329 amor
331 304 448 329 mutuus
469 301 706 336 communicetur:
728 302 777 330 sed
799 302 1013 331 communicatio

167 347 270 376 amoris
291 348 382 376 mutui
402 350 444 376 est
464 355 515 384 per
536 347 746 377 liberalitatem:
769 356 820 385 ego
840 351 892 377 etc.

246 395 272 422 2.
293 394 373 428 Item,
401 394 429 422 in
457 394 500 422 his
528 394 708 423 inferioribus
736 395 843 431 duplex
872 394 1013 423 invenitur

166 440 268 469 modus
288 440 457 477 procedendi
470 440 479 453 ²
500 440 613 474 nobilis,
635 440 739 469 scilicet
760 449 810 478 per
831 441 948 470 modum
969 449 1014 469 na-

168 490 247 515 turae
268 490 295 516 et
315 495 366 524 per
382 487 498 515 modum
513 486 676 515 voluntatis:
698 487 790 524 primo
804 488 888 516 modo
903 490 1014 516 emanat

167 533 250 562 Filius
271 533 400 568 a7Patre,
422 533 544 562 secundo
566 533 649 562 modo
671 533 776 562 donum
797 542 813 562 a
834 534 942 565 datore:
965 533 1013 562 sed

166 588 248 609 omne
268 581 344 617 quod
364 580 515 609 nobilitatis
536 582 578 609 est
599 580 627 608 in
645 583 783 615 creatura,
805 583 847 609 est
861 580 1014 617 attribuen-

167 627 236 656 dum
256 627 324 656 Deo:
347 634 414 663 ergo
435 629 486 655 etc.

245 674 270 702 3.
292 674 373 708 Item,
395 673 423 701 in
444 673 501 702 Deo
522 675 564 702 est
578 681 682 711 ponere
696 676 827 702 naturam
846 676 873 702 et
889 673 1014 701 voluuta-

165 725 233 754 tem,
247 723 275 750 et
289 720 360 749 sicut
380 722 511 748 naturam
524 720 634 757 perficit
648 720 815 755 fecunditas,
834 720 872 748 ita
889 720 1013 748 volunta-

164 771 221 797 tem
232 775 343 797 summa
354 766 518 801 liberalitas3
531 767 580 795 sed
590 769 691 795 natura
702 767 825 804 perfecta
835 766 1012 800 fecunditate,

164 814 294 852 producit
307 821 427 851 persona
440 813 524 841 aliam
545 821 705 850 personam:
728 821 795 850 ergo
813 813 874 850 pari
896 813 1011 846 ratione,

164 861 307 890 voluntate
317 860 439 897 perfecta
450 859 624 894 liberalitate,
636 860 766 897 producit
776 867 895 897 persona
904 859 913 872 ³
928 859 1012 887 aliam

164 915 327 945 personam:
350 909 377 935 et
397 906 436 935 sic
457 909 509 935 etc.

243 955 271 983 [1.
291 954 370 987 Item,
391 960 488 981 omnes
509 955 654 981 creaturae
675 960 692 980 a
711 953 768 981 Deo
788 952 945 989 procedunt
959 959 1010 989 per

165 1000 364 1038 cognitionem,
385 1001 412 1028 et
434 999 621 1033 voluntatem3
650 998 699 1027 sed
724 1001 787 1027 ante
814 1002 1011 1027 creaturarum

164 1047 375 1086 productionem
404 1054 507 1083 ponere
535 1046 587 1074 fuit
615 1046 643 1074 in
678 1045 780 1074 divinis
807 1045 1010 1074 emanationem

164 1093 248 1124 Verbi
268 1094 304 1122 ab
324 1096 450 1127 aeterno,
471 1093 498 1121 in
517 1100 573 1129 quo
593 1092 673 1121 Pater
694 1092 787 1120 omnia
808 1092 901 1121 fienda
922 1092 1012 1129 dispo-

165 1140 251 1170 suit⁴:
273 1147 339 1177 ergo
360 1139 420 1177 pari
441 1139 548 1168 ratione
569 1146 682 1167 necesse
703 1139 755 1167 fuit
769 1146 900 1167 emanare
917 1146 1011 1176 perso-

163 1196 242 1222 nam,
263 1187 291 1215 in
312 1194 368 1223 qua
387 1185 480 1214 omnia
494 1185 582 1214 vellet'
603 1188 630 1214 et
647 1185 778 1218 donaret;
803 1185 852 1214 sed
872 1185 935 1214 talis
949 1193 1011 1222 pro-

164 1234 237 1263 cedit
257 1241 308 1271 per
328 1233 443 1261 modum
466 1231 651 1261 liberalitatis:
674 1240 741 1268 ergo
762 1234 812 1260 etc.

241 1280 367 1309 CONTRA:
392 1280 416 1307 1.
436 1279 495 1307 Non
522 1281 563 1307 est
584 1278 684 1307 similis
708 1278 810 1306 modus
839 1278 1009 1315 procedendi

162 1327 221 1356 sive
240 1326 383 1355 exeundi⁵
397 1326 425 1354 in
446 1325 583 1355 creaturis
597 1328 728 1363 respectu
752 1325 802 1354 Dei
827 1325 895 1354 etin
917 1333 1010 1362 perso-

162 1373 218 1408 nis;
232 1381 296 1401 nam
319 1375 464 1401 creaturae
488 1374 553 1400 sunt
573 1371 762 1406 extrinsecus,
782 1379 918 1408 personae
942 1379 1009 1400 vero

163 1420 191 1448 in
211 1419 331 1448 essentia
350 1426 452 1452 unum;
468 1418 516 1447 sed
538 1418 631 1446 exitus
646 1420 841 1446 creaturarum
862 1425 879 1445 a
893 1418 950 1446 Deo
968 1421 1010 1446 est

162 1473 213 1502 per
233 1465 349 1494 modum
370 1464 555 1493 liberalitatis:
571 1472 637 1501 ergo
659 1472 714 1492 non
735 1466 777 1492 est
791 1471 895 1501 ponere
916 1472 1010 1501 perso-

162 1520 226 1541 nam
248 1512 300 1541 hoc
321 1511 404 1540 modo
424 1511 585 1548 procedere.

240 1559 266 1586 2.
288 1558 368 1592 Item,
383 1557 480 1586 exiens
495 1565 545 1594 per
559 1557 676 1585 modum
690 1556 842 1585 voluntatis
865 1556 901 1585 ab
914 1556 1009 1593 aliquo

160 1613 216 1633 non
236 1604 407 1633 assimilatur
429 1604 456 1632 111
479 1603 634 1632 substantia
648 1603 827 1640 producenti,
845 1611 895 1631 nec
909 1611 1009 1640 aequa-

161 1653 216 1685 tur,
237 1658 287 1679 nec
308 1650 464 1679 necessario
484 1650 664 1687 producitur:
686 1650 735 1678 sed
756 1657 888 1687 persona,
904 1649 927 1678 si
948 1658 1009 1687 pro-

161 1697 233 1726 cedit
253 1696 282 1724 in
303 1696 419 1731 divinis,
440 1696 523 1725 estin
546 1696 701 1725 substantia
726 1696 824 1724 similis
851 1699 878 1725 et
893 1696 921 1725 in
935 1700 1008 1734 pote-

160 1746 230 1772 state
251 1743 375 1780 aequalis
396 1751 447 1771 nec
467 1746 565 1780 potens
586 1750 615 1771 se
633 1742 713 1771 aliter
734 1742 852 1771 habere:
874 1751 941 1780 ergo
956 1746 1006 1772 etc.

239 1789 265 1818 3.
282 1790 361 1824 Item,
376 1790 403 1818 in
424 1789 468 1818 his
483 1789 662 1818 inferioribus
683 1797 737 1817 non
752 1792 861 1817 tantum
876 1792 941 1818 sunt
955 1789 1007 1818 ista

159 1836 296 1874 principia
316 1836 431 1870 nobilia,
453 1836 558 1864 scilicet
578 1838 680 1864 natura
700 1839 727 1864 et
748 1836 885 1870 voluntas,
907 1844 1006 1865 verum

159 1884 243 1913 etiam
257 1883 328 1912 ratio
342 1883 400 1912 sive
414 1890 533 1920 operans
544 1890 595 1919 per
609 1885 698 1911 artem
707 1882 730 1910 ⁶:
746 1890 812 1919 ergo
827 1883 848 1912 si
864 1886 1006 1920 ponuntur

159 1931 232 1960 duae
252 1937 388 1967 personae
409 1930 452 1958 his
472 1929 584 1958 duobus
605 1929 695 1958 modis
715 1930 906 1966 procedentes,
924 1930 1007 1960 debet

159 1977 224 2015 poni
245 1976 341 2011 tertia,
363 1984 435 2013 quae
450 1976 531 2005 tertio
552 1976 636 2004 modo
650 1976 783 2013 procedat
790 1987 797 2011 ;
818 1977 867 2005 sed
889 1977 936 2005 illa
950 1985 1004 2005 non

158 2023 283 2061 ponitur:
305 2030 372 2060 ergo
399 2030 450 2051 nec
471 2030 521 2059 per
545 2022 661 2051 modum
687 2022 837 2051 voluntatis
865 2024 1005 2060 ponetur⁷

158 2070 252 2107 aliqua
272 2070 333 2107 pari
355 2069 469 2098 ratione.

221 2186 229 2201 ¹
247 2186 311 2215 Vat.‚
329 2186 493 2209 reluctantibus
507 2186 672 2209 vetustioribus
684 2192 746 2215 mss¹⁷
758 2188 840 2216 repetit
852 2188 888 2210 hic
902 2193 1005 2211 summa.

158 2226 208 2248 Mox
228 2226 339 2248 maiorem
365 2231 419 2247 mss.
446 2228 534 2253 partem
560 2228 585 2247 ut
609 2225 875 2248 ACDGKLORSUV
888 2227 976 2249 WXY
988 2227 1004 2248 Z

158 2265 236 2292 secuti,
253 2270 296 2292 pro
311 2269 354 2287 nec
370 2263 411 2287 cui
425 2269 496 2286 amor
511 2264 611 2287 mutuus
621 2270 670 2287 non.
683 2264 871 2288 communicetur
887 2265 1005 2288 substitui-

158 2308 211 2325 mus
225 2302 267 2325 sect
282 2301 322 2325 cui
337 2307 407 2325 amor
423 2302 522 2325 mutuus
538 2302 741 2331 communicetur,
759 2309 805 2332 quo
826 2305 936 2326 sententia
962 2304 1004 2326 Do-

157 2341 226 2363 ctoris
242 2341 368 2363 distinctior
384 2341 526 2368 exprimitur,
543 2341 561 2362 si
579 2341 674 2369 supples
699 2344 752 2369 post
767 2341 824 2364 sed:
849 2345 884 2364 est
905 2348 1003 2370 persona

157 2380 204 2402 scil.
221 2379 319 2407 Spiritus
335 2379 357 2401 S.
375 2378 434 2401 Vide
450 2379 506 2401 infra
524 2385 546 2407 q.
560 2379 580 2407 3,
593 2382 615 2402 et
631 2386 650 2401 a.
669 2375 692 2402 2.'
703 2387 726 2408 q.
744 2381 764 2403 2.
782 2380 823 2402 Alii
835 2381 902 2403 codd.
915 2384 1005 2409 ponunt

157 2419 207 2441 loco
222 2417 264 2441 sed.
279 2418 316 2440 vel
332 2419 354 2441 et
371 2420 395 2440 ut
410 2417 478 2440 codd.
496 2418 618 2446 FHPQT,
640 2419 675 2441 vel
693 2421 718 2441 ut
734 2419 785 2441 cod.
811 2420 829 2441 ff
850 2419 905 2448 sive,
925 2421 961 2442 vel
979 2422 1004 2442 ut

157 2456 208 2479 cod.
225 2462 252 2478 cc
267 2455 308 2479 sed
323 2457 359 2484 et,
376 2456 412 2478 ed.
432 2456 440 2478 1
462 2459 538 2478 autem
555 2455 581 2479 id
597 2457 637 2479 est.

219 2494 229 2508 ²
245 2494 268 2516 ln
285 2494 336 2516 Vat.
353 2497 375 2516 et
390 2494 442 2516 cod.
460 2500 500 2522 cc,
518 2494 687 2523 antiquioribus
703 2501 758 2518 mss.
776 2498 798 2518 et
814 2496 850 2518 ed.
869 2496 877 2518 1
906 2497 1002 2519 reniten-

157 2533 232 2561 tibus,
249 2532 409 2562 producendi,
428 2533 470 2555 sed
486 2533 563 2555 minus
579 2534 728 2556 cohaerenter
744 2541 798 2557 cum
818 2535 935 2557 subnexis.
952 2536 1002 2557 Mox

156 2571 207 2593 cod.
226 2571 244 2593 T
260 2571 365 2600 procedit
381 2571 430 2593 loco
447 2572 550 2594 emanat.

217 2608 228 2624 ³
244 2609 299 2631 Fide
314 2610 467 2632 vetustiorum
488 2616 542 2632 mss.
570 2612 593 2632 et
616 2610 652 2632 ed.
681 2611 687 2633 l
716 2612 858 2634 restituimus
882 2618 927 2634 non
948 2616 1001 2640 apte

107 2651 112 2656 ·
155 2648 269 2671 omissum
284 2654 395 2677 persona.

218 2686 227 2701 ⁴
243 2687 352 2715 August.,
370 2687 472 2709 Enarrat.
489 2688 511 2709 in
529 2688 611 2710 Psalm.
629 2689 666 2711 61.
684 2696 705 2711 n.
724 2690 760 2711 18.
777 2696 825 2718 seq.
838 2690 896 2712 Vide
907 2690 965 2713 infra
977 2690 999 2712 d.

156 2726 192 2749 27.
210 2732 232 2754 p.
250 2725 274 2748 ll.
291 2732 313 2754 q.
332 2726 353 2748 2.
369 2737 400 2742 -—
417 2726 486 2748 Paulo
502 2729 554 2749 ante
571 2727 622 2749 cod.
640 2727 658 2749 Ο
674 2734 766 2751 necesse
781 2728 829 2758 fuit
846 2732 932 2757 ponere
958 2736 1000 2757 pro

152 2770 242 2794 ponere
257 2764 310 2795 suit.

217 2803 227 2818 Β
243 2804 272 2826 lta
290 2805 337 2826 sere
354 2810 435 2826 omnes
451 2803 518 2826 codd.
536 2810 590 2826 cum
607 2804 643 2827 ed.
663 2805 687 2833 l,
713 2805 770 2828 dum
795 2806 845 2828 Vat.
868 2812 921 2829 cum
947 2807 998 2829 cod.

154 2847 181 2863 cc
197 2841 344 2864 solummodo
362 2842 426 2870 ponit
439 2841 587 2871 producendi
596 2844 682 2865 omisso
693 2843 741 2867 sive
749 2844 858 2867 emeandi.
869 2845 918 2868 Mox
930 2845 997 2868 codd.

1148 163 1174 191 [ι.
1197 163 1277 197 Item,
1292 166 1396 200 quanto
1411 164 1541 201 pluribus
1556 165 1780 193 communicatur
1798 165 1919 200 dilectio,

1070 211 1146 237 tanto
1167 209 1323 246 perfectior,
1345 210 1411 247 quia
1431 218 1513 239 omne
1535 211 1640 239 bonum
1659 211 1686 239 in
1708 219 1856 240 commune
1875 212 1920 240 de-

1070 255 1187 284 ductum
1202 256 1329 293 pulcrius
1346 256 1488 285 elucescit:
1504 264 1571 293 ergo
1584 265 1639 285 non
1654 257 1746 286 solum
1760 260 1801 286 est
1815 265 1919 294 ponere

1070 301 1181 329 tertiam
1196 309 1354 338 personam,
1365 302 1410 330 cui
1424 310 1503 331 amor
1518 303 1740 332 communicetur
1751 303 1890 332 secundae
1899 302 1918 338 ⁸,

1071 347 1119 376 sed
1134 348 1218 376 etiam
1229 351 1368 385 quartam,
1383 349 1427 377 cui
1442 357 1522 377 amor
1533 350 1755 379 conuuunicetur
1766 350 1877 385 tertiae;
1892 353 1919 378 et

1071 393 1110 422 sic
1125 394 1153 422 in
1173 394 1327 428 infinitum3
1342 395 1391 423 sed
1411 395 1463 424 hoc
1478 398 1520 424 est
1534 396 1705 433 impossibile
1720 397 1747 425 in
1763 396 1872 431 divinis,
1887 399 1919 425 ut

1069 442 1212 469 ostensum
1233 444 1275 470 est
1296 442 1416 479 supra9:
1439 450 1505 480 ergo
1526 446 1568 472 est
1589 446 1663 472 stare
1692 444 1720 472 in
1748 444 1840 481 prima
1857 451 1918 481 per-

1069 494 1137 515 sona
1151 488 1334 524 producente:
1351 496 1417 526 ergo
1438 497 1493 518 non
1508 493 1551 518 est
1564 498 1684 528 persona
1698 491 1853 527 procedens
1867 498 1917 527 per

1070 534 1186 562 modum
1207 534 1390 564 liberalitatis.

1390 636 1600 658 CONCLUSIO.

1126 720 1161 747 ln
1182 720 1291 749 (livinis
1307 729 1362 758 per
1383 722 1501 750 modam
1524 721 1709 751 liberalitatis
1726 723 1858 760 procedit

1181 767 1268 796 tertia
1286 776 1429 804 persona,
1452 777 1526 806 quae
1547 769 1657 797 (licitur
1678 770 1803 798 Donum.

1148 859 1320 889 Rssspoxnsso:
1350 860 1518 896 Dicendum,
1547 862 1636 898 quod,
1669 862 1740 891 sicut
1766 863 1916 899 probatum

1068 908 1111 933 est
1123 905 1151 939 ²⁰,
1173 905 1200 934 in
1223 906 1324 936 divinis
1345 910 1387 936 est
1407 915 1510 944 ponere
1532 908 1641 937 tertiam
1661 916 1809 946 personam
1824 917 1918 946 proce·
1929 926 2034 945 Commio,

1068 951 1179 980 dentem
1195 960 1245 990 per
1260 953 1376 982 modum
1391 954 1577 990 liberalitatis,
1593 963 1664 992 quae
1680 956 1781 985 dicitur
1796 956 1915 985 Donum.

1068 998 1100 1026 Et
1114 999 1184 1027 ratio
1199 999 1284 1028 huius
1298 1003 1340 1029 est
1354 1001 1486 1037 perfectio
1501 1001 1675 1036 dilectionis,
1690 1003 1823 1039 perfectio
1841 1012 1916 1032 ema·
1928 1019 2003 1043 Triplex
2016 1025 2045 1038 m-

1067 1045 1196 1073 'nationis
1217 1049 1244 1075 et
1258 1047 1390 1083 perfectio
1405 1047 1577 1082 voluntatis,
1593 1057 1648 1085 qua
1663 1049 1799 1078 existente
1813 1050 1833 1063 ¹¹
1850 1050 1916 1078 libe-

1066 1091 1218 1126 ralissima,
1240 1100 1294 1121 non
1309 1095 1400 1130 potest
1420 1102 1475 1122 non
1490 1094 1646 1131 producere
1667 1103 1828 1132 personam:
1844 1096 1916 1125 sicut

1066 1141 1180 1174 natura,
1201 1139 1338 1168 existente
1360 1140 1573 1175 fecundissima,
1595 1150 1649 1170 non
1673 1145 1764 1179 potest
1785 1151 1840 1171 non
1854 1151 1916 1180 pro·

1066 1185 1170 1214 ducere
1197 1193 1359 1222 personam:
1381 1190 1408 1215 et
1436 1187 1504 1216 haec
1532 1190 1574 1216 est
1600 1189 1669 1217 ratio
1694 1189 1809 1226 propria
1829 1190 1915 1218 huius

1066 1231 1257 1261 emanationis.

1147 1279 1171 1306 vl.
1191 1279 1230 1307 Ad
1251 1279 1321 1308 illud
1343 1280 1419 1316 quod
1440 1280 1570 1309 obiicitur
1589 1281 1616 1309 in
1638 1282 1819 1315 contrarium,
1838 1283 1912 1320 quod
1942 1298 2013 1324 3911210
2022 1303 2054 1321 0st

1066 1327 1211 1353 creaturae
1225 1329 1356 1354 emanant
1367 1334 1417 1363 per
1429 1327 1545 1355 modum
1556 1327 1740 1362 liberalitatis:
1753 1329 1912 1364 dicendum,
1921 1323 2029 1344 ¹³⁰⁵¹²⁰¹¹¹¹¹¹'

1065 1372 1141 1408 quod
1162 1380 1213 1408 per
1228 1372 1343 1401 modum
1358 1373 1533 1402 liberalitatis
1547 1382 1677 1403 emanare
1692 1378 1734 1404 est
1748 1376 1912 1413 dupliciter:

1065 1420 1114 1446 aut
1135 1418 1207 1447 sicut
1227 1418 1362 1453 volitum,
1379 1422 1427 1448 aut
1448 1420 1520 1449 sicut
1541 1420 1621 1449 ratio
1638 1421 1765 1455 volendi,
1788 1422 1846 1451 sive
1865 1426 1914 1451 aut

1066 1465 1138 1493 sicut
1152 1465 1287 1494 donatum
1300 1466 1330 1501 ¹²,
1345 1469 1394 1495 aut
1409 1467 1480 1496 sicut
1495 1467 1565 1496 ratio
1580 1467 1709 1497 donandi.
1725 1468 1817 1497 Primo
1831 1470 1914 1499 modo

1065 1515 1195 1540 emanant
1215 1515 1374 1547 creaturae,
1396 1521 1468 1550 quae
1487 1516 1552 1542 sunt
1566 1517 1660 1549 extra3
1683 1515 1806 1544 secundo
1830 1516 1914 1544 modo

1064 1560 1175 1586 emanat
1190 1558 1271 1587 tertia
1286 1559 1313 1587 in
1330 1559 1463 1588 Trinitate
1478 1568 1610 1597 persona,
1625 1561 1691 1598 quia
1707 1562 1777 1590 ratio
1803 1562 1913 1591 volendi

1064 1606 1092 1632 et
1113 1603 1232 1633 donandi
1255 1608 1298 1634 est
1319 1606 1468 1635 intrinseca
1489 1607 1706 1644 perfectissimae
1728 1609 1873 1637 voluntati.

1143 1653 1169 1680 ⁹2.
1191 1652 1230 1680 Ad
1252 1652 1321 1681 illud
1342 1653 1417 1689 quod
1438 1654 1583 1688 obiicitur,
1605 1656 1680 1692 quod
1706 1656 1835 1684 voluntas
1856 1664 1911 1684 non

1064 1701 1105 1726 est
1118 1698 1136 1712 ¹³
1156 1699 1325 1736 principium
1340 1700 1497 1729 assimilans
1515 1709 1565 1730 nec
1590 1702 1746 1730 necessario
1765 1710 1910 1737 emanans;

1063 1744 1228 1779 dicendum,
1250 1746 1324 1782 quod
1347 1746 1475 1775 voluntas
1496 1747 1554 1776 sive
1579 1748 1733 1777 liberalitas
1761 1749 1910 1786 dupliciter

1063 1793 1105 1820 est
1125 1791 1308 1829 principium:
1330 1801 1390 1821 11110
1410 1794 1494 1822 modo
1515 1794 1677 1823 distinctum
1699 1795 1726 1823 in
1746 1798 1861 1830 natura,
1883 1798 2050 1837 0111111111..-

1929 1834 2050 1881 ..datast

1063 1837 1102 1866 sic
1123 1846 1177 1865 non
1198 1838 1332 1867 assimilat
1360 1839 1388 1867 in
1416 1840 1583 1876 substantia:
1614 1841 1673 1870 alio
1702 1842 1785 1870 modo
1817 1850 1912 1871 conco-

1062 1884 1177 1913 mitante
1185 1884 1203 1899 ¹⁴
1227 1888 1340 1918 natura,
1366 1889 1393 1915 et
1407 1887 1446 1916 sic
1461 1887 1488 1915 in
1506 1887 1661 1917 substantia
1678 1889 1820 1917 assimilat.
1840 1890 1911 1926 Quo-

1062 1930 1136 1958 niam
1157 1931 1242 1967 igitur
1263 1940 1382 1969 persona
1404 1933 1443 1962 sic
1457 1934 1582 1971 procedit
1602 1942 1653 1972 per
1674 1935 1789 1963 modum
1811 1935 1909 1964 libera-

1061 1977 1158 2012 litatis,
1179 1981 1210 2006 ut
1231 1981 1324 2007 tamen
1339 1980 1540 2009 concomitetur
1561 1984 1673 2009 natura:
1689 1982 1752 2010 ideo
1767 1982 1866 2011 similis
1881 1982 1908 2011 in

1061 2024 1228 2059 substantia,
1249 2026 1378 2062 quamvis
1399 2027 1457 2063 ipse
1478 2027 1579 2056 modus
1606 2028 1774 2065 procedendi
1796 2037 1850 2057 non
1873 2029 1909 2058 sit

1060 2078 1111 2108 per
1132 2071 1247 2100 modum
1270 2072 1383 2107 similis;
1405 2076 1432 2102 et
1453 2074 1492 2103 sic
1513 2077 1589 2111 patet
1609 2074 1687 2103 illud.

1061 2195 1088 2211 aa
1106 2188 1138 2211 bb
1155 2192 1208 2217 post
1225 2188 1373 2213 liberalitatis
1390 2190 1478 2213 addunt
1495 2190 1530 2214 vel
1548 2191 1676 2215 voluntatis
1693 2194 1715 2214 et
1731 2192 1782 2215 cod.
1795 2193 1814 2215 Y
1826 2194 1848 2215 in
1861 2193 1906 2216 tine

1061 2228 1191 2255 argumenti
1209 2229 1273 2255 pouit
1287 2228 1451 2257 procedentem
1468 2230 1518 2251 loco
1531 2229 1666 2259 procedere.

1122 2266 1132 2280 ⁶
1149 2266 1207 2289 Vide
1224 2267 1325 2295 Aristot,
1350 2268 1388 2290 lX.
1414 2268 1510 2296 Metapli.
1537 2271 1588 2291 text.
1617 2269 1651 2291 iO.
1675 2272 1697 2292 et
1721 2270 1766 2292 Xll.
1793 2272 1844 2293 text.
1872 2271 1907 2293 13.

1060 2304 1123 2332 (Vlll.
1142 2311 1161 2327 c.
1179 2305 1200 2327 5.
1218 2308 1240 2328 et
1257 2306 1293 2328 xl.
1313 2312 1332 2328 c.
1351 2306 1389 2335 3.).

1122 2344 1132 2358 7
1149 2344 1211 2372 Vat.,
1230 2345 1335 2372 plurimis
1352 2351 1406 2367 mss.
1424 2349 1444 2368 et
1462 2346 1498 2368 ed.
1521 2347 1526 2368 l
1548 2347 1730 2376 refragantibus,
1745 2347 1849 2377 ponitur.

1121 2382 1131 2397 ⁸
1148 2383 1188 2405 Ed.
1209 2384 1215 2405 l
1233 2383 1328 2412 primae
1345 2385 1367 2406 et
1382 2384 1508 2407 secundae.

1122 2422 1132 2436 ⁹
1147 2422 1201 2444 Dist.
1220 2422 1241 2444 7.
1260 2429 1281 2451 q.
1301 2424 1321 2444 2.
1339 2423 1441 2445 fundam.
1460 2424 1553 2452 penult.y
1571 2426 1593 2446 et
1610 2424 1632 2447 d.
1651 2425 1672 2447 2.
1690 2432 1712 2454 q.
1731 2426 1751 2447 3.

1122 2460 1141 2474 ¹⁰
1158 2461 1198 2482 l-lic
1216 2462 1237 2482 in
1255 2461 1357 2483 tundam.
1375 2464 1397 2483 et
1414 2461 1436 2483 d.
1455 2462 1476 2484 2.
1493 2468 1515 2490 q.
1535 2462 1555 2484 4.

1122 2498 1138 2512 ¹¹
1157 2498 1213 2521 Cod.
1231 2499 1249 2521 U
1266 2498 1322 2528 quia
1339 2499 1459 2522 voluntate
1476 2499 1595 2523 existente.

1121 2537 1139 2551 ¹²
1156 2537 1206 2559 Vnt.
1224 2544 1277 2559 cum
1295 2538 1345 2560 cod.
1364 2544 1389 2560 cc
1407 2538 1501 2567 clatum,
1519 2539 1560 2561 sed
1578 2542 1656 2561 contra
1673 2541 1813 2569 antiquiores
1836 2542 1904 2565 codd.

1057 2578 1079 2597 et
1095 2575 1131 2597 ed.
1152 2576 1175 2603 l,
1192 2577 1232 2604 qui
1248 2579 1271 2599 et
1287 2577 1372 2598 omisso
1389 2578 1464 2605 primo
1482 2578 1524 2600 aut
1542 2584 1584 2605 pro
1601 2579 1703 2601 secundo
1726 2583 1816 2607 ponunt
1837 2580 1905 2610 sive,-

1057 2618 1079 2636 at
1095 2616 1244 2642 grammatice
1261 2621 1306 2637 non
1324 2616 1353 2638 ita
1370 2615 1436 2638 bene.
1726 2631 1729 2633 -

1120 2653 1139 2667 ¹³
1157 2654 1217 2675 Multi
1234 2654 1302 2676 codd.
1321 2657 1345 2676 ut
1362 2655 1470 2677 AEDIS
1481 2655 1499 2677 T
1510 2655 1565 2677 WZ
1581 2658 1623 2678 etc.
1647 2662 1700 2678 cum
1725 2657 1760 2679 ed.
1781 2658 1789 2679 l
1817 2657 1901 2687 habet,

1056 2692 1097 2714 sed
1114 2698 1168 2714 cum
1185 2692 1293 2715 subnexis
1310 2694 1386 2715 minus
1403 2695 1557 2716 cohaerenter.

1120 2730 1138 2745 ¹⁴
1155 2731 1307 2753 Praescrimus
1324 2732 1444 2755 lectionem
1462 2733 1562 2761 plurium
1581 2740 1635 2756 mss.
1648 2737 1673 2756 ut
1689 2734 1761 2756 RXY
1778 2739 1800 2757 et
1817 2736 1853 2758 ed.
1875 2737 1880 2758 l
1895 2755 1901 2764 ,

1056 2769 1095 2797 qui
1112 2769 1162 2791 1060
1178 2775 1233 2791 cum
1254 2770 1443 2793 communicante
1467 2771 1546 2799 legunt
1570 2772 1753 2800 concomitante,
1782 2773 1838 2795 dum
1864 2775 1901 2796 alii

1056 2810 1081 2829 ut
1096 2807 1210 2830 CLOTU
1229 2808 1312 2830 liabent
1324 2808 1456 2837 comitante,
1471 2810 1507 2832 alii
1520 2813 1543 2832 ut
1555 2810 1634 2832 FGHl
1647 2813 1688 2833 etc.
1705 2812 1900 2835 communicante.

1055 2846 1101 2868 Hac
1118 2846 1147 2868 de
1164 2852 1189 2868 re
1205 2847 1259 2869 vide
1275 2853 1346 2875 supra
1363 2848 1385 2870 d.
1405 2849 1426 2870 ὓ.
1444 2855 1465 2877 q.
1484 2849 1505 2871 2.
1522 2852 1544 2871 ct
1562 2849 1582 2871 3.
1595 2849 1680 2872 Eadem
1692 2850 1814 2873 lectionum
1826 2851 1900 2875 diver-
