2253 3317
202 1369 232 1387 Ad
245 1368 320 1392 opposi-

238 1393 283 1410 tum.

332 98 365 126 31·
373 100 387 125 (ἱ

1009 97 1211 126 SENTENTitR
1217 98 1260 127 tui
1283 99 1343 126 hin.
1365 99 1381 126 l.

1067 249 1354 285 scHOLION.

394 385 407 406 l.
426 384 447 405 ln
466 384 611 405 conclusione
628 390 709 406 omncs
726 385 872 406 conveniunt.
891 384 935 406 soal
948 385 1007 406 circa
1020 385 1042 406 S.
1055 385 1176 413 Augustini

331 423 490 451 probationem
506 425 528 444 et
539 423 598 444 circa
612 423 772 445 sutilcientiam
790 422 949 445 membrorum
966 422 1098 451 divisionis,
1117 430 1176 452 quac

330 463 407 490 ponit,
426 461 510 488 duplex
527 462 622 484 atl'ertur
637 462 756 490 expositio.
774 461 864 489 Prima,
883 468 942 490 quac
959 464 994 484 est
1009 462 1130 484 Alexandri
1155 464 1177 484 et

330 499 429 525 Alberti,
449 500 470 521 S.
489 500 579 521 Doctori
598 506 642 521 nun
660 499 786 528 probatur;
804 500 930 522 secundam
947 502 969 522 et
986 500 1105 523 meliorem
1123 506 1176 523 cum

330 539 380 566 ipso
398 538 511 566 approbat
527 539 595 561 ctiam
614 540 635 560 S.
654 539 784 566 'l‘hom.‚S.
802 539 816 561 l.
835 545 857 568 q.
876 538 911 561 42.
930 545 949 562 a.
969 540 989 561 11.
1007 539 1037 562 ad
1056 540 1076 561 l.
1090 539 1117 562 Ut
1129 539 1176 562 sun-

329 577 436 600 damenta
453 578 541 605 primae
559 578 673 606 opinionis
689 578 772 600 melius
788 579 971 607 peispiciantur‚
994 579 1050 601 haec
1070 585 1098 601 ex
1114 579 1176 601 Alex.

329 616 377 637 llal.
391 616 442 643 (loc.
454 616 511 638 intra
524 616 570 644 cit.)
582 616 716 639 referimus:
737 625 747 636 «z
758 617 888 646 Aequalitas
904 617 998 645 respicit
1013 618 1176 646 quantitatem,

329 655 378 677 six'c
396 655 459 683 quod
477 661 518 683 per
535 655 631 678 modum
649 657 780 684 quantitatis
796 657 907 684 signatur.
925 656 1005 678 Omnis
1016 658 1093 678 autem
1107 662 1177 685 quan-

329 695 380 716 titas
397 697 434 716 aut
452 698 486 716 est
503 700 639 717 mensurans
657 696 729 722 intra,
747 697 787 717 ant.
802 698 877 717 extra:
894 696 911 717 si
929 695 1002 723 intra,
1028 698 1066 717 aut
1083 697 1115 717 est
1133 696 1177 717 vir-

329 733 397 760 tutis,
415 736 454 755 aut
472 733 552 757 molis:
570 734 685 762 quantitas
703 740 758 755 tero
784 734 852 756 molis
875 740 919 756 non
945 733 1006 756 cadit
1029 735 1051 756 in
1077 734 1176 762 divinis,

329 771 371 793 sed
388 773 502 800 quantitas
521 772 615 795 rirtnrt's
624 782 633 801 ;
650 775 672 795 ct
689 774 732 795 lioc
744 773 827 795 dicitur
839 779 881 801 per
891 772 1027 802 potentiam.
1041 773 1094 795 ltcin
1107 779 1177 802 qnan-

330 811 380 833 titas
397 817 535 833 mensurans
551 815 612 834 extra
630 816 663 834 cst
688 812 788 840 duplex,
815 812 862 834 scil.
888 815 981 840 teinpus
1005 814 1026 834 et
1051 812 1130 837 locus:
1156 816 1178 835 et

329 850 462 877 quantitati„
480 857 540 878 qnae
557 853 589 872 est
608 851 699 880 tempus
718 851 738 872 in
756 850 915 874 inferioribus.
934 851 1059 879 respondet
1080 851 1178 874 aetolici-

1233 386 1269 408 τηε
1286 387 1307 407 in
1326 386 1424 413 ‹livinis;
1441 387 1461 408 ei
1479 390 1555 409 autem
1574 388 1691 416 quantitati
1699 405 1705 414 ¹,
1723 393 1782 416 quac
1800 390 1834 409 est
1851 385 1932 414 locus,
1956 389 2079 416 respondet

1232 424 1372 454 inaqniludo
1389 426 1411 447 in
1430 425 1528 453 divinis,
1547 431 1591 448 non
1609 432 1654 454 qua
1672 426 1733 448 Deus
1750 425 1953 448 circumscribatur
1975 427 1996 448 in
2014 427 2080 455 loco,

1232 463 1274 485 sed
1291 470 1335 492 qna
1353 467 1388 486 est
1404 465 1462 486 inter
1479 465 1555 486 omnia
1573 470 1618 486 non
1635 464 1752 493 inclusus,
1770 467 1792 486 ct
1808 471 1853 493 qua
1877 465 1926 492 ipse
1944 466 2043 488 continet
2059 468 2081 488 et

1233 502 1291 524 locat
1307 503 1392 525 onmia.
1409 503 1445 525 Si(-
1462 509 1519 531 ergo
1536 504 1650 532 quantitas
1667 504 1689 525 in
1708 503 1792 526 divinis
1803 506 1837 526 cst
1847 502 1958 530 virtutis,
1976 510 2035 533 quae
2047 506 2081 527 est

1232 541 1334 570 potentia
1344 550 1354 570 ‚·
1370 544 1393 564 et
1409 541 1544 565 clm-ationis
1554 561 1560 570 ,
1580 549 1639 571 quae
1656 545 1691 565 est
1707 542 1836 566 aeternitas
1845 551 1853 570 ,·
1866 545 1888 565 et
1897 542 2020 566 locationis
2031 544 2080 566 sive.

1233 581 1384 603 continentiae
1401 582 1488 604 activae
1499 599 1504 609 ,
1522 588 1567 610 qua
1584 583 1635 611 ipse.
1652 582 1751 604 continet
1768 585 1790 605 et
1806 582 1865 604 locat
1879 582 1969 610 omnia,
1986 585 2008 604 ct
2025 583 2081 605 haec

1233 618 1317 641 dieitur
1333 619 1479 648 maqnitudo.
1498 620 1555 648 Quia
1572 626 1629 648 ergo
1647 621 1669 642 in
1686 620 1733 642 Deo
1751 626 1796 643 non
1814 623 1848 643 est
1865 627 1952 648 ponere
1974 620 2080 649 pluribus

1233 656 1309 679 modis
1326 658 1487 686 quantitatem,
1505 658 1557 680 idco
1575 661 1686 687 quantuni
1704 658 1733 681 ad
1750 659 1807 681 haec
1824 659 1865 682 tria
1885 659 1960 682 solum
1986 660 2007 682 in
2025 659 2081 682 divi-

1233 696 1268 718 nis
1285 696 1416 724 assignatur
1433 697 1558 725 aequalitas
1570 706 1590 719 u.

1298 735 1321 757 ll.
1338 735 1400 757 Alex.
1418 735 1479 763 Hal„
1498 737 1520 758 s.
1538 742 1560 764 p.
1578 737 1593 758 l.
1610 743 1632 765 q.
1653 736 1688 758 47.
1705 743 1735 759 m.
1755 737 1776 759 5.
1793 749 1824 753 —
1841 738 1864 759 B.
1886 737 1981 767 Albam„
2006 739 2042 760 iiic
2059 744 2081 760 a.

1235 774 1264 801 33
1282 774 1304 795 S.
1322 779 1344 801 p.
1362 774 1376 796 l.
1394 776 1421 796 tr.
1444 775 1478 797 it.
1496 781 1518 803 q.
1537 774 1573 797 47.
1592 781 1622 797 m.
1641 776 1661 797 2.
1679 787 1710 792 —
1728 776 1784 798 i‘etr.
1802 783 1815 798 a
1832 777 1899 805 Tar„
1924 777 1961 799 hie
1977 784 1999 806 q.
2019 778 2040 799 i.
2058 784 2077 799 a.

1235 813 1256 834 2.
1274 824 1305 828 —
1322 812 1429 834 Bit-hard.
1447 819 1459 834 a
1477 813 1550 841 Med„
1564 814 1600 836 liic
1612 820 1632 836 a.
1652 814 1671 836 Ἰ.
1690 821 1711 842 q.
1734 814 1750 836 1.
1770 815 1791 836 3.
1808 827 1840 831 -
1857 815 1930 844 AEgid.
1947 816 1987 844 lh,
2005 816 2042 838 hic
2061 816 2080 837 ¹l.

1234 852 1306 879 princ.
1325 858 1346 880 q.
1366 851 1386 873 3.
1404 864 1435 868 —
1451 852 1518 874 llenr.
1538 853 1626 880 (land.y
1644 853 1665 875 S.
1685 860 1704 875 a.
1722 852 1760 875 70.
1779 860 1800 882 q.
1819 855 1840 876 2.

1098 976 1261 1013 Quiesno
1282 977 1321 1005 ni.

735 1087 837 1115 [ῆι-μνη
861 1086 1026 1124 aequalitas
1047 1086 1221 1114 diuinarum
1240 1094 1440 1122 ρενδοηανίιίιι.
1460 1086 1498 1115 sit
1517 1087 1678 1124 reciproca.

411 1219 503 1249 'l'ertio
523 1219 683 1256 quaeritur.
708 1222 803 1247 utrum
825 1219 853 1246 in
875 1217 977 1247 divinis
998 1218 1033 1247 sit
1058 1217 1179 1255 aequali-

332 1272 374 1296 tas
388 1275 453 1296 cnm
468 1267 657 1296 conversione.
675 1266 705 1294 Et
719 1266 793 1303 quod
809 1274 877 1297 non,
892 1266 1005 1294 videtur
1019 1265 1071 1293 hoc
1086 1265 1177 1294 inodo.

413 1316 436 1342 1.
471 1314 687 1350 Chrysostomus
704 1314 710 1326 ¹
747 1320 833 1350 snper
869 1312 939 1341 illud
971 1312 1006 1341 ad
1041 1312 1179 1341 Hebraeos

332 1362 434 1399 primo:
470 1360 527 1396 Qui
546 1368 614 1388 cion
635 1360 674 1388 sit
694 1359 830 1397 splendor
850 1363 920 1387 ete:
950 1359 1057 1387 «Filius
1078 1361 1119 1387 est
1137 1366 1180 1387 ae-

332 1409 423 1446 qualis
445 1407 530 1438 Patri.
552 1415 606 1435 non
629 1407 708 1435 Pater
729 1406 832 1434 Filiou.

412 1457 437 1484 2.
459 1455 542 1484 Item.
565 1453 716 1482 Hilarius²t
747 1453 874 1490 «Imago,
896 1452 918 1481 si
941 1452 1062 1489 perfecte
1083 1452 1180 1489 implet

333 1502 402 1531 illud
424 1501 505 1531 cuius
525 1504 565 1529 est
588 1500 659 1537 ipsa.
682 1502 852 1537 coaequatur
873 1500 911 1529 ei.
933 1507 987 1527 non
1009 1498 1079 1527 illud
1111 1506 1179 1527 suae.

333 1548 445 1586 imagini
458 1562 484 1576 ».

412 1596 437 1624 3.
459 1595 541 1628 Item.
563 1594 734 1631 Augustinus
756 1593 783 1622 in
805 1594 896 1631 primo
910 1593 982 1622 libro
1000 1593 1035 1622 de
1049 1592 1178 1621 Doctrina

334 1642 516 1672 christiana&
547 1642 598 1670 «ln
621 1642 700 1670 Patre
722 1641 827 1675 unitas.
850 1640 877 1669 in
899 1640 965 1668 Filio
984 1639 1138 1677 aequalitas
1153 1650 1179 1667 »z

334 1698 401 1727 ergo
422 1689 546 1723 videtur,
569 1688 643 1725 quod
666 1688 745 1716 Pater
766 1695 821 1716 non
848 1687 883 1715 sit
903 1686 1028 1723 aequalis
1048 1686 1127 1719 Filio.
1150 1688 1181 1714 ut

335 1736 418 1764 Filius
438 1735 521 1764 Patri.

413 1784 439 1812 [ι.
461 1783 537 1817 item,
559 1782 707 1818 Dionysius
720 1781 745 1809 ⁴:
775 1781 826 1809 «ln
847 1780 1007 1809 causalibus
1021 1783 1048 1809 et
1059 1780 1181 1809 causatis

335 1839 389 1860 non
411 1830 562 1867 recipimus
583 1828 831 1865 reciprocationem
844 1838 869 1859 u:
892 1827 941 1856 sed
957 1827 1037 1855 Pater
1051 1829 1093 1856 est
1109 1827 1182 1863 prin-

335 1879 439 1915 cipium
461 1877 532 1905 Filii:
554 1884 621 1912 ergo
642 1878 693 1904 etc.

414 1924 540 1953 CONTRA:
568 1923 588 1950 l.
611 1922 701 1950 Omne
721 1921 869 1950 relativum
891 1920 1117 1958 aequiparantiae
1138 1920 1183 1949 de-

1235 1217 1359 1246 nominat
1389 1220 1517 1246 extrema
1542 1218 1696 1247 secundum
1727 1219 1841 1247 modum
1873 1219 2221 1256 consimilen103vunaam0nm.

1235 1264 1285 1293 sed
1305 1263 1459 1302 aequalitas
1479 1266 1521 1293 est
1541 1264 1639 1293 relatio
1660 1265 1902 1302 aequiparantiae:
1921 1274 1988 1304 ergo
2008 1266 2082 1296 simi-

1236 1310 1270 1339 lis
1292 1311 1481 1348 reciprocatio.

1315 1359 1341 1386 2.
1361 1358 1444 1388 Item.
1465 1367 1554 1387 unum
1576 1359 1604 1387 in
1625 1359 1779 1396 quantitate
1794 1360 1859 1389 facit
1872 1360 2069 1397 aequalitatem
2076 1372 2083 1395 ς

1236 1405 1284 1433 sed
1306 1405 1378 1434 sicut
1399 1405 1483 1434 Filius
1497 1409 1539 1435 est
1553 1414 1643 1434 unum
1658 1414 1722 1435 cum
1738 1407 1826 1441 Patre,
1842 1407 1879 1435 ita
1893 1407 1973 1436 Pater
1994 1415 2083 1436 unum

1236 1460 1300 1480 culn
1323 1452 1389 1480 Filio
1410 1456 1547 1489 quantum
1568 1453 1601 1481 ad
1626 1453 1810 1482 substantiam
1834 1456 1862 1482 et
1886 1453 2083 1491 quantitatem:

1235 1507 1302 1536 ergo
1327 1499 1398 1528 sicut
1420 1499 1503 1528 Filius
1527 1502 1569 1528 est·
1593 1499 1717 1537 aequalis
1738 1500 1824 1534 Patri,
1846 1500 1883 1528 ita
1904 1500 1984 1529 Pater
2004 1500 2082 1529 Filio:

1235 1553 1302 1582 ergo
1323 1549 1365 1574 est
1385 1545 1422 1574 ibi
1444 1545 1633 1583 reciprocatio.

1315 1591 1341 1620 3.
1362 1592 1439 1626 Item,
1453 1592 1607 1629 aequalitas
1621 1595 1721 1621 mutua
1741 1595 1768 1621 et
1788 1593 1979 1630 reciprocatass
1995 1593 2084 1622 maior

1236 1642 1278 1667 est
1298 1646 1383 1676 quam
1398 1647 1453 1667 non
1468 1639 1652 1676 reciprocata:
1675 1647 1742 1677 ergo
1757 1639 1779 1668 si
1796 1639 1822 1668 in
1838 1639 1940 1669 divinis
1954 1642 1996 1669 est
2010 1648 2085 1669 sum-

1236 1693 1283 1714 ma
1303 1685 1476 1722 aequalitas,
1497 1689 1574 1723 patet
1595 1689 1645 1715 etc.
1840 1684 1841 1687 ’

1315 1733 1342 1761 [ι.
1363 1733 1446 1767 Item,
1477 1741 1559 1762 omne
1587 1736 1724 1770 quantum
1755 1736 1948 1771 comparatum
1980 1736 2084 1770 quanto

1237 1782 1286 1808 aut
1307 1782 1349 1808 est
1368 1779 1475 1814 maius,
1496 1783 1545 1808 aut
1566 1780 1675 1814 minus,
1696 1783 1745 1808 aut
1765 1780 1882 1817 aequale
1890 1791 1897 1814 3
1924 1780 1973 1809 sed
2004 1780 2084 1809 Pater

1237 1829 1280 1855 est
1299 1828 1422 1863 quantus
1454 1826 1573 1861 virtute,
1603 1829 1630 1855 et
1661 1826 1789 1855 similiter
1810 1826 1908 1855 Filius:
1935 1829 1984 1855 aut
2015 1834 2083 1864 ergo

1238 1873 1318 1902 Pater
1339 1876 1380 1902 est
1401 1873 1490 1902 maior
1511 1873 1615 1902 virtute
1630 1873 1708 1908 Filio,
1729 1876 1778 1902 aut
1799 1873 1902 1907 minor,
1917 1875 1966 1902 aut
1985 1881 2086 1910 aequa-

1239 1919 1292 1951 lis:
1308 1920 1356 1948 sed
1379 1927 1433 1948 non
1457 1920 1545 1948 maior
1565 1922 1614 1948 aut
1634 1920 1739 1948 minor:
1762 1927 1829 1957 ergo
1849 1919 1974 1957 aequalis
1987 1920 2006 1947 ⁷.

400 2128 406 2142 ¹
426 2128 521 2150 nomilia
540 2128 560 2149 2.
578 2127 607 2149 ad
628 2126 697 2148 Hebr.
722 2132 742 2147 n.
769 2126 789 2147 2.
815 2126 860 2147 ait:
880 2132 890 2144 α
904 2124 946 2146 Per
962 2123 1111 2153 splendorem
1127 2129 1183 2145 vero

337 2168 449 2190 essentiae
466 2166 626 2195 aequalitatem
649 2164 748 2187 ostendit
764 2168 786 2187 et
809 2165 859 2186 eius
876 2169 929 2186 cnm
946 2163 1011 2185 Patre
1027 2163 1184 2191 propinquita-

338 2210 407 2229 tem...
432 2206 519 2228 Deinde
544 2205 678 2227 subiunxit:
708 2204 740 2226 Et
763 2203 888 2226 character
915 2208 956 2225 seu
983 2202 1072 2232 fiyttra.
1099 2201 1183 2229 Figura

336 2247 399 2268 enim
416 2252 457 2268 seu
475 2245 592 2267 character
609 2246 643 2266 est
659 2243 717 2265 alius
734 2242 763 2264 ab
780 2242 905 2270 exemplari
922 2244 1059 2269 prototyp03
1077 2240 1135 2263 alius
1146 2247 1184 2262 au-

338 2288 384 2307 tem
402 2290 446 2307 non
464 2284 571 2309 omnino,
598 2282 640 2305 sed
658 2283 679 2304 in
696 2288 723 2304 eo
742 2281 806 2310 quod
822 2281 900 2303 attinet
916 2280 946 2302 ad
963 2280 1105 2308 hypostasin.
1128 2279 1184 2301 Nam

339 2325 375 2346 bie
393 2329 486 2352 quoque
503 2323 621 2345 character
645 2320 750 2348 ostendit,
768 2320 853 2342 nullam
878 2325 929 2341 esse
951 2319 1120 2347 diversitatem,
1143 2318 1184 2340 secl

339 2364 407 2392 plane
424 2364 446 2384 in
463 2361 572 2384 omnibus
588 2361 714 2389 perfectam
731 2359 904 2382 similitudinem
921 2360 971 2381 eius
993 2359 1059 2381 cuius
1083 2361 1118 2380 est
1134 2358 1185 2380 cha·

339 2404 413 2424 racter
429 2403 451 2423 et
467 2400 542 2428 figura
556 2408 576 2422 n.
594 2400 617 2422 ln
634 2398 762 2421 Commeat.
780 2404 850 2426 super
867 2398 903 2419 IV.
927 2397 977 2419 libr.
1003 2397 1063 2419 Sent.
1082 2396 1111 2419 ad
1128 2396 1185 2418 Han-

340 2441 460 2463 nibaidum
476 2439 686 2462 Hannibaldensem
704 2438 833 2460 Romanum
842 2456 847 2465 ,
864 2437 929 2466 quod
939 2438 998 2459 inter
1009 2442 1080 2465 opera
1091 2436 1114 2458 S.
1126 2435 1185 2458 Tho-

340 2486 392 2502 mae
409 2479 518 2506 habetur,
536 2479 573 2500 hic
590 2484 612 2506 q.
632 2478 652 2499 1.
670 2483 690 2499 a.
709 2477 729 2498 2.
747 2476 809 2499 idem
834 2478 908 2499 textus
932 2476 1033 2498 occurrit
1048 2477 1071 2497 et
1088 2473 1186 2498 Glossae.

341 2517 503 2547 chrysostomi
518 2516 663 2539 adscribitur.
675 2515 719 2537 Sed
732 2515 872 2537 verbotenus
883 2515 905 2536 in
918 2514 997 2536 Glossa
1009 2513 1123 2536 ordinaria
1140 2519 1185 2535 non

340 2558 462 2580 invenitur.
474 2557 497 2578 ln
509 2556 554 2578 tine
565 2556 659 2578 Glossae
672 2554 766 2577 dieitur:
786 2553 917 2582 «Splendor
925 2556 1002 2575 autem
1011 2556 1034 2575 et
1042 2553 1116 2580 figura
1129 2552 1187 2574 sicut

341 2600 363 2619 et
374 2596 454 2626 imago
466 2595 560 2624 proprie
577 2594 605 2616 ad
623 2599 747 2622 personam
760 2593 807 2615 Filii
818 2593 949 2615 reseruntur
965 2595 987 2614 et
1003 2592 1098 2614 relative
1109 2591 1187 2613 dicun-

342 2639 406 2659 tur».
415 2647 446 2652 —
457 2634 538 2656 Homil.
551 2633 588 2655 75.
601 2633 638 2661 (al.
651 2631 699 2660 74.)
712 2638 733 2654 n.
748 2631 768 2654 4.
780 2632 803 2653 in
816 2632 875 2653 loan.
889 2638 900 2653 a
913 2630 1079 2658 chrysostomo
1091 2630 1186 2652 dicitur:

346 2682 355 2693 ε
364 2674 386 2696 Si
399 2674 451 2702 quis
461 2678 518 2695 vero
530 2672 620 2699 dixerit,
633 2671 745 2693 maiorem
756 2675 807 2692 esse
819 2670 916 2697 Patrem,
929 2670 958 2692 ut
967 2668 1023 2691 Filii
1032 2667 1185 2698 principium,

344 2719 389 2735 non
405 2713 458 2734 huic
474 2711 666 2734 contradicemus.
691 2709 719 2731 At
735 2709 779 2731 hoc.
795 2714 840 2730 non
857 2709 910 2730 facit
926 2708 1006 2730 Filium
1024 2707 1116 2729 alterius
1137 2712 1188 2728 esse

344 2752 483 2774 substantiae
497 2759 516 2773 n.
529 2751 592 2778 Quae
604 2749 675 2772 verba
693 2749 750 2771 sicut
768 2751 790 2771 et
806 2754 832 2770 ea
849 2754 909 2776 quae
928 2754 955 2770 ex
966 2748 1046 2769 Glossa
1066 2750 1119 2769 sunt
1138 2746 1188 2768 alle-

345 2794 412 2819 gata.
430 2793 523 2812 eatenus
540 2790 576 2811 liic
598 2788 720 2811 attentione
746 2787 814 2815 digna
841 2789 908 2815 sunt,
934 2787 988 2815 quia
1013 2787 1035 2809 S.
1057 2786 1143 2808 Bonav.
1166 2785 1188 2806 in

345 2836 408 2857 corp.
426 2830 514 2857 quaest.
531 2827 682 2855 conceptibus
697 2825 835 2849 imitationis
855 2828 877 2848 et
901 2823 1095 2848 subauctoritatis
1119 2824 1190 2846 utitur

344 2868 374 2890 ad
392 2867 550 2890 stabiliendam
568 2865 693 2889 secundam
711 2865 863 2887 conclusionis
879 2867 975 2892 partem,
993 2864 1040 2886 scil.
1057 2863 1101 2886 sub
1113 2863 1190 2891 aliquo

1240 2126 1346 2150 respectu
1363 2123 1421 2145 inter
1439 2123 1527 2145 Patrem
1545 2125 1567 2145 et
1583 2122 1664 2145 Filium
1682 2128 1727 2144 non
1739 2128 1790 2144 esse
1801 2122 1961 2151 aequalitatem
1972 2124 2085 2144 mutuam.

1302 2161 1312 2176 ²
1328 2162 1440 2190 August.,
1459 2161 1495 2184 Vl.
1513 2161 1542 2183 tle
1560 2161 1622 2184 Trin.
1646 2167 1665 2183 c.
1692 2162 1725 2183 10.
1751 2167 1772 2183 n.
1791 2161 1799 2183 41
1808 2161 1831 2189 l,
1855 2161 1990 2183 sententiam
2009 2160 2086 2183 Hilarii

1240 2200 1269 2223 de
1286 2201 1321 2223 his
1337 2200 1411 2223 tribus
1428 2200 1575 2229 nominibus,
1593 2206 1653 2229 quae
1671 2200 1774 2222 'l'rinitati
1798 2200 1992 2227 appropriantur:
2017 2201 2087 2222 θειοτ-

1239 2240 1312 2268 nitas,
1329 2240 1407 2267 imago
1424 2242 1447 2262 et
1462 2245 1562 2267 munus,
1580 2240 1682 2261 reserens
1706 2239 1815 2267 proponit
1831 2239 1872 2261 ista
1889 2237 1960 2260 verba
1982 2238 2011 2261 de
2030 2239 2087 2260 ima-

1240 2279 1300 2307 gine.
1317 2279 1377 2301 Vide
1393 2279 1451 2301 infra
1468 2278 1490 2301 d.
1508 2278 1592 2300 XXXl.
1610 2284 1632 2306 p.
1650 2278 1673 2300 ll.
1691 2278 1713 2300 in
1731 2278 1803 2305 princ.
1823 2277 1852 2300 lit.
1871 2277 1978 2305 Magistri.

1302 2316 1312 2332 ³
1328 2317 1382 2345 Cap.
1401 2317 1422 2339 5.
1440 2323 1461 2339 n.
1479 2317 1500 2339 5,

1304 2356 1313 2370 ⁴
1330 2356 1362 2379 De
1374 2356 1423 2379 Div.
1435 2356 1500 2378 Nom.
1513 2362 1532 2378 c.
1545 2357 1566 2378 9.
1579 2356 1592 2384 S
1605 2356 1629 2383 6,
1642 2355 1682 2378 ubi
1694 2356 1784 2378 initium
1800 2356 1869 2378 huius
1881 2358 1955 2378 textus
1965 2356 1988 2378 in
2000 2356 2087 2378 Graeco

1240 2396 1274 2418 Sic
1290 2395 1411 2418 exhibetur
1428 2392 1463 2416 ἐπὶ
1480 2392 1503 2415 δὲ
1522 2396 1563 2416 τοῦ
1581 2391 1656 2416 αἰτίου
1673 2392 1710 2415 καὶ
1728 2394 1772 2415 τῶν
1788 2391 1908 2423 αἷτιατῶν,
1921 2394 1984 2423 quod
1995 2393 2088 2417 diverse

1241 2441 1254 2457 a
1271 2434 1369 2456 diversis
1385 2434 1533 2461 transfertur3
1552 2433 1619 2456 codd.
1637 2439 1691 2456 cum
1708 2433 1744 2456 ed.
1764 2434 1773 2455 -t
1794 2435 1911 2461 praestant
1927 2433 2047 2456 lectionem
2064 2433 2086 2454 in

1241 2476 1327 2496 textum
1345 2475 1475 2500 receptam;
1493 2473 1543 2495 Vat.
1560 2473 1611 2495 loco
1627 2471 1764 2495 causalibus
1781 2473 1845 2500 ponit
1861 2471 1948 2495 causis.

1304 2512 1315 2527 ⁵
1331 2512 1417 2534 Relatio
1434 2512 1619 2541 aequiparantiae
1636 2513 1789 2534 communiter
1804 2511 1924 2534 definitur:
1940 2514 1975 2534 est
1985 2517 2011 2534 ea
2023 2511 2089 2534 cuius

1242 2554 1343 2574 extrema
1360 2554 1413 2573 sunt
1428 2551 1533 2573 eiusdem
1550 2551 1644 2573 rationis
1660 2557 1701 2573 seu
1718 2550 1801 2573 codem
1828 2551 1921 2573 nomine
1942 2551 2089 2573 nominantur

1242 2597 1265 2613 v.
1283 2597 1306 2619 g.
1323 2591 1411 2613 amicus
1428 2590 1472 2619 (est
1487 2591 1549 2612 enim
1566 2590 1654 2612 amicus
1671 2590 1739 2612 amici
1759 2590 1869 2618 amicus),
1894 2589 1984 2618 similis,
2007 2595 2089 2618 aequa-

1242 2630 1284 2657 lis;
1302 2630 1355 2652 liuic
1372 2630 1497 2661 opponitur
1512 2629 1591 2651 relatio
1608 2628 1802 2657 disquiparantiae
1825 2629 1840 2651 i.
1865 2635 1885 2651 e.
1902 2629 1968 2651 cuius
1988 2631 2089 2651 extrema

1243 2671 1297 2691 sunt
1312 2668 1405 2690 alterius
1421 2668 1514 2690 rationis
1524 2685 1529 2695 ‚
1547 2670 1572 2690 ut
1588 2667 1667 2690 relatio
1684 2669 1755 2695 patris
1771 2667 1800 2690 ad
1817 2667 1897 2690 filium.

1306 2707 1316 2722 ὃ
1332 2706 1501 2729 Postulantibus
1518 2706 1686 2735 antiquioribus
1702 2712 1757 2729 mss.
1775 2710 1797 2729 ct
1821 2706 1858 2729 ed.
1878 2707 1886 2728 l
1901 2724 1906 2733 ,
1929 2705 2089 2729 substituimus

1244 2745 1391 2774 reciprocata
1409 2750 1451 2772 pro
1468 2743 1596 2773 reciproca.
1839 2749 1842 2751 ·

1307 2783 1317 2798 7
1334 2783 1409 2806 Mutila
1427 2783 1492 2805 lectio
1508 2784 1559 2805 Vat.
1576 2786 1599 2805 et
1613 2782 1664 2805 cod.
1677 2788 1715 2811 cc,
1728 2784 1749 2804 in
1762 2789 1808 2811 qua
1819 2782 1891 2805 verba
1902 2781 1943 2805 sed
1952 2787 2001 2805 non
2011 2781 2090 2805 mtaior

1245 2823 1288 2845 aut
1304 2821 1400 2845 minor:
1426 2827 1482 2851 erqo
1507 2821 1614 2851 aequalis
1636 2822 1786 2849 omittuntur,
1812 2821 1935 2843 resarcitur
1958 2826 2004 2848 ope
2027 2822 2090 2842 vetu-

1245 2863 1342 2885 stiorum
1360 2868 1414 2883 mss.
1432 2863 1453 2883 et
1470 2861 1506 2883 ed.
1526 2861 1545 2882 vi.
