2253 3317
216 249 320 268 nisum-tio.

201 852 240 869 Alia
250 851 323 869 solutio.

345 166 402 193 esa

342 241 490 278 dupliciter
505 239 685 268 considerari:
708 237 752 266 vel
767 241 798 266 ut
820 245 864 266 res
878 237 1034 270 absolutae,
1049 236 1093 265 vel
1109 239 1139 264 ut
1154 236 1187 264 si-

343 295 396 324 gna
410 290 436 315 et
451 289 535 315 nutus
547 284 676 314 ducentia
692 284 718 312 in
733 284 810 312 aliud
820 283 838 311 ¹.
855 284 946 311 Primo
962 283 1044 311 modo
1059 283 1080 311 si
1096 290 1187 311 amen-

341 336 387 362 tur
411 336 437 361 et
458 332 686 364 considerentur,
708 330 852 359 retardant
873 330 1045 358 intellectum
1073 333 1100 358 et
1124 329 1186 357 affe-

340 382 428 412 ctum:
444 377 566 406 secundo
587 377 670 405 modo
686 377 794 410 iuvant;
815 379 842 404 et
857 376 895 404 sie
914 378 955 404 est
970 376 998 404 in
1013 375 1185 412 apparitione

340 424 456 454 visibili.
484 423 549 460 quia
575 422 612 450 ihi
640 422 834 451 consideratur
861 424 991 450 ereatura
1019 424 1049 449 ut
1074 421 1183 458 signum

338 469 440 498 faciens
461 469 537 497 aliud
559 469 587 496 in
608 468 779 497 intellectum
802 468 896 496 venire
909 468 928 495 '-'.

416 515 443 543 [ι.
458 515 497 543 Ad
512 515 582 543 illud
597 514 671 551 quod
687 514 828 543 obiicitur:
844 522 931 551 quare
943 522 998 542 nou
1019 517 1060 542 est
1081 513 1184 550 triplex

338 570 425 599 genus
447 561 585 590 missionis
600 560 755 589 secundum
778 560 881 597 triplex
897 568 985 597 genus
999 560 1184 597 cognitionis?

338 609 500 642 dicendum,
522 607 594 645 quod
617 607 667 636 etsi
690 607 809 644 cognitio
834 607 869 635 sit
890 607 925 635 de
952 606 1059 635 ratione
1080 606 1185 635 missio-

337 656 394 684 nis.
416 663 471 683 non
494 654 606 683 tamen³
629 661 823 690 quaecumque
839 653 883 682 vel
904 653 1065 688 cuiuslibet,
1080 653 1129 682 sed
1145 653 1185 681 ι’·η-

338 700 505 730 habitantis
536 701 565 729 Et
585 701 650 738 quia
672 700 778 737 duplex
801 703 843 728 est
869 699 971 728 modus
995 699 1184 730 inhabitandi.

337 751 368 776 ut
382 747 575 784 praehabitum
592 750 633 775 est
645 747 671 780 ⁴.
695 747 755 775 ideo
777 749 883 774 tantum
899 749 941 774 est
962 746 1069 783 duplex
1084 745 1185 774 modus

338 794 479 825 mittendi.
502 794 565 822 licet
586 793 682 831 plures
703 794 757 822 sint
779 793 853 821 modi
874 792 1067 829 cognoscendi.
1082 809 1121 812 —
1141 792 1186 820 Vel

337 841 422 869 aliter
444 840 608 874 dicendum,
629 840 705 877 quod
726 839 801 868 Deus
822 839 849 867 in
869 839 913 867 via
934 847 989 867 non
1010 837 1186 875 cognoscitur

339 887 389 915 nisi
410 890 458 915 aut
480 886 507 914 in
528 885 641 923 effectu,
662 890 710 914 aut
731 886 759 914 in
774 886 865 923 siquo.
888 885 914 913 Si
936 885 964 913 in
985 883 1098 922 effecta,
1120 891 1185 912 cum

337 933 450 961 ess'ectus
465 931 511 960 ille
522 932 557 960 sit
569 932 657 969 gratia
668 934 778 969 gratum
794 931 904 965 faciens,
920 938 991 967 quae
1003 931 1030 958 in
1043 930 1101 959 sola
1112 929 1186 958 eadit

337 982 443 1009 mente.
466 979 504 1008 sicv
525 981 566 1007 est
595 978 689 1007 missio
711 977 869 1010 invisibilis3
892 977 913 1006 si
943 977 970 1005 in
998 977 1098 1014 sz'yno,
1120 984 1185 1005 cum

337 1026 448 1063 signum
469 1026 503 1054 sit
524 1025 599 1062 quod
621 1025 701 1053 offert
723 1033 751 1053 se
777 1024 870 1053 sensui
885 1023 903 1057 ⁵.
925 1024 963 1053 sic
989 1027 1031 1053 est
1059 1023 1184 1052 visibilis.

337 1073 405 1110 Quia
422 1080 487 1101 vero
502 1072 662 1109 imaginaria
685 1075 725 1100 est
740 1079 837 1100 earum
854 1079 962 1100 rerum.
984 1079 1106 1108 quarum
1122 1070 1187 1098 ima-

1031 159 1282 187 SlEN'l'EN'l'lARUM
1304 158 1362 186 Llss.
1385 158 1401 186 Ι.

1243 236 1322 272 gines
1336 235 1363 263 in
1381 235 1502 263 interiori
1519 242 1603 264 sensu
1618 236 1826 273 exprimunuir‚
1839 237 1912 265 Deus
1926 240 2020 266 autem
2034 246 2088 267 non

1242 285 1284 311 est
1314 282 1392 316 talis,
1422 281 1483 310 ideo
1514 281 1548 310 de
1576 289 1609 310 eo
1640 290 1693 310 non
1725 285 1766 311 est
1798 290 1900 319 ponere
1928 283 2087 313 huiusmodi

1242 329 1433 366 cognitionem.

1319 375 1358 403 Ad
1380 374 1448 403 illud
1465 375 1540 411 quod
1556 375 1654 403 ultimo
1669 375 1831 412 quaeritur,
1853 383 1941 412 quare
1962 384 2017 404 non
2037 376 2089 405 fuit

1242 421 1337 450 missio
1351 421 1468 450 visibilis
1482 421 1518 450 ad
1533 421 1763 450 manitestandam
1776 422 2003 451 inhabitationem
2013 422 2088 457 Filii;

1242 468 1408 501 dicendum,
1437 467 1512 504 quod
1535 467 1643 495 Filium
1675 467 1842 496 inhabitare.
1862 471 1904 497 est
1924 468 2087 506 dupliciter:

1241 517 1290 542 aut
1310 522 1361 551 per
1382 514 1501 550 gratiam
1522 514 1645 547 unionis,
1666 517 1715 543 aut
1728 522 1780 551 per
1800 515 1918 551 gratiam
1939 514 2089 544 sanctifica-

1241 560 1332 589 tionis.
1353 560 1457 588 Prz'mo
1478 560 1562 588 modo
1583 568 1637 588 non
1659 560 1711 589 fuit
1728 561 1885 589 necessaria
1905 561 2088 590 manifestatio

1241 607 1299 635 sive
1320 606 1438 635 visibilis
1452 606 1561 641 missio,
1583 607 1649 643 quia
1670 606 1830 643 plenissime
1848 609 1908 636 erat
1928 607 1956 636 in
1977 608 2088 636 homine

1242 653 1293 682 sibi
1309 653 1399 687 unito,
1415 653 1442 681 in
1463 661 1519 690 quo
1533 653 1703 690 operabatur
1724 661 1809 690 opera
1824 653 1957 688 visibilia,
1978 654 2006 682 in
2030 654 2089 691 qui-

1241 700 1295 728 bus
1309 699 1540 728 manifestabatur
1547 710 1555 734 3
1575 702 1602 728 et
1624 699 1686 728 ideo
1700 707 1754 728 non
1775 700 1929 736 oportebat,
1944 699 1998 728 alia
2010 700 2087 737 signa

1242 745 1362 774 visibilia
1385 745 1522 774 adhiberi.
1550 746 1682 774 Seozmclo
1710 754 1777 775 vero
1804 746 1887 774 modo
1907 754 1962 775 non
1991 746 2088 775 habuit

1241 792 1402 820 missionem
1423 791 1644 820 manifestantem
1660 791 1887 820 inhabitationem
1908 792 2008 827 talem,
2022 793 2085 829 quia

1242 838 1422 867 sanctificatio
1442 838 1641 875 appropriatur
1661 838 1773 874 Spiritui
1791 841 1898 872 sancto;
1918 838 1994 867 unde
2015 838 2089 868 suffi—

1242 885 1346 919 ciebat,
1367 892 1427 913 esse
1448 885 1607 913 missionem
1631 884 1768 913 visibilem
1795 884 1831 913 ad
1856 884 2087 914 manifestandam

1242 931 1330 968 ipsius
1345 931 1588 965 inhabitationem,
1604 931 1649 959 cui
1664 930 1844 959 sanctificatio
1861 931 2060 968 approprIatur
2070 931 2088 965 ⁶,

1242 985 1307 1006 eum
1335 977 1498 1005 inhabitatio
1517 977 1574 1005 Filii
1596 979 1622 1005 et
1650 976 1769 1013 Spiritus
1796 976 1883 1005 sancti
1911 975 1965 1005 sint
1992 976 2089 1005 indivi-

1242 1031 1298 1052 sae.
1323 1023 1509 1056 Manisestato,
1530 1022 1606 1060 quod
1624 1023 1652 1050 in
1673 1021 1785 1051 homine
1810 1022 1945 1051 inhabitet
1969 1022 2088 1059 Spiritus

1242 1072 1367 1099 sanctus.
1389 1069 1560 1098 sufficienter
1581 1069 1749 1100 ostenditur.
1770 1068 1845 1105 quod
1866 1071 1893 1097 et
1914 1068 2005 1097 Filius.

1080 1206 1340 1241 SCHOLION.

402 1345 415 1366 l.
434 1345 540 1372 Quaestio
557 1343 680 1365 resolvitur
696 1343 756 1365 iuxta
774 1342 890 1370 duplicem
903 1342 1084 1369 distinctionem.
1102 1341 1187 1363 scilieet

340 1383 399 1405 cirea
417 1383 513 1405 modum
531 1381 699 1404 inhabitationis
715 1384 737 1403 et
759 1382 818 1403 circa
836 1387 921 1408 genera
947 1379 1097 1402 credentium.
1124 1379 1187 1407 Quae

339 1423 376 1444 hie
393 1429 405 1444 a
422 1422 444 1443 S.
462 1422 546 1443 Bonax‘.
566 1421 673 1443 dicuntur
690 1420 718 1442 de
736 1419 897 1442 inhabitatione
919 1418 1048 1441 secundum
1065 1418 1187 1446 plenitudi-

339 1461 374 1482 nis
390 1460 564 1482 redundantiam
591 1459 695 1481 dissusius
720 1458 861 1486 explicantur
882 1464 893 1480 a
919 1458 1029 1485 magistro
1054 1457 1104 1479 eius
1125 1457 1186 1479 Alex.

339 1499 402 1523 Hal..
420 1499 459 1527 qui
478 1499 529 1523 (loc.
547 1498 605 1519 insi-a
622 1498 668 1524 cit.)
686 1498 714 1519 ita
733 1497 801 1519 dicit:
823 1505 833 1516 «ι
846 1497 893 1518 Non
911 1499 945 1518 est
967 1495 1055 1521 (missio
1080 1495 1186 1524 visibilis)

339 1537 369 1560 ad
386 1537 603 1559 demonstrationem
621 1536 788 1564 cuiuscumque
806 1535 988 1562 inhabitationis,
1001 1535 1042 1557 sed
1053 1535 1112 1557 illius
1123 1535 1187 1556 inha-

340 1576 468 1599 bitationis.
487 1581 546 1604 quae
564 1578 597 1597 est
614 1581 656 1602 per
671 1573 840 1603 plem'tudimm
855 1573 949 1603 qratiae
965 1573 989 1596 m
1013 1572 1073 1596 alios
1099 1572 1185 1596 redim-

340 1614 433 1642 ιίαηίίε,
453 1614 526 1642 qualis
543 1614 584 1635 tuit
602 1614 624 1635 in
643 1612 734 1636 Christo
752 1616 774 1635 et
791 1613 866 1641 aliquo
893 1612 962 1634 modo
988 1612 1009 1633 i11
1035 1611 1152 1641 Apostolis
1165 1619 1185 1633 n.

340 1652 425 1674 Deinde
443 1652 522 1679 docet,
541 1651 659 1681 quomodo
677 1652 698 1673 in
717 1650 809 1674 Christo
831 1651 872 1673 ruit
896 1651 1012 1673 influenua
1038 1650 1185 1678 plenitudinis

339 1691 474 1719 dupliciter,
492 1691 539 1713 scil.
557 1697 599 1718 per
616 1690 711 1712 modum
730 1696 812 1712 causae
829 1692 849 1711 et
872 1695 913 1717 per
930 1689 1026 1711 modum
1052 1689 1184 1712 doctrinae:

341 1736 382 1757 per
406 1729 502 1751 modum
524 1735 607 1751 causae
632 1729 749 1751 efficientis
774 1728 852 1757 quoad
876 1728 979 1750 divinam
1005 1730 1126 1755 naturam,
1144 1734 1186 1755 per

340 1768 436 1790 modum
455 1774 536 1790 causae
554 1768 683 1789 meritoriae
700 1770 813 1795 quantum
830 1766 859 1789 ad
877 1767 1016 1794 munanam3
1034 1768 1056 1788 et
1067 1766 1185 1794 quomodo

341 1807 375 1828 his
392 1805 484 1835 duobus
501 1805 577 1827 modis
594 1808 628 1827 est
645 1805 760 1827 innuentia
777 1804 870 1834 glraliae.
887 1804 1037 1827 redundantis
1058 1805 1080 1826 in
1098 1803 1186 1827 Sacra-

340 1843 435 1871 mentis,
456 1844 513 1866 sicut
530 1846 562 1866 est
580 1843 697 1871 plenitudo
716 1842 819 1865 veritatis
831 1842 964 1865 redundans
976 1843 998 1864 in
1008 1842 1186 1872 praedicatione

340 1882 428 1905 Christi.
447 1882 508 1904 Tum
525 1883 615 1910 pergit:
637 1890 647 1901 «
659 1882 801 1903 Adveniente
826 1887 883 1909 ergo
908 1881 1050 1909 plenitudine
1068 1882 1185 1909 temporis,

341 1920 463 1943 revelanda
481 1923 527 1943 erat
545 1920 662 1948 plenitudo
684 1920 862 1948 inhabitationis,
886 1920 995 1948 quoniam
1010 1920 1046 1942 illa
1068 1920 1185 1948 plenitudo

342 1958 471 1980 redundare.
488 1959 561 1986 coepit
572 1976 578 1986 ,
595 1961 617 1980 et
633 1959 677 1980 hoc
693 1958 840 1980 sensibilibus
857 1960 877 1980 et
896 1958 999 1980 nondum
1017 1958 1094 1980 adhuc
1105 1958 1128 1979 in
1140 1957 1185 1980 fide

342 1997 462 2024 provectis.
482 1996 528 2018 Hoc
544 1999 621 2018 autem
638 1997 690 2023 suit,
709 1996 801 2025 quando
826 1996 929 2019 Christus
954 1996 1082 2024 baptizatus
1106 1997 1148 2019 suit
1163 1999 1185 2019 et

343 2035 476 2063 praedicare
493 2036 579 2063 coepit:
597 2035 714 2063 plenitudo
731 2036 778 2058 scil.
795 2035 887 2065 qraticoe
904 2036 977 2063 ipsius
993 2042 1035 2063 per
1046 2036 1143 2058 modum
1154 2036 1185 2058 in·

343 2075 462 2102 ssuentiae,
481 2075 533 2103 quia
551 2075 603 2096 datu
620 2077 654 2097 est
670 2077 723 2097 tunc
741 2076 776 2097 vis
797 2076 954 2103 regenerativa
972 2081 1045 2103 aquae
1060 2075 1184 2103 baptismi;

343 2116 363 2135 et
382 2113 498 2140 plenitudo
517 2112 620 2136 cel-itatis
637 2114 686 2136 eius
708 2120 750 2141 per
774 2113 870 2136 modum
896 2113 1027 2141 doctrinae,
1053 2114 1105 2142 quia
1130 2117 1184 2136 tunc

343 2151 474 2180 praedicare
493 2153 567 2180 coepit
584 2155 605 2174 et
623 2153 742 2175 veritatem
760 2152 812 2174 fidei
830 2153 931 2174 influere.
950 2152 975 2174 Et
991 2152 1049 2180 ideo,
1069 2153 1122 2181 quia
1139 2153 1184 2180 ple-

344 2190 422 2212 nitudo
440 2191 489 2212 eius
507 2191 580 2217 coepit
598 2190 693 2212 influere
710 2191 731 2212 in
749 2190 811 2218 aliosy
831 2190 909 2212 debuit
926 2196 968 2218 per
984 2191 1049 2218 signa
1071 2190 1185 2213 sensibilia

1242 1340 1390 1367 manifestariy
1404 1343 1428 1362 ut
1440 1340 1556 1362 doctrinae
1568 1340 1617 1362 eius
1629 1340 1695 1362 eitius
1707 1339 1869 1362 crederetur».
1878 1352 1908 1355 —
1920 1347 1930 1359 «
1940 1339 1962 1361 ln
1972 1339 2089 1369 Apostota's

1243 1382 1319 1401 autem
1337 1379 1378 1401 suit
1395 1379 1513 1407 plenitudo
1530 1377 1622 1408 §miliae
1647 1378 1790 1401 descendens
1812 1385 1824 1400 a
1842 1378 1983 1406 plenitudiue
1999 1377 2088 1405 Christi,

1241 1420 1264 1440 et
1280 1418 1348 1440 etiam
1367 1418 1468 1446 quodam
1487 1417 1557 1440 modo
1574 1417 1691 1445 plenitudo
1704 1416 1852 1446 influmztiae,
1867 1417 1914 1439 scil.
1933 1423 1975 1445 per
1991 1417 2087 1440 modum

1242 1456 1359 1479 doctrinae
1376 1458 1397 1478 et
1415 1462 1456 1483 per
1473 1456 1569 1478 modum
1587 1456 1712 1478 ministerii.
1730 1456 1786 1477 Nam
1804 1456 1832 1478 (le
1852 1455 1993 1483 plenitudiue
2004 1455 2087 1478 verita-

1243 1494 1272 1518 tis
1289 1494 1371 1518 Christi
1388 1496 1521 1523 accepimus
1537 1501 1564 1517 ex
1581 1494 1683 1517 doctrina
1701 1495 1878 1522 Apostolorum,
1901 1495 1930 1517 de
1947 1495 2087 1522 plenitudine

1241 1533 1334 1563 qratia&
1351 1540 1393 1561 per
1410 1534 1560 1556 ministerium
1579 1534 1681 1561 ipsorum
1699 1534 1720 1555 in
1739 1533 1908 1561 dispensatione
1930 1534 2088 1556 sacramento-

1241 1578 1293 1595 rum
1304 1581 1324 1594 ».
1342 1572 1445 1601 Denique
1462 1572 1588 1599 concludit,
1607 1572 1670 1601 quod
1681 1572 1711 1593 ad
1723 1571 1887 1594 ostendendam
1900 1572 2087 1595 inhabitationem

1241 1612 1352 1638 quantum
1370 1610 1399 1632 ad
1416 1610 1522 1632 effectum
1538 1609 1630 1639 qrntlue
1643 1610 1792 1632 redundantis
1803 1616 1845 1638 per
1856 1610 1953 1633 modum
1969 1611 2087 1634 ministerii

1241 1649 1339 1677 Spiritus
1355 1651 1447 1671 sanctus
1464 1648 1583 1671 visibiliter
1599 1649 1714 1677 Apostolis
1731 1649 1797 1672 datus
1814 1650 1842 1672 sit
1858 1650 1880 1671 in
1903 1648 1970 1678 llam,
1994 1650 2088 1681 quando

1240 1687 1326 1709 dictum
1344 1690 1378 1710 est
1394 1688 1442 1710 eis:
1459 1688 1560 1715 Accipite
1577 1688 1687 1715 Spiritum
1704 1690 1821 1715 sanctum,
1840 1694 1940 1716 quorum
1955 1689 2088 1711 remiseritis

1240 1728 1333 1753 peccata
1350 1729 1392 1748 etc.
1411 1726 1479 1752 (loun.
1499 1726 1541 1753 ²20,
1560 1726 1618 1754 22.);
1636 1726 1719 1748 deinde
1735 1732 1791 1748 vero
1814 1727 1835 1748 in
1863 1725 1951 1756 linquis
1967 1725 2041 1756 igneis
2058 1727 2087 1749 ad

1240 1764 1405 1787 ostendendam
1424 1764 1610 1787 inhabitationem
1628 1765 1726 1792 Spiritus
1743 1765 1814 1787 sancti
1839 1764 1869 1787 ad
1891 1765 1997 1787 effectum
2019 1765 2087 1793 pleni-

1240 1802 1325 1825 tudinis
1342 1802 1448 1825 veritatz's
1465 1803 1615 1825 redundantis
1631 1804 1654 1825 in
1672 1803 1728 1825 alios
1744 1809 1786 1831 per
1802 1803 1898 1826 modum
1917 1804 2039 1826 doctrinae.

1303 1842 1326 1863 ll.
1345 1842 1376 1863 Ex
1387 1842 1533 1864 conclusione
1551 1842 1669 1870 principali
1686 1842 1833 1864 deducuntur
1854 1842 1901 1864 duo
1924 1842 2041 1865 corollaria
2064 1843 2085 1865 in

1240 1883 1301 1903 textu
1313 1881 1394 1909 posita.
1412 1893 1444 1897 —
1460 1881 1537 1903 Verba
1554 1882 1576 1903 in
1594 1882 1615 1903 ⁴2.
1633 1881 1710 1903 coroll.
1735 1880 1798 1904 sicut
1820 1882 1946 1904 cessarunt
1968 1881 2086 1905 miracula

1241 1926 1285 1942 non
1298 1920 1455 1948 intelliguntur
1472 1921 1494 1942 in
1511 1927 1580 1943 sensu
1598 1920 1718 1948 absoluto,
1735 1920 1777 1942 sed
1805 1922 1917 1949 quatenus
1933 1921 2042 1943 miracula
2064 1921 2085 1943 in

1240 1959 1353 1986 principio
1370 1959 1483 1981 Ecclesiae
1501 1959 1592 1981 suerunt
1604 1959 1753 1981 manuductio
1765 1959 1830 1987 quasi
1842 1958 1956 1981 ordinaria
1968 1959 1996 1981 ad
2009 1959 2086 1981 tidem.

1240 2009 1271 2013 —
1282 1997 1364 2024 Quoad
1376 1997 1487 2025 triplicem
1505 1998 1618 2019 visionem
1636 1997 1674 2023 (ad
1693 1997 1724 2026 ll.)
1741 1997 1781 2020 cl'r.
1798 1997 1821 2019 Il.
1839 1997 1899 2020 Sent.
1918 1997 1939 2020 d.
1966 1998 2002 2019 110.
2026 2005 2046 2020 a.
2065 1998 2086 2020 3.

1241 2042 1262 2064 q.
1281 2036 1318 2063 2.;
1338 2036 1370 2058 ΙΙΙ.
1388 2036 1448 2058 Sent.
1467 2036 1488 2058 d.
1507 2036 1543 2058 23.
1561 2036 1617 2058 dub.
1636 2035 1672 2063 4.;
1688 2036 1796 2058 Hexaem.
1814 2036 1887 2058 Sei-m.
1905 2036 1925 2058 9.

1303 2074 1335 2097 111.
1353 2074 1474 2097 Conclusio
1493 2075 1514 2096 in
1532 2081 1557 2097 re
1574 2078 1608 2097 est
1625 2075 1755 2097 communis
1772 2075 1889 2097 sententia.
1905 2086 1937 2091 -
1948 2074 2009 2097 Alex.
2026 2075 2085 2103 Hal.y

1242 2113 1263 2135 S.
1282 2119 1304 2141 p.
1323 2113 1337 2135 l.
1355 2119 1376 2141 q.
1394 2113 1432 2135 74.
1449 2119 1480 2135 m.
1499 2114 1519 2135 2.
1536 2125 1568 2129 —
1584 2114 1606 2135 S.
1620 2113 1715 2141 Thom.⁷
1733 2114 1755 2135 S.
1773 2113 1787 2135 1.
1805 2119 1827 2142 q.
1854 2112 1891 2135 43.
1915 2119 1935 2135 a.
1960 2112 1981 2134 7.
2005 2124 2037 2129 -
2061 2113 2085 2135 B.

1241 2152 1335 2180 Albert.,
1352 2153 1389 2175 hic
1406 2159 1426 2174 a.
1449 2153 1482 2174 10.
1499 2164 1530 2168 —-
1546 2152 1604 2175 Petr.
1622 2159 1634 2174 a
1653 2152 1705 2174 Tar.
1716 2170 1721 2180 ‚
1739 2153 1774 2174 hic
1791 2158 1812 2180 q.
1833 2153 1852 2174 l.
1870 2158 1889 2174 a.
1904 2152 1925 2174 2.
1936 2164 1968 2168 —
1979 2151 2085 2174 Riehard.

1241 2197 1253 2212 a
1267 2190 1338 2216 Med..
1355 2191 1392 2212 hie
1409 2197 1430 2220 (1.
1450 2191 1471 2212 2.
1489 2202 1520 2206 —
1536 2190 1629 2217 Dionys.
1647 2190 1733 2217 Cardu,
1752 2191 1788 2212 hic
1805 2196 1827 2218 q.
1846 2191 1866 2212 ’1.
1884 2191 1942 2213 circa
1960 2189 1997 2211 tin.

347 2521 378 2545 ad
394 2521 536 2545 ‹lez-orionem
555 2523 576 2545 cl
592 2521 745 2545 dilectionem..
763 2523 818 2545 Dein
830 2529 857 2545 ex
869 2523 1037 2552 antiquioribus
1050 2529 1106 2546 mss.
1118 2526 1138 2545 et
1150 2523 1186 2545 ed.

347 2561 355 2582 l
377 2560 537 2583 substituimus
557 2560 617 2583 enim
630 2561 679 2583 loco
690 2562 769 2583 autem
778 2580 784 2589 ,
805 2561 867 2589 quod
879 2562 929 2583 Vat.
943 2568 996 2583 cum
1008 2562 1058 2584 cod.
1074 2567 1099 2584 cc
1110 2561 1186 2589 habet,

349 2602 371 2621 ct
387 2605 434 2627 quo
451 2600 486 2621 vis
503 2600 657 2627 responsionis
674 2599 810 2622 debilitatur.

409 2636 416 2650 ¹
434 2637 517 2659 Alludit
534 2637 563 2659 ad
579 2637 651 2659 rerba
669 2638 805 2665 Augustini:
824 2638 869 2660 Vae
888 2639 936 2661 his.
949 2644 980 2667 qu
1000 2641 1068 2660 nutus
1080 2641 1131 2661 tuos
1145 2644 1187 2666 pro

347 2678 367 2697 te
384 2678 460 2697 amant
476 2679 525 2703 etc..
543 2682 613 2703 supra
631 2676 653 2698 (l.
672 2676 692 2697 3.
709 2682 732 2703 p.
751 2676 765 2697 l.
779 2682 800 2704 q.
814 2677 834 2698 2.
847 2676 876 2698 ad
893 2677 909 2699 l.
923 2677 1033 2704 allegata3
1053 2677 1107 2699 vide
1119 2677 1187 2699 etiam

347 2713 433 2736 ibidem
450 2720 472 2742 q.
491 2715 511 2736 3.
529 2715 558 2737 ud
575 2715 614 2736 ult.
625 2733 630 2742 ‚
648 2714 686 2737 uhi
705 2715 786 2737 eadem
804 2715 917 2738 distinctio
935 2717 957 2737 in
974 2721 1012 2738 res
1029 2718 1051 2738 et
1066 2715 1135 2745 siqua
1152 2722 1187 2738 oc·

348 2753 423 2774 currit.
440 2764 472 2769 —
488 2753 537 2775 Mox
554 2756 605 2780 post
622 2754 732 2775 amentur
749 2754 814 2780 Vat..
832 2753 1000 2782 antiquioribus
1016 2760 1071 2776 mss.
1088 2757 1110 2776 et
1121 2754 1157 2777 ed.
1178 2755 1182 2776 1

349 2790 517 2819 obnitentibus,
535 2791 572 2814 sel
587 2791 608 2814 si
624 2792 673 2814 loco
690 2793 717 2815 et.

409 2829 418 2842 ²
436 2830 546 2857 August..
566 2829 588 2851 ll.
607 2830 635 2852 de
652 2830 727 2852 Doctr.
745 2831 821 2853 christ.
843 2836 861 2852 c.
892 2832 908 2853 1.
936 2838 957 2853 n.
987 2832 1012 2853 l:
1035 2831 1132 2859 Signum
1154 2834 1188 2853 est

348 2867 408 2888 enini
426 2873 462 2888 res
479 2871 567 2894 praeter
584 2868 699 2895 speciem.
714 2874 783 2896 quam
801 2869 882 2896 ingerit
898 2869 1015 2897 senstbusy
1028 2870 1090 2892 aliud
1102 2869 1187 2898 aliquid

348 2910 375 2926 ex
394 2910 417 2926 se
436 2905 518 2927 faciens
535 2907 556 2927 in
574 2906 733 2933 cogitationem
750 2908 835 2929 venire.

1306 2522 1315 2537 3
1333 2522 1404 2545 Codd.
1423 2529 1476 2545 cmn
1493 2523 1528 2545 ed.
1548 2524 1556 2544 ·Ι
1578 2524 1682 2546 omittunt
1700 2524 1784 2546 tamnen.
1799 2524 1847 2546 Mox
1859 2524 1909 2546 cod.
1923 2524 1942 2546 V
1954 2523 2084 2547 cuiuscum-

1245 2567 1289 2591 que
1306 2568 1348 2589 pro
1365 2560 1494 2584 cuiuslibet.

1307 2598 1317 2613 ⁴
1334 2599 1390 2627 Hic,
1407 2600 1430 2621 in
1447 2605 1509 2627 corp.
1528 2603 1614 2628 quaest.

1307 2638 1317 2653 ⁵
1334 2638 1378 2661 Csr.
1395 2638 1507 2667 August..
1525 2639 1549 2660 ll.
1567 2639 1595 2661 de
1611 2639 1687 2662 Doctr.
1704 2640 1780 2662 christ.
1798 2645 1816 2661 c.
1839 2640 1856 2661 1.
1874 2645 1896 2661 n.
1917 2640 1933 2661 l.
1946 2639 2004 2662 Vide
2015 2645 2083 2667 supra

1245 2676 1275 2698 ad
1294 2677 1315 2698 3.
1333 2689 1363 2693 --
1380 2677 1449 2699 Paulo
1467 2677 1524 2699 infra
1543 2683 1603 2699 unus
1620 2678 1721 2706 alterque
1738 2678 1810 2700 codex
1833 2681 1858 2700 ut
1881 2684 1907 2700 aa
1924 2677 1956 2700 bb
1972 2677 2087 2701 (πίω-ἰωή

1244 2721 1287 2743 pro
1304 2714 1417 2738 interiori.

1306 2753 1316 2767 ⁶
1335 2752 1391 2776 Cod.
1410 2753 1427 2775 O
1438 2771 1443 2781 ,
1461 2753 1568 2776 addendo
1586 2754 1622 2776 liic
1634 2755 1770 2783 praeterea,
1798 2754 1870 2776 verba
1895 2754 2012 2782 sequentia
2035 2756 2084 2776 tan-

1247 2798 1317 2821 quam
1330 2799 1416 2815 novum
1429 2795 1592 2820 argumentum
1604 2793 1709 2822 exhibet3
1721 2793 1769 2820 sed,
1782 2797 1806 2816 ut
1818 2793 1915 2820 videtur,
1927 2793 2003 2815 minus
2017 2792 2082 2815 bene.

1244 2831 1267 2852 ln
1285 2831 1329 2853 fine
1346 2830 1502 2858 respoiisionis
1519 2831 1610 2859 plurimi
1628 2831 1695 2853 codd.
1713 2837 1766 2853 cum
1783 2831 1819 2853 ed.
1838 2832 1845 2852 i
1868 2834 1918 2859 post
1937 2830 2000 2860 quod
2020 2832 2083 2853 omit-

1245 2872 1293 2891 tunt
1310 2870 1337 2892 el.

2113 389 2193 408 Solvitur

2101 414 2173 436 quaest.
2186 413 2204 430 ἓ,
2240 434 2249 440 Η

2124 435 2180 454 incid.

2121 481 2193 505 Duplex

2101 504 2218 523 inhabitatio.
