2253 3317
168 723 265 742 Conclusio
276 722 292 740 1.

192 863 287 886 Multiplex

177 886 291 910 compositio.

167 1330 209 1348 Alia
225 1330 291 1353 triplex

178 1353 290 1372 differentia.

315 129 369 157 168

615 210 850 231 concrusm.

424 298 515 325 Deum
534 296 629 324 solum
650 303 709 323 csse
730 303 842 322 summe
862 293 1039 331 simplicem,

537 341 648 379 duplici
667 341 751 369 modo
768 340 925 377 probatur.

388 437 562 465 RespoNneo:
586 435 754 468 Dicendum,
776 434 851 470 quod
873 433 1036 470 simplicitas
1061 440 1150 461 essen-

309 484 362 512 tiae
383 483 474 520 privat
495 482 722 519 compositionem
743 483 770 509 et
791 480 883 517 privat
903 480 1079 508 essentialem
1102 480 1151 508 dif-

308 529 453 558 serentium
475 528 532 557 sive
563 527 807 564 multiplicitatem.
841 526 916 555 Unde
938 526 1058 563 simplex
1092 528 1148 560 est,

308 576 382 612 quod
404 583 457 603 non
478 575 562 603 habet
583 573 810 611 compositionem
831 572 955 609 partium
975 580 1026 600 nec
1057 571 1149 600 multi-

307 622 457 659 plicitatem
479 621 619 650 actionum
632 621 639 633 ¹
663 620 721 648 sive
742 620 905 648 formarum.
927 619 956 647 In
977 618 1036 647 solo
1054 622 1148 647 autem

308 669 363 697 Deo
378 672 418 697 est
433 668 551 705 privatio
566 667 773 704 compositionis
788 669 814 695 et
826 666 997 695 differentiae
1009 666 1067 695 sive
1078 665 1148 694 niul-

307 714 471 751 tiplicitatis:
495 714 556 742 ideo
578 713 740 750 simplicitas
770 713 795 741 in
828 712 886 741 solo
908 712 964 740 Deo
985 714 1026 742 est
1057 719 1148 740 essen-

308 760 416 789 tialiter.

385 807 460 835 Unde
474 807 643 841 notandum,
659 806 733 843 quod
749 806 898 843 multiplex
913 805 1145 842 est-cotiipositio.

307 853 364 882 Una
394 853 555 890 compositio
586 855 628 881 est
658 860 694 881 ex
725 852 853 889 partibus
880 850 1098 885 cssentialibus;
1119 853 1146 879 et

307 901 374 929 haec
396 903 437 929 est
459 900 486 928 in
507 900 636 928 omnibus
664 907 715 937 per
746 906 775 928 se
796 898 907 927 entibus
920 898 945 933 ²3
966 898 1020 927 alia
1041 900 1082 927 est
1109 906 1146 927 ex

306 948 432 985 partibus
454 947 684 984 inteyrctittibus;
706 949 733 975 et
755 947 823 975 haec
838 948 879 975 est
894 946 922 974 in
942 945 1072 974 omnibus
1087 953 1145 973 cor-

304 996 435 1033 poribus3
457 994 537 1023 tertia
565 997 606 1023 est
637 1002 672 1022 ex
704 994 831 1031 partibus
862 992 1055 1021 dissimilibus
1089 992 1146 1021 sive

305 1041 542 1080 repugnantibus3
563 1044 590 1069 et
611 1040 679 1069 haec
700 1043 742 1069 est
763 1039 790 1068 in
811 1039 942 1068 omnibus
969 1039 1098 1067 animatis
1120 1041 1146 1067 et

305 1089 469 1118 viventibus.
493 1088 568 1117 Unde
589 1088 616 1115 in
638 1087 712 1115 omni
734 1086 889 1115 substantia
923 1094 973 1123 per
1004 1094 1033 1114 se
1065 1088 1146 1119 ente,

305 1143 376 1172 quae
392 1134 523 1172 proprie³
538 1133 640 1162 dicitur
654 1136 796 1168 creatura,
818 1135 860 1162 est
881 1132 1055 1169 compositio,
1080 1132 1146 1169 quia

305 1182 394 1210 omnis
415 1184 544 1210 creatura
564 1182 613 1208 aut
633 1182 674 1208 est
694 1179 865 1217 corporalis,
896 1182 945 1207 aut
975 1178 1146 1216 spiritualis,

305 1230 354 1256 aut
375 1228 526 1265 composita
547 1235 583 1256 ex
604 1229 733 1263 utroque.

383 1274 514 1302 Similiter
534 1276 576 1302 est
596 1273 773 1302 considerare
793 1272 929 1309 triplicem
952 1270 1146 1309 differentiam

306 1321 332 1349 in
354 1321 497 1349 creaturis.
520 1321 611 1349 Prima
631 1322 673 1349 est
693 1319 891 1353 substantiae,
912 1319 1032 1347 virtutis
1046 1321 1073 1347 et
1087 1327 1149 1356 ope-

305 1367 470 1401 rationis&
502 1367 560 1396 sive
582 1366 752 1395 substantiae
781 1368 807 1394 et
832 1365 996 1400 accidentis3
1025 1365 1168 1403 secunda*

305 1416 347 1442 est
368 1413 523 1442 differentia
543 1412 689 1450 suppositi
710 1415 737 1441 et
757 1412 914 1445 essentiam
934 1412 1016 1440 tertia
1036 1413 1077 1440 est
1099 1411 1149 1439 dif-

306 1461 395 1489 rentia
415 1460 488 1488 entis
509 1462 536 1488 et
550 1468 609 1488 esse
621 1459 639 1487 ⁵.
656 1459 747 1487 Prima
761 1458 913 1487 differentia
938 1461 980 1487 est
1000 1458 1049 1492 rei,
1064 1460 1148 1495 prout

306 1511 348 1537 est
368 1515 467 1544 agens;
489 1507 626 1541 secunda,
647 1508 732 1543 prout
745 1508 787 1534 est
801 1513 850 1533 ens
871 1505 899 1533 in
920 1512 1036 1542 genere;
1051 1504 1147 1538 tertia,

307 1558 391 1592 prout
412 1557 454 1582 est
474 1562 523 1582 ens
544 1555 572 1582 in
593 1561 630 1582 se.
652 1553 743 1581 Prima
774 1551 930 1581 differentia
951 1554 993 1580 est
1014 1551 1041 1579 in
1073 1551 1147 1579 omni

306 1601 448 1634 subiecto,
480 1601 611 1637 quoniam
642 1607 724 1628 omne
742 1599 752 1614 ⁶
784 1599 941 1627 subiectum
972 1598 1057 1627 habet
1087 1605 1148 1626 esse

307 1648 447 1682 mixtum3
469 1648 530 1676 ideo
551 1655 605 1675 non
627 1646 683 1683 agit
703 1653 739 1674 ex
754 1653 783 1674 se
797 1647 867 1679 toto,
882 1647 909 1673 et
930 1644 992 1673 ideo
1013 1644 1106 1672 differt
1121 1643 1148 1671 in

307 1703 339 1723 eo
370 1703 425 1732 quo
446 1694 502 1731 agit
522 1696 549 1722 et
567 1693 644 1731 quod
667 1692 738 1729 agit,
760 1694 787 1720 et
808 1692 884 1719 actio
909 1691 967 1719 sive
991 1691 1148 1719 subiectum

307 1744 334 1770 et
354 1741 509 1778 proprietas
523 1741 540 1767 ⁷.
562 1740 689 1768 Secunda
711 1738 867 1767 differentia
888 1741 930 1767 est
952 1738 979 1766 in
1000 1738 1075 1766 omni
1108 1737 1149 1765 in-

307 1788 443 1822 dividuo,
465 1788 530 1825 quia
551 1794 633 1815 omne
654 1786 832 1815 individuum
854 1785 939 1813 habet
959 1792 1019 1813 esse
1051 1784 1149 1812 limita-

308 1838 382 1869 tum;
404 1837 430 1863 et
452 1834 514 1862 ideo
538 1833 565 1861 in
596 1833 690 1870 aliquo
721 1832 869 1865 convenit,
891 1831 919 1859 in
941 1830 1035 1867 aliquo
1056 1830 1149 1859 differt

307 1889 371 1910 curn
392 1881 460 1915 alio,
482 1882 509 1909 et
530 1880 592 1908 ideo
613 1879 641 1907 in
655 1879 728 1907 omni
746 1878 890 1907 individuo
911 1877 1004 1906 differt
1025 1877 1149 1905 essentia

307 1930 334 1956 et
353 1926 557 1964 suppositum;
578 1925 780 1963 multiplicatur
801 1925 875 1953 enim
897 1924 1016 1953 essentia
1037 1923 1064 1952 in
1086 1931 1150 1960 sup-

307 1974 410 2011 positis.
433 1973 524 2002 Tertia
546 1972 701 2001 differentia
721 1971 805 2000 estin
824 1971 898 1999 omni
920 1974 1017 1999 creato
1039 1973 1065 1999 et
1086 1979 1150 1999 con-

307 2023 404 2048 creato
420 2019 447 2047 ⁸:
469 2019 535 2055 quia
554 2019 628 2047 enim
650 2025 740 2052 omne,
762 2018 838 2055 quod
859 2020 901 2046 est
916 2020 1027 2054 praeter
1047 2017 1147 2051 Deum,

1006 123 1255 156 SENTENTIARUM
1278 123 1336 152 ΗΒ.
1360 123 1377 151 1.
1389 167 1391 169 Ι

1208 200 1307 237 accipit
1327 208 1388 228 esse
1409 200 1537 234 aliunde,
1558 200 1616 229 sive
1636 201 1804 238 principium
1827 202 1876 236 sit,
1899 202 1957 231 sive
1978 203 2052 240 prin-

1208 247 1354 283 cipiatum:
1378 247 1440 275 ideo
1460 247 1529 275 nihil
1551 250 1593 275 est
1618 255 1701 276 suum
1722 255 1799 283 esse,
1821 248 1892 277 sicut
1914 249 1963 277 lux
1995 257 2049 278 non

1207 295 1249 321 est
1271 300 1354 320 suum
1376 293 1478 321 lucere.

1285 339 1310 367 Si
1333 347 1400 375 ergo
1414 339 1524 367 dicatur
1539 339 1700 377 simplicitas
1715 349 1765 378 per
1779 341 1964 378 privationem
1979 351 2052 370 com-
2063 350 2188 370 omousios.

1202 384 1374 421 positionis,
1397 385 1435 414 sic
1456 386 1604 422 proprium
1635 388 1676 414 est
1707 386 1794 415 solius
1815 387 1863 416 Dei
1885 387 1913 416 in
1945 388 2050 417 ratione

1205 430 1402 465 substantiae,
1424 432 1490 468 quia
1521 432 1599 460 nulla
1630 432 1684 460 alia
1715 432 1870 461 substantia
1901 436 1957 468 est,
1978 442 2050 471 quae

1206 485 1260 506 non
1291 477 1395 506 habet⁹
1425 478 1654 515 compositionem
1675 486 1711 507 ex
1743 479 1867 515 possibili
1889 482 1916 508 et
1947 480 2049 509 actuali

1206 524 1313 552 saltem.

1283 571 1309 599 Si
1330 573 1424 599 autem
1445 571 1609 608 simplicitas
1624 572 1697 601 dicat
1711 573 1895 610 privationem
1917 573 2051 602 cssentici-
2063 582 2187 602 ennoias-10³.

1205 617 1241 645 lis
1262 616 1442 655 differentiae
1456 621 1482 646 et
1495 618 1714 655 dependenttae,
1737 619 1774 648 ita
1792 619 1867 656 quod
1889 619 1917 647 in
1932 620 2050 649 essentia

1204 664 1282 692 nulla
1303 664 1338 693 sit
1359 665 1507 693 diversitas
1529 673 1579 694 nec
1601 666 1786 702 dependentia
1799 666 1831 702 ¹⁰.
1846 670 1888 696 est
1904 667 2050 704 proprium

1204 710 1252 739 Dei
1275 711 1302 739 in
1334 711 1440 739 ratione
1470 711 1559 745 entis,
1582 712 1648 749 quia
1668 712 1779 741 nullum
1810 713 1887 742 aliud
1909 721 1958 742 ens
1992 715 2049 748 est,

1204 757 1231 785 in
1253 765 1310 794 quo
1330 765 1384 785 non
1407 758 1487 786 cadat
1509 758 1603 795 aliqua
1624 759 1772 788 diversitas
1788 759 1832 788 vel
1854 759 2047 796 dependentia.

1282 803 1496 832 Concedendum
1518 812 1585 841 ergo
1616 808 1674 839 est,
1706 805 1781 842 quod
1811 805 1974 843 simplicitas
2006 808 2048 834 est
2060 816 2155 840 Epilogus.

1203 850 1252 879 Dei
1274 851 1440 887 proprium,
1462 853 1493 879 ut
1515 851 1607 879 visum
1628 854 1678 880 est.
1701 851 1851 880 Creaturae
1872 854 1966 881 autem
1978 860 2049 881 com-

1203 896 1308 934 positae
1329 899 1394 925 sunt
1415 905 1465 926 nec
1487 905 1553 926 vere
1580 898 1735 935 simplices,
1767 899 1833 935 quia
1854 898 1958 927 habent
1988 906 2049 928 esse

1203 943 1330 971 mixtum
1350 951 1386 972 ex
1408 946 1472 972 actu
1494 946 1522 972 et
1546 944 1683 981 potentia,
1706 945 1771 981 quia
1802 944 1907 973 habent
1928 953 1988 974 esse
2019 945 2050 973 li-

1203 990 1357 1023 mitatum,
1378 992 1405 1018 et
1426 990 1464 1018 ita
1486 990 1513 1018 in
1535 998 1636 1027 genere
1657 994 1684 1019 et
1705 991 1797 1028 specie
1812 998 1862 1028 per
1878 991 2049 1020 additionem

1203 1039 1390 1071 contractum,
1412 1037 1479 1073 quia
1500 1037 1604 1065 habent
1625 1045 1685 1066 esse
1700 1037 1820 1066 aliunde
1841 1038 1962 1071 (latum,
1984 1037 2049 1074 quia

1203 1082 1307 1111 habent
1327 1090 1387 1111 esse
1405 1087 1472 1120 post
1492 1084 1585 1111 Deum
1606 1092 1716 1117 umam,
1739 1092 1754 1112 a
1776 1092 1831 1121 quo
1853 1083 2001 1117 deficiunt3
2022 1085 2049 1112 et

1203 1129 1240 1157 ita
1262 1129 1365 1157 cadunt
1386 1129 1415 1157 in
1435 1130 1663 1166 compositionem
1677 1130 1702 1157 ¹¹.

1282 1175 1374 1204 Aliter
1395 1179 1486 1213 potest
1500 1176 1553 1205 [lici
1569 1179 1595 1205 et
1611 1177 1725 1205 brevius
1739 1176 1769 1211 ¹²,
1785 1177 1860 1213 quod
1875 1177 1996 1213 simplex
2010 1176 2049 1205 di·
2061 1181 2191 1223 Alipsbmoguv

1203 1222 1276 1251 citur
1296 1230 1347 1259 per
1367 1223 1553 1259 privationem
1575 1223 1789 1260 compositionis.
1812 1223 1864 1251 Sed
1885 1223 2048 1258 notandum,
2077 1210 2088 1228 ῃ
2100 1210 2110 1223 ⁰
2124 1210 2147 1223 Μ
2162 1210 2174 1223 ι’

1203 1270 1278 1306 quod
1303 1270 1465 1306 compositio
1497 1270 1601 1299 dicitur
1631 1270 1795 1307 dupliciter:
1819 1278 1877 1298 uno
1898 1270 1981 1299 modo
2002 1270 2049 1298 ali-

1204 1315 1284 1344 cuius
1305 1324 1339 1344 cx
1359 1315 1508 1354 aliquibus
1516 1327 1527 1350 ;
1548 1316 1607 1345 alio
1629 1317 1732 1351 modo,
1754 1326 1811 1354 qua
1822 1318 1841 1333 ¹³
1855 1317 1962 1355 aliquid
1985 1317 2049 1347 dici-

1203 1365 1250 1391 tur
1271 1363 1399 1399 componi
1420 1363 1482 1391 alii.
1505 1363 1532 1391 Si
1553 1371 1620 1400 ergo
1641 1363 1805 1401 simplicitas
1826 1363 1918 1401 privet
1939 1372 2049 1402 compo-

1204 1409 1331 1438 sitionem
1356 1418 1391 1437 eac
1412 1409 1501 1443 aliis,
1523 1410 1562 1438 sic
1590 1410 1718 1439 convenit
1750 1411 1833 1439 etiam
1855 1410 1974 1445 creatis,
2006 1413 2048 1440 ut-

1204 1459 1267 1493 pote
1288 1456 1386 1493 primis
1407 1456 1552 1493 principiis
1566 1456 1598 1491 ¹⁴,
1620 1464 1692 1493 quae
1713 1465 1767 1485 non
1789 1459 1995 1494 componuntur
2010 1465 2048 1486 ex

1203 1501 1273 1530 aliis.
1295 1502 1322 1530 Si
1343 1505 1438 1531 autem
1468 1503 1559 1539 privet
1591 1503 1819 1539 compositionem
1840 1512 1907 1532 cum
1928 1504 2000 1533 aliis
2021 1506 2048 1532 et

1203 1557 1238 1577 ex
1268 1548 1353 1582 aliis,
1376 1549 1415 1577 sic
1436 1549 1523 1578 solius
1544 1549 1594 1578 Dei
1618 1553 1668 1578 est.
1694 1549 1791 1578 Omnis
1823 1550 1897 1579 enim
1919 1552 2049 1579 creatura

1204 1598 1253 1623 aut
1273 1597 1315 1624 est
1336 1603 1385 1624 ens
1402 1604 1456 1633 per
1476 1604 1506 1624 sc
1527 1598 1554 1625 et
1575 1596 1607 1624 in
1627 1605 1656 1624 se
1671 1596 1710 1630 ¹⁵;
1730 1599 1757 1625 et
1782 1597 1820 1625 ita
1841 1597 1993 1634 composita
2014 1605 2048 1625 ex

1204 1642 1294 1676 aliis;
1314 1644 1363 1671 aut
1383 1645 1424 1671 est
1445 1650 1495 1671 ens
1517 1651 1584 1671 cum
1605 1642 1664 1671 alio
1687 1646 1714 1671 et
1735 1643 1766 1671 iii
1788 1643 1865 1677 alio;
1886 1646 1913 1672 et
1934 1644 1972 1672 ita
1994 1643 2050 1672 alii

1205 1688 1364 1726 composita.
1388 1689 1418 1717 Et
1438 1689 1540 1717 iterum
1562 1697 1643 1718 omne
1665 1692 1791 1718 creatum
1811 1692 1860 1718 aut
1880 1692 1922 1719 est
1938 1689 2050 1727 princi—

1200 1736 1302 1772 pium5
1322 1738 1349 1764 et
1370 1736 1407 1764 ita
1429 1736 1613 1773 componibile
1634 1736 1680 1765 alii
1687 1747 1694 1771 3
1715 1739 1764 1765 aut
1777 1737 2008 1774 principiatum;
2021 1738 2049 1765 et

1204 1783 1243 1811 sic
1265 1783 1449 1820 compositum
1471 1791 1507 1812 ex
1529 1783 1591 1812 aliis
1599 1794 1606 1818 ς
1621 1786 1648 1812 et
1663 1777 1702 1812 sic
1717 1783 1851 1820 accipitur
1873 1783 2048 1821 simplicitas,

1204 1833 1288 1867 prout
1309 1832 1350 1859 est
1371 1830 1411 1859 rei
1433 1831 1605 1867 proprietaS,
1626 1838 1677 1867 per
1698 1830 1898 1867 privationem,
1920 1830 2049 1860 videlicet

1204 1876 1353 1913 utriusque
1375 1877 1590 1914 compositionis.

1287 1923 1310 1951 1.
1332 1922 1371 1951 Ad
1393 1923 1463 1952 illud
1484 1931 1551 1960 ergo
1572 1923 1647 1960 quod
1669 1923 1814 1957 obiicitur,
1836 1923 1911 1960 quod
1932 1924 1968 1952 ab
1992 1931 2049 1952 uno
2073 1928 2143 1948 Salutio
2156 1933 2189 1952 0p-
2233 1950 2235 1956 ,

1205 1976 1260 1997 non
1282 1971 1323 1997 est
1344 1969 1397 1997 nisi
1422 1977 1512 1998 unum
1543 1972 1611 2004 etc.;
1633 1969 1798 2004 dicendum,
1830 1970 1906 2006 quod
1927 1970 2048 2007 simplex
2062 1954 2171 1976 mmmm*

1206 2024 1261 2045 non
1283 2018 1325 2045 est
1346 2016 1467 2045 conditio
1498 2016 1636 2053 generalis
1666 2016 1737 2046 entis
1758 2017 1830 2045 sicut
1850 2024 1947 2045 unum.
1979 2017 2047 2045 Nam

371 2143 378 2157 ¹
397 2143 437 2166 Ed.
456 2144 464 2165 t
490 2142 646 2167 accidentium
670 2143 720 2165 loco
745 2141 880 2170 actionum,
903 2148 957 2164 cum
982 2149 1027 2171 qua
1052 2142 1147 2165 lectione

309 2181 447 2204 concordant
463 2181 534 2204 verba
551 2182 661 2209 Magistri,
674 2181 710 2203 hic
722 2186 741 2203 c.
759 2181 780 2202 3.
798 2181 820 2202 in
832 2181 895 2202 initio
905 2198 910 2208 ,
923 2183 945 2203 et
956 2181 1074 2208 explicatio
1086 2181 1148 2208 ipso-

309 2226 361 2242 rum
378 2220 435 2242 intra
456 2220 511 2243 dub.
529 2221 550 2242 2.
568 2220 611 2242 Pro
628 2220 722 2242 lectione
738 2225 793 2241 mss.
816 2219 908 2247 allegari
934 2222 1008 2247 potest
1030 2219 1092 2241 Alan.
1118 2218 1147 2241 ab

309 2259 376 2281 Insui.
393 2259 474 2287 Regul.
491 2259 589 2287 theolog.
600 2276 605 2286 ‚
622 2265 670 2286 reg.
690 2259 698 2280 1
710 2276 715 2286 ‚
728 2258 768 2280 ubi
781 2261 871 2286 praeter
882 2258 1034 2286 pluralitatem
1047 2258 1146 2286 partium

308 2300 331 2319 et
347 2298 512 2325 proprietatum
529 2298 593 2320 affert
609 2297 760 2325 pluralitatem
777 2296 917 2326 effectu-um,
941 2302 1001 2325 quae
1026 2296 1148 2319 attenditur

309 2337 331 2358 in
348 2336 541 2364 proprietatibus3
559 2337 592 2358 sic
608 2336 691 2358 albedo
708 2336 759 2358 iacit
771 2335 865 2364 aihum,
878 2336 931 2358 facit
941 2335 1068 2358 coloratum
1078 2353 1083 2363 ‚
1096 2335 1148 2357 facit

309 2376 407 2404 qualern.
424 2375 486 2397 Deus
502 2378 578 2397 autem
596 2381 640 2397 non
665 2377 699 2397 est
716 2375 822 2397 diversus
847 2374 965 2396 effectibus
989 2374 1071 2402 variis,
1094 2375 1147 2403 quia

309 2420 354 2436 non
370 2417 405 2436 est
420 2420 488 2436 causa
504 2413 620 2443 formalis.
639 2414 738 2442 Utraque
755 2416 830 2435 tamen
849 2414 914 2436 lectio
931 2414 953 2435 in
975 2413 1036 2436 idem
1053 2413 1132 2436 recidit
1143 2431 1148 2441 ,

309 2455 334 2474 ut
350 2456 411 2480 patet
427 2459 453 2475 ex
470 2453 509 2480 iis,
527 2459 586 2481 quae
603 2453 671 2480 paulo
688 2452 745 2474 intra
759 2451 878 2474 habentur.

370 2491 380 2505 ‘²
397 2492 450 2513 Sive
467 2491 612 2519 substantiis,
630 2491 713 2519 supple
730 2491 818 2513 creatis.
835 2502 867 2507 —
883 2491 932 2513 Mox
950 2490 1000 2513 cod.
1019 2491 1047 2512 W
1068 2496 1147 2514 secun-

310 2529 342 2552 da
359 2530 408 2552 loco
426 2529 482 2552 alia.

371 2568 380 2583 ³
398 2569 447 2591 Vat.
465 2575 518 2591 cum
535 2568 586 2591 cod.
604 2575 641 2594 cc.
659 2568 813 2591 obnitentibus
830 2568 878 2591 aliis
895 2574 949 2591 mss.
967 2571 990 2591 et
1000 2568 1036 2591 ed.
1052 2569 1060 2590 1
1072 2586 1077 2596 ,
1090 2568 1149 2590 male

310 2608 392 2630 omittit
407 2607 509 2636 proprie.

372 2645 381 2660 ⁴
398 2643 504 2675 Dionys'„
531 2646 559 2668 de
582 2645 676 2669 Caelest.
694 2646 810 2668 tlierarch.
828 2652 847 2668 c.
866 2647 902 2668 11.
919 2646 963 2669 Csr.
981 2652 1052 2675 supra
1069 2653 1092 2675 p.
1110 2646 1147 2668 79.

311 2684 366 2707 Nota
383 2684 403 2706 5.

371 2723 381 2738 ⁵
397 2723 455 2745 Vide
472 2724 563 2751 Boeth.,
581 2723 610 2745 de
627 2723 689 2745 Trin.
707 2729 726 2745 c.
744 2724 765 2745 2.
783 2729 847 2752 seqq.
864 2725 887 2745 et
902 2723 932 2746 de
948 2723 1091 2745 Hebdomad.

372 2762 382 2776 θ
398 2762 448 2784 Vat.
466 2762 521 2784 falso
538 2764 560 2784 et
576 2764 653 2784 contra
670 2768 724 2784 mss.
743 2767 831 2783 necnon
849 2761 884 2783 ed.
903 2762 912 2783 1
936 2767 985 2784 esse
1005 2767 1047 2789 pro
1072 2766 1147 2783 omne.

310 2812 342 2816 —
358 2800 434 2822 Boeth.
446 2817 451 2827 ,
468 2800 497 2821 de
514 2800 576 2822 Trin.
594 2806 613 2822 c.
632 2801 653 2822 2.
670 2799 781 2827 ostendit,
800 2799 863 2828 quod
880 2800 968 2822 nullum
985 2800 1080 2828 simplex
1098 2805 1149 2821 esse

311 2839 382 2867 possit
398 2838 525 2861 subiectum
542 2838 707 2866 accidentium;
725 2839 791 2860 cuius
803 2838 965 2866 propositionis
976 2838 1148 2866 explicationem

312 2877 363 2899 vide
380 2877 442 2904 apud
459 2877 521 2899 Alan.
539 2877 568 2899 ab
585 2877 651 2899 Insui.
670 2877 749 2904 Regni.
768 2877 866 2904 theolog.
878 2894 883 2904 ‚
901 2883 949 2904 reg.
968 2877 1006 2898 12.

1266 2140 1276 2156 ⁷
1293 2141 1405 2170 Corrupta
1422 2142 1488 2164 lectio
1505 2142 1555 2164 Vat.
1576 2141 1624 2165 sive
1647 2140 1745 2165 subiecti
1766 2140 1901 2171 proprietas
1927 2141 2050 2163 resarcitur

1204 2186 1248 2208 ope
1266 2186 1320 2202 mss.
1338 2183 1360 2202 et
1377 2180 1412 2203 ed.
1432 2181 1452 2202 1.

1267 2218 1277 2233 ²³
1294 2218 1437 2241 substantiae
1454 2220 1503 2241 sive
1520 2220 1639 2248 supposita
1656 2219 1763 2242 dicuntur
1780 2218 1876 2247 creor&
1891 2218 2015 2241 accidentia
2026 2221 2048 2241 et

1205 2262 1306 2285 annexa,
1324 2257 1382 2279 inter
1399 2264 1458 2286 quae
1474 2260 1508 2280 est
1532 2259 1582 2286 ipsa
1605 2259 1688 2281 creatio
1714 2259 1806 2286 passive
1832 2260 1921 2284 sumta,
1939 2257 2048 2279 dicuntur

1204 2294 1334 2318 concreari.
1352 2295 1396 2318 Cir.
1414 2296 1437 2318 11.
1455 2296 1515 2318 Seni.
1533 2296 1555 2318 d.
1577 2297 1594 2318 1.
1612 2303 1634 2324 p.
1653 2296 1667 2318 1.
1685 2303 1705 2318 a.
1723 2296 1744 2318 3.
1762 2303 1783 2324 q.
1802 2297 1822 2318 2.
1839 2307 1871 2312 —
1887 2296 1937 2318 Mox
1954 2295 1999 2318 fide
2011 2301 2048 2317 an-

1205 2335 1330 2363 tiquiorum
1347 2340 1401 2357 mss.
1419 2337 1441 2357 et
1458 2335 1494 2357 ed.
1513 2335 1521 2357 1
1544 2335 1670 2357 adiecimus
1686 2334 1755 2358 enim.

1266 2372 1276 2386 ⁹
1293 2373 1366 2401 Aliqui
1384 2373 1451 2395 codd.
1469 2376 1494 2395 ut
1510 2373 1557 2395 HT
1575 2379 1629 2395 cum
1646 2373 1698 2395 edd.
1718 2373 1726 2395 1
1740 2391 1746 2401 ,
1764 2372 1792 2401 4,
1810 2373 1824 2395 5
1841 2372 1931 2396 habeat.

1267 2411 1286 2425 ¹⁰
1302 2411 1407 2434 Nonnulli
1424 2412 1491 2434 codd.
1509 2415 1533 2434 ut
1549 2412 1584 2434 Hi
1601 2418 1627 2434 aa
1645 2412 1677 2434 bb
1694 2412 1782 2434 addunt
1798 2411 1839 2435 sic.

1268 2450 1285 2464 ¹¹
1304 2451 1363 2473 Vide
1379 2451 1456 2473 Boeth.
1467 2469 1472 2479 ,
1490 2451 1520 2473 de
1536 2451 1624 2473 Unitatc
1641 2453 1663 2473 et
1680 2451 1735 2473 Uno.

1268 2490 1287 2504 ¹2
1304 2491 1334 2513 Ex
1351 2490 1515 2513 vetustioribus
1531 2496 1586 2512 mss.
1604 2493 1625 2512 et
1642 2490 1678 2512 ed.
1692 2491 1700 2512 1
1716 2490 1876 2513 substituimus
1894 2489 1986 2513 brevius
1998 2489 2048 2512 loco

1207 2527 1284 2551 verius
1301 2530 1323 2550 et
1340 2528 1409 2556 paulo
1426 2528 1484 2550 infra
1501 2528 1548 2551 Sed
1564 2534 1607 2556 pro
1624 2528 1660 2551 Et.

1268 2566 1287 2581 ¹³
1303 2567 1333 2590 lta
1351 2568 1443 2595 plurimi
1461 2567 1527 2589 codd.
1546 2570 1570 2589 ut
1586 2566 1681 2589 ACFH
1692 2567 1709 2589 Κ
1721 2567 1738 2589 R
1750 2567 1790 2589 ST
1801 2567 1819 2589 U
1836 2573 1862 2590 cc
1878 2573 1905 2589 ee
1922 2572 1976 2589 cum
1994 2566 2047 2589 edd.

1208 2607 1227 2635 1,
1245 2607 1266 2634 2,
1284 2607 1309 2635 35
1328 2606 1377 2629 Vat.
1395 2612 1448 2636 quo.
1467 2606 1572 2629 Refertur
1589 2612 1637 2636 qua
1654 2606 1683 2629 ad
1700 2605 1843 2636 composicio.

1268 2644 1287 2659 ¹⁴
1305 2646 1354 2667 Vat.
1371 2651 1425 2667 cum
1443 2645 1493 2667 cod.
1506 2652 1532 2668 cc
1544 2648 1634 2673 praeter
1651 2645 1720 2667 fidem
1736 2647 1865 2668 ceterorum
1877 2647 1899 2667 et
1910 2644 1946 2667 ed.
1960 2645 1968 2666 1
1985 2645 2048 2666 omit-

1205 2685 1230 2707 tit
1246 2685 1322 2706 minus
1338 2683 1398 2706 bene
1413 2683 1542 2713 principiis.
1560 2684 1630 2706 Paulo
1647 2686 1698 2706 ante
1715 2684 1793 2712 plures
1810 2683 1878 2706 codd.
1890 2686 1915 2705 ut
1931 2683 1947 2704 Ε
1957 2682 2001 2705 FH
2010 2683 2046 2704 IK

1206 2722 1255 2750 QX
1265 2722 1280 2743 Z
1297 2721 1414 2745 creaturis
1431 2728 1474 2749 pro
1495 2722 1585 2745 creatis,

1268 2760 1288 2774 ¹⁵
1304 2760 1328 2782 ld
1345 2763 1378 2782 est
1399 2760 1524 2782 substantia
1550 2761 1674 2789 completa,
1692 2761 1729 2782 cui
1746 2760 1870 2788 opponitur
1886 2759 1999 2781 accidens.
2016 2771 2048 2776 —

1206 2799 1274 2821 Paulo
1291 2799 1348 2821 infra
1365 2799 1410 2821 ssde
1427 2799 1529 2826 plurium
1546 2805 1600 2821 mss.
1618 2802 1642 2821 ut
1659 2799 1705 2821 HT
1724 2805 1750 2820 aa
1767 2798 1799 2820 bb
1817 2804 1843 2820 ee
1865 2800 1885 2820 et
1908 2797 1943 2820 cd.
1963 2798 1971 2820 t
1993 2800 2046 2826 post

1205 2837 1291 2860 iterum
1307 2838 1427 2865 posuimus
1445 2843 1513 2860 omne
1530 2838 1579 2859 loco
1596 2843 1662 2865 esse;
1680 2836 1746 2859 codd.
1768 2843 1794 2858 aa
1821 2836 1852 2858 bb
1870 2835 1954 2858 habent
1978 2841 2047 2859 omne

1205 2881 1260 2898 csse.
