2253 3317
880 173 1059 202 PRAEFATIO
1080 174 1266 202 GENERALIS.
1842 175 1932 204 XXVI!

294 267 307 283 «
325 251 511 296 Quoniam
528 251 661 297 igitur,
688 255 731 285 ut
755 251 871 285 allata
895 250 1068 297 superius
1095 250 1358 297 comprobant,
1386 252 1523 286 eruditi
1550 251 1631 298 viri,
1652 252 1717 298 qui
1735 252 1796 286 vel
1823 265 1935 299 opera

193 310 226 345 8.
246 310 531 345 Bonaventurac
550 309 764 356 ediderunt,
784 309 846 343 vel
863 309 904 344 in
922 309 1051 343 eadem
1071 310 1278 344 censoriam
1297 310 1487 356 virgulam
1506 315 1768 357 exercuerunt,
1793 312 1833 345 in
1858 316 1935 346 tam

192 369 383 415 oppositas
408 368 550 402 abeunt
576 368 801 412 sententias,
830 372 873 402 ut
893 367 1062 413 ,plurima
1087 380 1214 413 opera,
1243 381 1338 415 quae
1370 368 1437 403 alii
1474 369 1647 415 legitima
1686 375 1857 417 censent,
1885 371 1933 405 ab

192 427 276 462 aliis
299 427 399 472 inter
423 427 551 473 spuria
576 426 637 460 vel
664 426 781 466 dubia
806 426 1046 472 reiiciantur,
1074 426 1234 473 quisque
1259 426 1358 461 hanc
1389 427 1463 461 sibi
1489 427 1641 462 obviam
1676 429 1935 475 quaestionem

192 486 366 520 instituat
390 498 541 520 11666336
568 490 639 531 est,
666 485 767 519 unde
792 489 898 519 tanta
923 484 1147 530 opinionum
1172 485 1369 520 diversitas
1394 486 1434 519 in
1460 486 1550 520 viris
1577 487 1794 533 ceteroquin
1813 488 1935 522 erudi-

192 544 294 578 tione
320 544 534 590 praeclaris,
561 543 607 577 de
632 556 670 577 re
696 548 774 577 tam
800 543 907 589 gravi
932 542 1237 578 iudicantibus».

295 602 417 637 «86116
433 602 481 636 6(1
500 601 693 637 Oudinum
713 601 815 648 quod
832 602 978 648 attinet,
997 601 1200 647 abreptum
1219 614 1306 636 cum
1324 614 1435 648 saepe
1453 602 1570 637 fuisse
1588 616 1610 637 a
1625 604 1792 650 partium
1810 605 1934 640 studio

192 661 394 707 animoque
420 660 459 694 in
485 673 564 694 16111
591 660 818 695 catholicam
843 660 973 695 hostili
1004 660 1052 694 ad
1090 660 1353 706 denegandam
1379 660 1413 696 S.
1440 660 1726 696 Bonaventurae
1757 663 1935 698 maiorem

193 720 272 754 eius
297 723 443 765 partem
468 732 635 766 operum,
653 731 773 765 aequo
795 719 874 753 iure
891 718 1066 753 affirmari
1092 723 1227 765 potest.
1268 718 1448 763 Quamvis
1480 724 1607 754 autem
1639 721 1753 767 longe
1786 723 1935 768 saepius

194 790 307 825 quam
334 778 447 812 ceteri
472 778 513 812 in
540 778 737 812 censendis
764 777 797 813 S.
825 777 1112 812 Bonaventurae
1130 777 1306 824 operibus
1328 782 1365 812 et
1382 778 1500 824 gestis
1518 780 1695 814 erraverit
1712 780 1792 826 ipse
1808 808 1815 827 ,
1834 781 1935 815 haud

193 841 319 871 tamen
346 849 493 883 semper
517 841 583 871 aut
608 849 696 870 vera
720 836 876 882 negavit
902 848 1030 882 opera,
1058 840 1124 870 aut
1149 836 1277 882 spuria
1302 836 1431 883 inique
1457 836 1651 872 iudicavit.
1678 837 1789 873 Unde
1812 839 1851 873 in
1869 839 1935 873 ali-

193 895 332 941 quibus
358 908 445 930 611111
471 908 514 930 60
540 895 774 930 conveniunt
799 899 837 929 ct
862 895 1085 941 posteriores
1112 895 1250 940 critici,
1279 899 1316 929 et
1345 895 1456 929 nobis
1494 895 1607 929 etiam
1646 897 1846 931 convenire
1873 910 1936 932 116-

194 966 341 989 cessum
367 954 447 989 erit.
467 953 540 989 Sed
556 954 695 988 mirum
720 953 891 1000 profecto
910 958 981 999 est,
1001 953 1103 1000 quod
1128 953 1352 999 posteriores
1379 953 1529 988 Oudino
1556 966 1742 1001 censores,
1763 957 1936 1002 quamvis

193 1012 450 1047 Franciscales
475 1017 513 1046 et
546 1012 683 1047 eruditi
717 1012 788 1046 viri
822 1016 936 1058 atque
966 1012 1135 1046 veritatis
1160 1012 1426 1058 amantissimi,
1458 1012 1498 1046 in
1522 1012 1697 1058 pluribus
1723 1014 1936 1049 iudicandis

195 1071 372 1117 operibus
397 1071 554 1105 minime
579 1071 678 1105 inter
703 1083 741 1105 se
768 1071 996 1105 conveniant
1026 1075 1064 1104 et
1100 1070 1327 1117 quandoque
1354 1083 1448 1116 opus
1475 1070 1590 1117 idem,
1631 1072 1732 1117 quod
1765 1071 1936 1108 Oudinus

194 1135 237 1164 ut
262 1130 479 1175 legitimum
504 1130 688 1175 admittit,
715 1120 765 1163 ab
789 1129 867 1164 illis
892 1133 935 1163 ut
971 1129 1226 1163 adulterinum
1264 1133 1471 1175 respuatur.
1511 1128 1619 1173 Quod
1656 1130 1809 1176 quidem
1848 1132 1937 1166 satis

194 1188 373 1234 ostendit,
401 1200 463 1223 603
489 1188 590 1223 bona
613 1188 687 1222 fide
714 1200 752 1222 se
778 1188 938 1233 gessisse
963 1200 1006 1222 66
1024 1187 1243 1222 nullatenus
1261 1187 1309 1222 ob
1327 1200 1492 1222 amorem
1511 1187 1678 1234 Ordinis,
1708 1190 1815 1224 cuius
1833 1195 1938 1224 erant

194 1247 354 1293 alumni,
382 1251 419 1281 et
445 1246 639 1293 86161111161
666 1246 855 1292 Doctoris,
884 1246 943 1280 eui
971 1246 1135 1280 maxime
1161 1246 1304 1280 addicti
1342 1250 1462 1292 erant,
1503 1246 1576 1281 sibi
1609 1259 1652 1281 ac
1690 1247 1774 1283 aliis
1807 1248 1938 1283 fucum

195 1306 317 1340 faeere
344 1305 555 1340 voluisse».

298 1379 311 1395 «
325 1364 378 1400 Ut
403 1364 505 1411 quod
522 1363 634 1398 modo
651 1363 879 1398 asseruimus
905 1362 1204 1409 comprobemus,
1232 1362 1431 1409 Epistolcmi
1455 1363 1582 1409 viqinti
1599 1364 1751 1411 quinque
1774 1377 1939 1401 memora-

196 1423 334 1467 biliam,
362 1435 475 1469 supra
500 1422 539 1456 in
566 1421 724 1456 elencho
750 1434 907 1468 operum
933 1421 1110 1456 editionis
1128 1421 1334 1456 Vaticanae
1360 1421 1484 1456 subn.
1504 1422 1548 1456 47
1567 1422 1788 1469 indicatam,
1807 1425 1939 1470 genui-

196 1495 284 1516 nam
309 1481 484 1527 agnoscit
509 1480 698 1526 Oudinus,
725 1485 764 1515 at
789 1493 865 1515 non
891 1480 993 1514 idem
1018 1480 1188 1515 sentiunt
1212 1479 1350 1514 Veneti
1376 1480 1551 1527 editores,
1579 1481 1645 1527 qui
1683 1482 1840 1516 eandem
1873 1483 1940 1517 du-

195 1541 298 1576 biam
316 1552 395 1575 essc
413 1539 557 1574 volunt.
585 1538 729 1574 Smmna
755 1538 795 1574 de
820 1539 965 1574 θςεθηέία
989 1541 1020 1573 et
1036 1538 1278 1573 invisibilitate
1304 1541 1334 1573 et
1359 1539 1585 1574 immensitate
1609 1539 1690 1585 Dei,
1709 1540 1851 1575 ibidem
1869 1542 1940 1576 sub

196 1612 233 1634 11.
261 1599 307 1634 90
332 1598 465 1644 relata,
493 1597 610 1632 dubia
634 1602 691 1632 cst
715 1598 817 1644 apud
843 1597 969 1643 illum,
997 1598 1097 1644 apud
1124 1597 1193 1632 hos
1224 1598 1362 1643 spuria.
1392 1597 1487 1644 Opus
1513 1597 1553 1632 cle
1578 1601 1729 1645 quatuor
1754 1599 1941 1635 virteitibzcs

196 1657 454 1702 casrcliwalibus,
483 1656 554 1691 sub
579 1669 615 1691 n.
642 1656 703 1702 26,
724 1655 896 1691 Oudinus
914 1656 1030 1691 habet
1058 1669 1135 1690 non
1164 1656 1368 1702 indignum
1394 1656 1673 1703 Bonaventura,
1701 1657 1837 1692 Veneti
1864 1659 1940 1693 edi-

196 1722 294 1752 tores
320 1716 496 1761 dubium,
524 1714 565 1749 P.
593 1714 770 1750 Sbaralea
795 1715 982 1761 spurium,
1010 1715 1075 1749 sed
1104 1714 1145 1749 P.
1172 1714 1326 1749 Bonelli
1352 1719 1395 1748 ut
1420 1715 1625 1749 verisimile
1654 1715 1940 1751 Bonaventurae

196 1774 389 1810 adscribit.
416 1773 473 1808 En
500 1773 618 1819 igitur
645 1785 754 1819 opus,
774 1774 835 1807 cui
853 1785 984 1808 omnes
1008 1785 1106 1819 pene
1131 1777 1258 1819 notae,
1286 1772 1425 1819 quibus
1456 1785 1568 1818 opera
1597 1774 1721 1820 quoad
1750 1780 1940 1810 auctorem

198 1846 308 1868 suum
325 1836 542 1879 comparata
554 1831 854 1879 distinguuntur,
871 1832 1066 1878 appositae
1080 1835 1178 1866 sunt.
1193 1830 1275 1865 Non
1293 1835 1408 1877 negat
1426 1830 1608 1877 Oudinus,
1627 1831 1843 1878 legitimum
1861 1846 1940 1869 6336

197 1892 343 1928 foetum
369 1891 402 1927 S.
430 1891 716 1926 Bonaventurae
745 1890 1036 1925 Commentm'ium
1060 1890 1098 1924 in
1124 1889 1354 1937 Evcmyelizmi
1381 1889 1417 1924 S.
1443 1889 1578 1934 Lucae,
1605 1890 1676 1925 sub
1702 1903 1737 1925 n.
1757 1891 1794 1937 93
1812 1896 1851 1926 at
1869 1892 1940 1926 Ve-

198 1951 276 1985 neti
305 1950 465 1985 editores
491 1949 651 1984 dubium
676 1949 832 1995 habent,
861 1948 1037 1984 Sbaralea
1062 1953 1099 1983 et
1124 1948 1305 1983 Bonellus
1324 1952 1469 1982 certum
1487 1952 1627 1983 tenent.
1646 1948 1807 1984 Dubitat
1826 1949 1940 1985 Oudi-

199 2022 271 2044 nus
296 2009 342 2043 de.
369 2021 490 2055 opere,
519 2009 621 2055 quod
648 2009 718 2044 sub
744 2021 780 2043 n.
815 2008 859 2042 27
885 2020 907 2043 (ι
932 2010 1055 2054 septem
1088 2006 1189 2042 donis
1214 2006 1373 2053 Spiritus
1399 2006 1522 2041 Sao'zcti
1538 2007 1777 2054 inscribitur,
1804 2008 1940 2044 Veneti

198 2073 324 2102 autem
351 2067 512 2102 editores
538 2072 683 2102 certum
710 2067 949 2112 existimant,
985 2065 1161 2101 Sbaralea
1186 2070 1224 2100 et
1249 2065 1430 2100 Boncllus
1455 2065 1553 2099 inter
1578 2066 1705 2111 spuria
1734 2072 1939 2102 recensent.

198 2126 256 2161 Ex
281 2126 450 2160 eiusdem
476 2125 672 2161 8116161666
699 2126 840 2160 iudicio
865 2125 1070 2169 illegitima
1095 2128 1184 2159 sunt
1209 2136 1337 2170 opera,
1366 2136 1461 2170 quae
1489 2124 1559 2158 sub
1597 2137 1632 2159 11.
1663 2125 1698 2171 1,
1727 2125 1763 2171 2,
1791 2122 1852 2172 42,
1879 2126 1940 2172 43,

199 2186 259 2231 54,
287 2186 332 2219 55
359 2185 615 2231 eontinentur,
644 2184 708 2219 sed
741 2184 834 2218 haec
867 2184 951 2230 ipsa
983 2187 1026 2217 ut
1059 2195 1238 2229 germana
1267 2182 1442 2217 habenda
1479 2187 1603 2217 essent
1641 2196 1685 2217 ex
1724 2183 1765 2218 P.
1792 2183 1941 2218 Bonelli

203 2244 389 2279 sententia
401 2257 415 2275 »
427 2271 433 2278 .

304 2317 318 2334 «
331 2301 384 2337 Ut
409 2302 455 2335 de
482 2301 632 2336 Oudino
658 2306 695 2336 et
720 2301 927 2336 editoribus
954 2300 1110 2335 Venetis
1148 2304 1354 2345 taceamus,
1395 2312 1521 2345 661136,
1561 2312 1673 2346 quare
1700 2299 1739 2335 P.
1769 2300 1942 2336 811616166

203 2361 323 2395 multa
348 2360 550 2406 Seraphico
574 2360 781 2395 restituerit
805 2372 826 2394 a
851 2359 1040 2406 prioribus
1065 2358 1206 2405 ablata,
1235 2359 1274 2392 in
1301 2371 1343 2393 eo
1368 2358 1544 2404 ponenda
1569 2363 1640 2403 est,
1668 2359 1768 2404 quod
1807 2359 1876 2393 1166
1903 2360 1941 2393 111

202 2433 240 2454 re
266 2419 405 2453 maiore
431 2419 566 2465 peritia
592 2423 629 2453 et
654 2419 865 2453 eruditione
890 2417 1071 2452 excelluit
1096 2430 1139 2452 ac
1166 2417 1389 2462 diligentius
1415 2429 1544 2451 omncs
1569 2417 1731 2451 rationes
1749 2418 1941 2463 expendit.

201 2477 310 2521 Quod
336 2477 499 2523 denique
527 2476 567 2511 P.
596 2476 745 2511 Bonelli
772 2477 894 2511 multo
920 2476 1031 2523 plura
1056 2488 1170 2522 quam
1196 2475 1371 2510 Sbaralea
1402 2475 1554 2509 Doctori
1581 2474 1782 2521 Seraphico
1821 2476 1942 2509 vindi-

205 2536 361 2581 caverit,
388 2535 476 2569 inde
502 2534 672 2581 profecto
699 2534 844 2569 factum
870 2547 948 2569 esse
975 2546 1180 2580 censemus,
1209 2533 1310 2579 quod
1335 2533 1415 2579 ipse
1442 2533 1557 2579 solus,
1585 2538 1787 2579 postquam
1813 2534 1943 2568 critica

205 2606 263 2628 ars
289 2594 417 2639 vigere
443 2594 582 2639 coepit,
610 2594 698 2628 data
735 2606 862 2640 opera,
890 2592 1106 2627 incredibili
1132 2592 1258 2627 labore
1291 2596 1328 2626 et
1364 2592 1528 2625 maxima
1565 2591 1778 2637 diligentia,
1817 2593 1944 2626 onmia

206 2665 301 2698 quae
327 2652 452 2697 potuit
477 2657 722 2686 monumenta
748 2652 961 2698 exploravit
986 2656 1023 2686 et
1048 2651 1233 2697 explorari
1261 2650 1352 2684 fecit
1377 2654 1489 2697 atque
1516 2650 1656 2684 multos
1687 2662 1804 2685 annos
1842 2651 1943 2685 insu-

207 2711 312 2745 davit
337 2710 384 2744 ad
409 2710 552 2744 iustum
577 2710 623 2744 de
648 2711 726 2745 illis
752 2710 951 2745 ferendum
976 2710 1207 2744 iudiciuin».

300 2768 558 2803 Nihilominus
591 2769 700 2814 ratio,
732 2769 781 2803 ob
812 2782 925 2815 quam
954 2769 1095 2803 laudati
1128 2779 1298 2802 censores
1328 2768 1381 2801 ita
1414 2768 1511 2801 inter
1546 2780 1584 2802 36
1616 2768 1656 2801 111
1691 2767 1943 2802 (11111(116611(113

207 2827 384 2872 operibus
402 2827 631 2861 dissentiunt
656 2821 767 2867 etiam
793 2827 947 2862 aliunde
970 2827 1133 2874 petenda
1163 2838 1241 2860 esse
1272 2826 1420 2860 videtur
1451 2838 1563 2872 quam
1593 2838 1615 2860 a
1643 2825 1794 2863 defectu
1823 2826 1943 2860 erudi-

207 2886 333 2931 tionis,
363 2885 584 2931 diligentiae
611 2890 648 2919 et
672 2886 823 2920 laboris.
850 2885 1003 2932 Duplex
1030 2885 1192 2919 occurrit
1222 2884 1335 2919 huius
1366 2884 1609 2918 dissensionis
1640 2889 1677 2918 et
1708 2884 1944 2918 incertitudi-

206 2956 265 2978 ms
294 2956 415 2979 eausa.
