2253 3317
293 160 333 189 Lll
1036 159 1138 188 ΒΗΜΛ
1159 159 1244 188 SIXTI
1267 160 1296 188 V.

292 249 375 271 rum
401 236 610 283 praemium
641 241 677 270 et
702 248 877 270 coronam
903 236 941 270 111
969 235 1116 270 caelum
1153 235 1323 271 feliciter·
1354 237 1550 283 migravit,
1578 238 1618 271 in
1643 237 1817 285 almaque
1842 238 1944 274 Urbe
1969 251 2034 273 no-

293 300 382 338 stra,
409 295 475 329 ubi
501 295 540 329 111
566 295 636 329 hac
664 294 826 329 Basilica
852 298 1067 329 sanctorum
1094 294 1305 329 Duodecim
1329 295 1599 342 Apostolorum
1626 296 1831 342 collegium
1860 310 1882 331 a
1907 297 2031 343 uobis,

292 358 335 388 nt
361 354 435 388 iam
461 353 643 398 diximus,
672 357 728 387 est
753 356 935 398 erectum,
965 353 1196 399 constitutis,
1224 353 1291 399 qui
1317 354 1396 388 eius
1422 353 1563 388 festum
1580 354 1813 400 huiusmodi,
1833 359 1876 389 ut
1893 360 2034 390 ceteras

292 412 338 446 de
365 416 567 458 praecepto
595 410 786 446 Ecclesiae
812 411 950 445 servari
978 411 1107 446 solitas
1133 411 1373 458 festivitates,
1402 412 1536 447 devote
1563 412 1744 459 colentes,
1785 425 1868 447 vere
1905 414 2034 459 poeni-

293 476 414 505 tentes
446 475 483 504 et
508 469 769 504 sacramentali
796 474 1038 516 peccatorum
1063 482 1215 504 suorum
1234 470 1470 505 confessione
1499 471 1719 517 praemissa,
1739 484 1782 506 eo
1800 471 1861 505 die
1879 472 2034 507 sanctis-

291 530 430 563 simum
470 528 727 563 Eucharistiae
768 527 1050 563 Sacramentum
1090 529 1306 574 sumserint,
1345 529 1554 575 plenariam
1586 530 1757 564 omnium
1794 534 2035 575 peccatorum

293 600 444 622 suorum
470 586 749 633 indulgentiam
775 591 813 621 et
837 587 1096 622 remissionem
1121 587 1412 622 misericorditer
1447 588 1486 622 in
1518 587 1694 623 Domino‘
1719 588 1961 623 concedimus
1998 593 2035 623 et

293 646 506 691 elargimur.
534 645 607 689 Qui
634 658 722 680 vero
748 645 926 680 ecclesias
951 644 1125 680 Fratrum
1152 645 1341 680 Minorum
1368 645 1402 681 S.
1429 645 1459 681 F
1462 646 1621 681 rancisci
1660 647 1743 693 ipso
1781 646 1841 680 die
1878 646 1977 681 festo
2013 659 2035 681 a

292 705 425 751 primis
451 704 617 750 vesperis
642 716 761 751 usque
786 704 834 739 ad
859 716 1036 739 occasum
1062 704 1152 739 solis
1178 704 1349 739 eiusdem
1375 705 1449 739 diei
1489 705 1623 740 devote
1661 705 1914 751 visitaverint,
1953 705 2036 752 pias

294 763 389 797 inibi
407 763 454 797 ad
472 762 595 797 Deum
620 775 766 809 preces,
794 767 907 809 prout
924 775 992 797 sua
1009 763 1147 810 cuique
1173 767 1352 809 suggeret
1370 763 1535 809 devotio,
1556 763 1803 809 effundentes,
1824 764 1955 798 decem
1971 776 2036 798 an-

294 834 361 856 nos
392 826 429 856 et
455 821 613 856 totidem
645 821 906 868 quadragenas
945 821 991 855 de
1030 822 1212 856 iniunctis
1250 822 1302 856 eis
1341 834 1407 856 seu
1443 821 1536 856 alias
1573 821 1860 869 quomodolibet
1897 822 2036 857 debitis

292 880 538 927 poenitentiis
564 892 631 926 per
656 884 872 926 praesentes
898 880 1042 915 litteras
1068 884 1252 926 perpetuo
1278 880 1489 925 duraturas,
1518 893 1611 927 quas
1636 880 1708 915 sub
1747 880 1945 927 quibusvis
1980 881 2036 915 in-

294 939 576 985 dulgentiarum
602 938 907 973 revocationibus
945 938 1006 973 vel
1031 938 1327 973 limitationibus
1352 938 1460 974 nullo
1486 939 1599 974 modo
1631 939 1899 986 comprehendi
1930 939 2036 974 volu-

293 1011 395 1043 mus,
423 997 713 1032 misericorditer
738 998 778 1031 in
805 997 969 1032 Domino
995 997 1218 1032 relaxamus.

387 1056 406 1103 ξ
425 1057 478 1091 18.
499 1056 682 1100 Quocirca
708 1055 934 1090 fraternitati
953 1061 990 1090 et
1007 1056 1225 1091 discretioni
1244 1061 1388 1091 vestrae
1406 1068 1472 1102 per
1489 1056 1711 1103 Apostolica
1728 1057 1869 1103 scripta
1885 1056 2037 1091 manda-

294 1127 399 1161 mus,
426 1120 469 1149 ut
494 1119 710 1161 praesentes
736 1114 879 1149 litteras
907 1120 944 1149 et
969 1115 1009 1149 in
1035 1115 1087 1149 eis
1114 1119 1292 1150 contenta
1318 1127 1579 1162 quaecumque
1607 1115 1645 1149 in
1671 1115 1748 1149 suis
1775 1114 1937 1162 quilibet
1953 1127 2037 1162 pro-

294 1174 446 1219 vinciis,
475 1173 710 1219 civitatibus,
740 1173 910 1208 ecclesiis
941 1178 979 1208 et
1005 1173 1242 1208 dioecesibus
1268 1173 1486 1209 solemniter
1515 1173 1719 1220 publicari,
1740 1178 1777 1208 et
1794 1173 1842 1208 ab
1860 1173 2037 1209 omnibus

293 1232 462 1279 personis
489 1231 776 1277 ecclesiasticis,
803 1231 1061 1267 saecularibus
1093 1237 1130 1267 et
1156 1233 1376 1279 quorumvis
1409 1232 1583 1267 ordinum
1621 1232 1858 1278 regularibus
1895 1232 2037 1279 ubique

293 1291 461 1326 locorum
495 1296 531 1325 et
556 1291 730 1336 gentium
755 1290 936 1325 inviolate
962 1295 1147 1337 perpetuo
1173 1291 1363 1326 observari
1389 1295 1601 1337 procurent.

388 1349 407 1396 ξ
435 1349 488 1384 19.
516 1348 702 1384 Volumus
727 1354 871 1395 autem,
900 1354 942 1384 ut
980 1349 1183 1384 earundem
1210 1350 1465 1396 praesentium
1491 1349 1712 1384 transumtis
1739 1349 1853 1384 etiam
1882 1350 2038 1396 impres-

294 1409 354 1454 sis,
382 1421 497 1442 manu
523 1407 683 1443 alicuius
708 1408 829 1442 notari
855 1407 1003 1454 publici
1030 1408 1275 1455 subscriptis,
1303 1413 1341 1443 et
1367 1408 1496 1454 sigillo
1521 1408 1682 1443 alicuius
1711 1420 1891 1454 personae
1918 1409 1957 1443 in
1983 1408 2038 1442 di-

293 1468 440 1513 gnitate
467 1466 722 1501 ecclesiastiea
749 1467 975 1502 constitutae
1001 1467 1175 1513 munitis,
1202 1467 1335 1501 eadem
1359 1479 1510 1513 prorsus
1527 1466 1620 1501 fides
1638 1466 1780 1513 ubique
1797 1467 2035 1512 adhibeatur,

295 1538 390 1572 quae
416 1525 510 1571 ipsis
536 1525 798 1571 praesentibus
824 1525 1074 1571 adhiberetur,
1103 1526 1133 1560 si
1160 1530 1285 1560 essent
1310 1525 1500 1560 exhibitae
1531 1525 1593 1560 vel
1620 1529 1799 1560 ostensae.

389 1584 408 1630 ξ
434 1584 489 1619 20.
517 1583 625 1618 Nulli
652 1596 740 1630 ergo
767 1584 922 1619 0111111110
948 1585 1146 1619 11011111111111
1172 1584 1286 1619 liceat
1311 1584 1408 1619 hanc
1435 1585 1616 1631 paginam
1655 1588 1866 1619 nostrarum
1903 1595 2037 1631 appro-

294 1642 474 1688 bationis,
503 1642 774 1689 innovationis,
802 1643 1053 1689 decretorum,
1081 1643 1360 1689 declarationis,
1381 1643 1636 1689 voluntatum,
1656 1643 1864 1690 praecepti,
1887 1654 2038 1677 conces-

295 1701 426 1746 sionis,
455 1701 703 1747 elargitionis,
733 1701 974 1737 relaxationis
1006 1707 1043 1737 et
1080 1702 1247 1736 mandati
1286 1701 1513 1748 infringere,
1554 1701 1614 1735 vel
1652 1702 1686 1735 ei
1717 1714 1811 1736 ausu
1842 1702 2038 1736 temerario

295 1760 489 1795 contraire.
518 1759 555 1795 Si
582 1760 667 1806 quis
693 1765 819 1795 autem
845 1761 916 1795 hoc
942 1765 1125 1795 attentare
1152 1761 1431 1807 praesumserit,
1466 1760 1770 1806 indignationem
1801 1760 2037 1807 omnipoten-

294 1819 343 1853 tis
370 1818 438 1853 Dei
470 1831 512 1852 ac
539 1818 735 1853 beatorum
760 1819 1031 1865 Apostolorum
1058 1819 1160 1854 Petri
1187 1824 1224 1854 et
1250 1819 1359 1854 Pauli
1386 1832 1423 1854 se
1450 1819 1597 1854 noverit
1622 1819 1871 1854 incursurum.

390 1935 507 1970 Datae
534 1935 673 1970 Romae
700 1936 802 1982 apud
829 1936 1032 1971 Basilicam
1059 1936 1120 1972 SS.
1147 1949 1207 1972 ΧΠ.
1234 1936 1519 1983 Apostolorum,
1548 1949 1647 1971 anno
1673 1936 1948 1971 Incarnationis
1965 1936 2038 1971 Do-

296 1994 455 2028 minicae
482 1994 685 2029 millesimo
712 1995 1017 2041 quingentesimo
1043 1996 1300 2042 octuagesimo
1327 2001 1476 2041 octavo,
1504 1995 1625 2041 pridie
1656 1995 1746 2030 Idus
1772 1996 1912 2041 martii,
1942 1994 2038 2030 Pon-

294 2052 460 2087 tificatus
486 2053 603 2088 nostri
629 2066 727 2088 anno
755 2054 874 2088 tertio.
