2253 3317
0 589 3 605 Ι

0 643 2 654 1

901 110 984 139 DIST.
1006 110 1047 138 IX.
1069 109 1175 138 DURIA.

163 195 190 222 et
210 200 271 221 esse
291 190 548 220 coniunctissimum
570 189 706 226 principio
727 188 901 226 productiv0‚
926 190 957 216 ut
980 188 1009 215 in

162 240 207 268 sui
227 238 386 267 actualitate
400 236 546 269 existenti,
567 236 633 272 quia
653 235 712 272 ipse
735 235 817 263 Filius
834 237 876 263 est
897 242 987 271 purus
1000 234 1007 246 ¹

163 288 255 319 actus3
275 284 387 313 omnino
402 283 476 311 idem
492 284 533 311 est
554 282 581 310 in
600 282 660 318 ipso
673 281 759 309 nasci
772 284 799 309 et
812 284 917 308 natum
932 289 1008 313 esse;

162 335 190 360 et
204 332 266 360 ideo
286 337 396 367 semper
411 328 535 357 nascitur
556 330 583 356 et
598 335 708 364 semper
730 330 771 355 est
796 330 878 355 natus
899 329 926 355 et
940 334 1010 355 sem-

163 386 214 415 per
235 380 288 409 est,
309 384 359 405 nec
374 383 499 412 unquam
518 374 619 403 desinit
639 381 690 402 nec
704 376 794 402 cessat
807 373 944 410 generari,
958 380 1009 401 nee

164 424 243 452 Pater
265 430 407 459 generare.

242 469 311 497 Cum
333 476 399 504 ergo
420 467 581 504 quaeritur,
602 474 638 494 an
659 465 802 502 generatio
822 465 879 493 Filii
902 465 936 494 sit
958 469 1010 493 ter-

163 516 289 548 minata,
311 514 540 551 distinguendum
562 516 618 547 est,
651 512 716 549 quia
744 512 933 539 terwzsz‘izacmn
961 514 1010 539 aut

0 577 3 588 1
25 566 123 586 001101usio
133 566 149 584 ¹-
163 562 289 591 excludit
318 559 577 597 iiizperfectz'oiiem;
604 559 691 587 etsie
719 558 860 595 generatio
882 558 938 586 Filii
967 561 1009 586 est

164 608 319 641 terminata,
335 607 400 644 quia
414 606 544 643 perlecta,
559 613 623 634 cum
639 604 723 633 simul
738 604 792 633 sint
804 604 822 637 ²,
838 604 923 631 immo
934 604 1008 632 idem

164 655 200 684 sit
211 654 352 692 gyenerarz'
364 656 391 682 et
410 656 583 690 generatum
597 660 663 680 esse.
679 650 705 679 Si
722 659 788 679 vero
809 650 942 678 excludat
959 650 1010 677 dit-

0 704 3 715 *
25 706 123 725 Conclusio
131 705 149 723 *2-
163 702 324 734 rationem,
345 700 415 728 falsa
435 702 491 733 est⁷
513 699 579 736 quia
600 706 711 735 semper
732 697 824 725 (iurat.

241 747 367 775 Concedo
388 754 463 783 ergo„
483 746 559 782 quod
581 745 721 781 generatio
743 743 800 771 Filii
825 746 866 771 est
888 743 1010 771 intermi-

162 798 228 824 nata
248 794 355 823 ratione
377 792 532 825 desitionis„
554 792 620 829 quia
644 798 787 827 nunquam
810 790 911 818 desinit
931 797 1010 826 gene-

162 841 236 875 rari,
264 840 336 869 sieut
363 840 483 876 probant
507 838 628 867 rationes
655 838 691 866 ad
720 837 871 866 secundam
899 839 1008 873 partem

163 887 309 915 adductae.

247 934 270 961 1.
292 933 331 961 Ad
346 932 416 961 illud
429 932 438 945 ⁵
457 932 532 969 quod
547 932 677 960 obiicitur
692 931 719 959 in
734 930 918 963 contrarium,
933 930 1008 966 quod

49 983 118 1001 5⁰¹¹¹21⁰
128 988 156 1000 ar·
165 980 212 1018 qui
232 987 342 1016 semper
363 979 486 1007 nascitur
501 986 645 1015 nunquam
666 980 708 1006 est
731 980 826 1010 natus3
848 976 1007 1010 dicendum,

26 1007 155 1052 ςῗῖἶιῖἓῖῗὲῗῖ
163 1027 238 1063 quod
261 1033 361 1054 verum
381 1028 423 1054 est
444 1025 471 1053 in
493 1024 540 1053 illa
568 1024 760 1061 generatione.
782 1023 810 1051 in
830 1031 886 1059 qua
914 1022 1007 1050 diflert

33 1052 121 1071 'rmativa.

1856 107 1910 135 187

1065 186 1150 214 nasei
1169 189 1196 215 et
1217 189 1322 214 natum
1336 193 1409 218 esse,-
1430 185 1479 213 sed
1501 193 1555 213 non
1577 184 1639 213 talis
1654 187 1696 213 est
1717 184 1858 221 generatio
1873 184 1912 212 di-

1065 234 1137 262 vina.
1158 234 1282 261 Attamen
1306 233 1371 269 quia
1392 231 1533 268 generatio
1554 231 1648 259 divina
1675 230 1839 267 intelligitur
1860 238 1911 267 per

1065 279 1271 316 generationem
1297 281 1432 313 creatam,
1452 281 1480 306 et
1511 278 1539 306 in
1570 277 1706 306 creaturis
1728 274 1762 305 de
1789 277 1911 313 perfecte

1065 330 1129 354 nato
1143 334 1198 354 non
1212 326 1314 354 dicitur
1335 325 1423 359 nasei,
1439 325 1487 353 sed
1503 327 1598 353 uatum
1614 332 1686 353 esse:
1710 324 1772 352 ideo
1787 323 1847 351 vult
1861 324 1911 351 Au-

1065 372 1218 409 gustin11s⁴¹‚
1233 372 1309 409 quod
1324 372 1425 400 melius
1439 371 1541 400 dicitur
1557 371 1639 399 Filius
1656 374 1746 398 motus
1760 378 1828 403 esse,
1844 370 1910 406 quia

1065 418 1267 454 intelligibilius
1288 420 1341 451 est,
1363 425 1417 445 non
1439 417 1505 454 quia
1526 417 1550 445 ei
1572 425 1625 444 non
1647 416 1792 445 conveniat
1816 415 1908 443 nasei.

1144 466 1169 493 Ξ).
1193 464 1218 493 3.
1240 464 1279 492 Ad
1294 464 1363 492 illud
1379 464 1454 500 quod
1475 463 1706 499 obiicit111‘‚-qu(›d
1726 462 1842 499 produci
1858 465 1912 490 ter-

1066 512 1188 539 minatur
1203 511 1238 539 ad
1254 511 1422 548 productum
1437 518 1510 544 esse,
1531 513 1558 538 et
1571 510 1717 542 seniliter,
1733 509 1853 537 nobilius
1868 512 1910 537 est

1065 560 1229 593 generatum
1257 564 1317 585 esse
1349 564 1433 593 quam
1465 556 1607 592 generem
1636 555 1802 585 dicendum,
1834 554 1910 591 quod

1065 603 1158 631 omnia
1179 603 1231 631 ista
1251 606 1360 631 tantum
1380 603 1416 631 ibi
1439 603 1543 631 hubent
1564 602 1669 635 locum,
1691 602 1738 630 ubi
1754 602 1846 630 differt
1867 609 1911 637 ge-

1065 650 1158 678 nerari
1171 653 1199 678 et
1220 653 1383 686 generatum
1398 657 1466 678 esse.
1488 649 1518 676 In
1539 648 1586 676 illa
1599 648 1608 661 ⁵
1624 652 1718 677 autem
1733 648 1910 684 generatione

1066 695 1159 724 locum
1179 704 1233 724 non
1256 696 1367 724 hahent.

1143 743 1170 770 [1.
1191 743 1229 771 Ad
1259 742 1329 771 illud
1358 743 1433 779 quod
1461 742 1560 770 ultimo
1581 742 1722 775 obiicitur,
1751 742 1777 769 in
1799 749 1911 778 genera-

1066 789 1151 822 tione,
1172 796 1244 825 quae
1259 796 1369 825 semper
1384 791 1426 816 est
1446 788 1473 816 in
1489 788 1647 825 generando
1662 790 1729 820 etc.;
1744 787 1909 816 solvendum

1065 838 1106 863 est
1128 842 1177 871 per
1192 835 1449 872 interemptionem3
1471 843 1524 863 non
1547 835 1620 863 enim
1636 839 1678 863 est
1699 842 1812 865 verum,
1835 833 1910 870 quod

1065 882 1205 919 generatio
1227 890 1337 918 semper
1359 882 1427 910 ensG
1449 890 1559 918 semper
1578 882 1613 910 de
1635 890 1705 910 novo
1726 881 1831 918 aliquid
1845 888 1909 917 pro-

1065 929 1163 962 ducat,
1185 929 1251 965 quia
1266 929 1362 956 radius
1378 936 1488 965 semper
1509 929 1599 956 oritur
1620 937 1636 956 a
1654 928 1724 960 sole.
1747 935 1796 956 nee
1818 930 1911 955 tamen

1065 983 1175 1012 semper
1195 975 1313 1003 iteratur
1333 983 1384 1003 nec
1405 975 1541 1008 succedit,
1563 975 1612 1003 sed
1633 983 1649 1003 u
1664 982 1714 1003 sua
1729 974 1836 1010 origine
1850 980 1911 1001 con-

1063 1022 1189 1050 tinuatur
1210 1022 1236 1050 in
1259 1029 1328 1050 esse.

914 1158 1174 1193 SOHOLION.

230 1296 244 1318 1.
262 1296 285 1317 In
303 1295 436 1322 quaestione
455 1294 601 1322 praecedenti
618 1293 742 1321 probatum
760 1296 805 1319 est,
818 1292 880 1321 quod
894 1292 1011 1320 generatio
1039 1290 1041 1292 '

166 1335 213 1357 Filii
230 1341 275 1356 non
293 1334 362 1356 habet
377 1333 489 1361 initiztm;
507 1334 543 1355 bic
565 1333 698 1361 quaeritur,
725 1335 803 1354 utrum
829 1331 912 1353 hubent
936 1330 1013 1353 [strini-

166 1379 240 1401 num,
260 1374 309 1395 sive
326 1375 405 1394 utrum
421 1373 449 1394 sit
466 1372 593 1393 terminata.
612 1372 637 1393 Et
654 1377 707 1393 cum
724 1370 866 1392 vocabulum
884 1369 1011 1392 terminata

169 1411 252 1434 habeut
269 1411 386 1439 duplicem
406 1416 499 1432 sensum
510 1428 514 1437 ‚
533 1412 646 1438 quatenus
658 1409 758 1431 excludit
768 1412 807 1430 aut
818 1408 1014 1436 imperfectionem

167 1454 206 1472 aut
222 1450 382 1477 durationem,
400 1450 503 1478 quaestio
521 1450 577 1471 baec
594 1449 662 1470 etiam
679 1448 764 1475 duplici
783 1448 929 1469 conclusione
946 1447 1014 1468 resol-

166 1490 234 1511 vitur.
251 1501 283 1505 —
300 1489 393 1517 Triplex
410 1488 524 1511 distinctio
542 1488 564 1509 in
581 1488 696 1515 principio
709 1487 866 1515 responsionis
883 1487 936 1507 satis
954 1488 1015 1507 noti-

166 1528 218 1551 bilis
235 1531 276 1550 est.

1131 1292 1153 1314 ll.
1170 1292 1201 1313 De
1218 1292 1267 1319 ipsa
1286 1292 1419 1319 quaestione
1440 1291 1480 1312 cfr.
1497 1291 1533 1312 liic
1550 1290 1606 1312 (lul).
1624 1291 1645 1312 8.
1657 1302 1688 1306 —
1701 1290 1761 1311 Alex.
1778 1289 1826 1311 Ilul.
1837 1308 1841 1317 ,
1854 1290 1875 1311 S.
1888 1296 1911 1317 p.

1068 1331 1082 1352 1.
1101 1337 1122 1359 q.
1142 1330 1178 1352 42.
1197 1337 1226 1352 111.
1245 1330 1266 1352 5.
1284 1336 1303 1352 a.
1322 1331 1343 1352 2.
1360 1342 1391 1345 —
1408 1330 1480 1357 Seni„
1498 1330 1534 1351 liic
1551 1336 1573 1357 q.
1592 1330 1651 1351 unic.
1664 1329 1693 1350 ud
1710 1329 1910 1356 3.-ξ,Τ11οιη.,

1069 1370 1105 1391 nic
1122 1376 1143 1397 q.
1163 1370 1183 1391 ⁴2.
1201 1376 1221 1390 u.
1240 1370 1267 1396 ‘23
1286 1369 1308 1390 S.
1326 1369 1340 1390 1.
1358 1375 1380 1397 q.
1399 1368 1435 1390 42.
1454 1375 1474 1390 a.
1492 1369 1513 1389 ⁴2.
1536 1368 1564 1389 ad
1584 1367 1604 1389 li.
1622 1379 1653 1383 —
1669 1367 1693 1389 Β.
1712 1367 1812 1394 Albert.,
1830 1368 1866 1388 liic
1891 1374 1911 1388 u.

1071 1409 1114 1435 ‘¹93
1132 1409 1154 1429 S.
1173 1414 1195 1435 p.
1215 1408 1228 1429 Ι.
1247 1411 1273 1429 tr.
1291 1408 1313 1429 7.
1331 1414 1353 1435 q.
1372 1408 1408 1429 30.
1427 1413 1457 1429 ni.
1476 1406 1497 1428 4.
1524 1406 1633 1434 porticula
1657 1407 1674 1427 1.
1691 1418 1722 1421 -
1738 1406 1796 1427 Petr.
1814 1412 1825 1427 a
1844 1405 1912 1433 Tan,

1070 1448 1107 1468 liic
1123 1453 1145 1475 q.
1164 1446 1184 1468 li.
1203 1453 1222 1468 a.
1243 1447 1262 1468 1.
1281 1447 1302 1468 2.
1319 1458 1350 1462 —
1368 1446 1473 1468 Richard.
1491 1452 1502 1467 e
1522 1445 1594 1471 Med,
1614 1445 1649 1466 liic
1666 1451 1686 1466 a.
1705 1445 1725 1465 2.
1744 1450 1766 1472 (1.
1793 1444 1821 1471 23
1844 1450 1864 1465 u.
1891 1444 1911 1465 3.

1069 1492 1091 1514 q.
1111 1486 1130 1507 l.
1150 1486 1170 1507 2.
1186 1497 1218 1501 —
1235 1485 1309 1513 AEgid.
1326 1485 1352 1506 R.
1363 1503 1368 1512 ,
1386 1486 1422 1506 hic
1440 1486 1461 1506 2.
1479 1485 1551 1512 princ.
1569 1490 1590 1512 q.
1610 1484 1630 1505 3.
1647 1495 1679 1499 —
1693 1483 1761 1504 llenr.
1783 1481 1871 1505 Gund..
1890 1482 1911 1504 S.

1070 1531 1089 1546 a.
1108 1523 1145 1546 54.
1163 1530 1185 1552 q.
1203 1524 1224 1545 3.
1243 1530 1264 1545 n.
1282 1524 1318 1545 70.
1335 1536 1367 1539 —
1383 1523 1499 1550 Durand.,
1518 1524 1554 1545 liic
1571 1530 1592 1552 q.
1612 1522 1632 1544 li.

754 1649 848 1677 DUBIA
871 1648 963 1676 (ΗΒΕΑ
986 1648 1151 1676 ΙᾸΤΤΕΗΑΜ
1172 1647 1333 1675 MAGlSTRI.

538 1781 605 1809 Dru.
627 1781 645 1808 Ι.

246 1876 273 1903 111
288 1877 367 1912 parte
382 1874 434 1902 ista
449 1874 576 1902 incidunt
590 1872 777 1901 dubitationes
792 1872 866 1901 circa
881 1872 1011 1905 litteram,

165 1925 193 1951 et
212 1922 304 1959 primo
325 1921 471 1949 dubitatur
492 1920 527 1948 (le
559 1920 612 1948 hoc
644 1919 717 1956 quod
741 1919 858 1947 dicitur:
886 1918 951 1946 Non.
972 1921 1013 1946 est

166 1968 250 1997 aliud
271 1968 371 2001 Pater,
387 1967 471 1995 aliud
486 1967 511 1994 F
512 1966 596 1999 ilius,
619 1965 704 1994 aliud
726 1965 855 2002 Spiritus
876 1968 1009 1997 semotus,

167 2015 302 2053 quamvis
334 2013 529 2051 personaliter
564 2016 614 2041 etc.
653 2012 770 2040 Videtur
805 2012 878 2040 enim
908 2011 1010 2039 falsum

167 2062 242 2099 quod
263 2061 380 2094 dicitur,
401 2060 467 2097 quia
488 2060 558 2088 bene
580 2059 721 2096 sequitur:
745 2059 842 2087 Petrus
863 2061 905 2086 est
930 2058 1012 2086 albus

166 2108 266 2141 homo,
287 2115 354 2144 ergo
374 2110 416 2135 est
436 2106 539 2134 animal
560 2106 671 2139 album,
693 2105 759 2142 quia
780 2105 853 2133 idem
876 2104 1012 2141 significat

166 2154 248 2183 albus
269 2157 296 2182 et
316 2153 430 2181 album:
462 2160 529 2189 ergo
559 2152 620 2189 pari
652 2151 775 2185 ratione,
797 2151 862 2188 quia
884 2151 956 2179 idem
979 2150 1012 2178 si-

168 2200 300 2237 gnifieat⁷
323 2199 402 2227 altus
427 2202 454 2227 et
475 2198 575 2232 aliud,
598 2198 739 2235 sequitur:
762 2201 804 2226 est
822 2197 915 2230 alius,
945 2204 1011 2233 ergo

167 2249 209 2275 est
229 2246 314 2274 atiud
333 2254 390 2273 ens.
414 2245 447 2273 Si
468 2248 499 2273 tu
520 2245 620 2278 cliens,
642 2244 718 2281 quod
733 2252 786 2272 non
809 2247 851 2272 est
871 2243 961 2272 simile
977 2243 1011 2271 de

167 2293 220 2321 hoc
241 2292 352 2320 nomine
373 2291 452 2320 atius
471 2295 497 2320 et
519 2292 553 2320 de
575 2292 628 2319 hoc
648 2291 760 2319 nomine
781 2299 830 2318 cns
843 2291 869 2323 ⁸3
890 2293 1010 2318 contra.-

166 2339 237 2367 bene
258 2338 399 2375 sequitur:
422 2341 464 2367 est
485 2338 557 2366 alius
578 2338 679 2371 homo,
700 2345 767 2373 ergo
788 2340 830 2366 est
855 2337 931 2364 aliud
957 2336 1013 2364 ani-

169 2385 238 2413 mal:
261 2393 327 2421 ergo
348 2393 364 2413 a
385 2385 469 2413 simili
491 2384 559 2413 illud
582 2384 719 2421 sequitur.

231 2508 239 2522 ¹
257 2509 287 2530 lta
303 2509 440 2530 vetustiores
456 2515 510 2530 mss.
528 2511 548 2530 et
566 2508 602 2530 ed.
629 2509 654 2536 rl,
671 2508 728 2530 dum
754 2508 803 2530 Vnt.
830 2514 882 2530 cum
908 2507 958 2530 cod.
984 2513 1010 2529 ce

168 2546 216 2576 ipse
232 2547 266 2569 est
281 2545 357 2569 Filius
373 2547 396 2568 et
410 2552 494 2575 purus.
512 2546 581 2568 Paulo
598 2548 649 2574 ante
673 2552 733 2568 unus
750 2546 834 2568 alterve
852 2545 902 2567 cod.
927 2548 952 2567 ut
969 2545 1009 2572 ΡΩ

167 2590 221 2607 cum
237 2584 273 2606 ed.
292 2585 300 2606 1
321 2590 367 2607 sua
384 2585 433 2606 loeo
449 2584 495 2607 sui.

231 2623 240 2637 2
249 2624 324 2645 Lectio
337 2623 385 2645 Vut.
395 2622 470 2645 simile
479 2624 529 2645 loco
538 2623 611 2646 sinml
618 2623 666 2645 sint
673 2623 796 2650 corrigitur
804 2629 830 2644 ex
840 2628 894 2644 mss.
906 2624 928 2644 et
939 2621 975 2643 cd.
991 2622 1009 2643 1.

230 2662 240 2676 ³
256 2661 296 2683 Ed.
316 2662 323 2683 1
346 2661 409 2683 addit
424 2667 488 2691 erqo.

230 2699 239 2714 ⁴
258 2700 332 2722 Verba
351 2700 471 2727 Augustini
488 2700 542 2722 vide
559 2706 628 2728 supra
645 2701 668 2722 in
685 2701 734 2727 ipsa
752 2699 885 2721 obiectione.
906 2711 937 2715 —
961 2699 1011 2721 Mox

168 2738 204 2760 ed.
223 2739 231 2760 1
250 2738 345 2761 dicatur
362 2739 412 2760 loco
429 2737 523 2761 dicitur.
541 2738 610 2760 Paulo
627 2740 678 2760 ante
695 2738 739 2760 fide
757 2743 811 2759 mss.
829 2740 851 2759 et
867 2737 903 2759 ed.
922 2738 930 2758 11
955 2736 1011 2758 sub-

167 2777 282 2799 stituimus
299 2776 398 2805 perfecte
416 2783 458 2804 pro
473 2776 582 2805 perfeeto.

230 2815 240 2829 ⁵
256 2815 306 2837 Vat.
324 2818 402 2837 contra
419 2821 473 2837 mss.
491 2814 542 2837 ista.

230 2854 239 2868 ⁵
257 2855 304 2877 Hoc
320 2858 365 2883 est,
383 2861 443 2883 quae
460 2860 552 2882 semper
569 2856 608 2876 est.
626 2866 657 2870 —
674 2854 742 2876 Paulo
760 2854 816 2876 infra
838 2857 889 2881 post
913 2859 956 2876 nec
979 2854 1010 2875 la-

1146 1779 1320 1807 RESPONDEo:
1344 1778 1514 1811 Dicendum,
1536 1778 1610 1814 quod
1639 1778 1705 1814 quia
1726 1778 1753 1805 in
1781 1778 1838 1806 Deo
1868 1780 1909 1806 est
1922 1786 1993 1805 §niuno
2007 1787 2024 1804 1,

1067 1825 1217 1861 singularis
1244 1824 1357 1858 alietas,
1388 1824 1454 1860 quia
1484 1824 1588 1852 alietas
1609 1828 1649 1851 est
1669 1824 1814 1860 suppositi
1844 1832 1909 1852 eum

1066 1871 1226 1899 omnimoda
1256 1871 1368 1899 ufmsstctte.
1397 1874 1539 1898 naturae:
1571 1870 1633 1899 ideo
1661 1870 1794 1906 singulari
1826 1871 1909 1898 modo

1066 1921 1175 1954 oportet
1194 1917 1325 1954 exprimi.
1348 1917 1379 1945 Et
1399 1917 1529 1953 quoniam
1554 1917 1739 1945 masculinum
1760 1925 1847 1953 genus
1862 1917 1910 1944 im-

1066 1967 1158 2001 portat
1188 1964 1329 2001 quandam
1364 1964 1568 1992 distinctionem
1600 1963 1643 1991 vel
1672 1963 1909 1997 discretionem⁹‚

1067 2011 1129 2039 ideo
1150 2010 1262 2047 respicit
1282 2017 1446 2046 personam;
1469 2010 1517 2038 sed
1539 2013 1670 2038 neutrum
1697 2013 1811 2046 propter
1843 2010 1910 2038 indi-

1067 2057 1240 2086 stinctionem
1263 2056 1375 2093 respicit
1396 2059 1541 2084 naturam:
1571 2059 1597 2084 et
1619 2056 1680 2084 ideo
1702 2056 1780 2083 <titus
1810 2056 1910 2092 impor-

1067 2107 1107 2132 tat
1127 2103 1265 2131 alietatem
1287 2103 1315 2130 in
1338 2110 1473 2139 persona,
1494 2102 1579 2130 alim!
1590 2102 1608 2116 ¹⁰
1630 2102 1656 2130 in
1677 2105 1792 2136 natura.
1807 2105 1834 2130 et
1848 2102 1910 2131 ideo

1067 2151 1094 2178 in
1115 2150 1217 2178 divinis
1237 2157 1291 2177 non
1316 2149 1391 2177 idem
1413 2149 1576 2185 significant.

1147 2197 1238 2224 Posset
1258 2196 1341 2224 etiam
1373 2195 1440 2228 dici,
1472 2195 1547 2231 quod
1571 2195 1597 2223 in
1621 2196 1757 2223 creu‘uris
1779 2195 1856 2223 aliud
1878 2196 1911 2224 si·
1924 2204 1993 2222 siluno
2007 2204 2023 2221 Ξ.

1067 2243 1215 2280 gnificatss,
1237 2249 1301 2270 cum
1323 2242 1400 2270 dieo:
1423 2242 1474 2270 iste
1495 2245 1537 2270 est
1555 2241 1634 2269 alius
1649 2242 1683 2269 ab
1699 2241 1760 2273 illo,
1776 2245 1803 2270 et
1817 2242 1909 2276 aliud,

1067 2297 1131 2318 eum
1154 2289 1228 2317 dico:
1251 2292 1293 2316 est
1311 2288 1415 2321 coliium
1437 2290 1464 2316 et
1484 2296 1573 2316 unum
1596 2288 1724 2324 sequitur
1754 2288 1789 2316 od
1821 2288 1907 2316 aliud.

1067 2336 1124 2363 Non
1147 2335 1185 2363 sic
1205 2335 1233 2362 in
1255 2334 1371 2368 divinisg
1392 2337 1419 2363 et
1441 2342 1495 2362 non
1517 2337 1559 2362 est
1580 2334 1669 2362 sii‘nile
1691 2334 1725 2362 de
1751 2334 1828 2369 albo,
1844 2335 1909 2371 quia

1067 2381 1161 2409 album
1184 2381 1336 2417 imponitur
1357 2388 1373 2408 a
1394 2381 1483 2408 forma
1504 2380 1631 2417 speciali,
1653 2388 1724 2416 quae
1745 2383 1786 2408 est
1800 2381 1910 2409 albedo.

1064 2512 1118 2528 men.
1134 2511 1227 2533 semper
1243 2505 1292 2526 Vnt.
1311 2504 1446 2532 explicando
1464 2503 1527 2526 addit
1543 2503 1593 2526 eius
1607 2503 1746 2533 productio,
1766 2504 1829 2532 quod
1845 2504 1909 2526 deest

1065 2545 1087 2566 in
1105 2550 1159 2565 11155.
1177 2546 1199 2565 et
1215 2543 1251 2564 ed.
1273 2543 1290 2564 l.

1127 2582 1137 2596 ⁷
1154 2582 1204 2604 Vat.
1221 2583 1299 2603 contra
1317 2587 1370 2603 mss.
1387 2584 1409 2603 et
1426 2580 1462 2602 cd.
1482 2581 1489 2601 ¹l
1512 2581 1547 2602 liic
1565 2583 1585 2602 et
1603 2581 1671 2608 puulo
1688 2583 1739 2602 unte
1755 2580 1898 2610 ssffliislcmzt.

1127 2620 1136 2634 ⁸
1154 2620 1203 2641 Vnt.
1221 2621 1311 2646 praeter
1328 2619 1397 2640 iidem
1415 2625 1469 2640 mss.
1487 2622 1508 2640 el
1526 2625 1564 2640 sex
1577 2619 1704 2646 primarum
1717 2618 1911 2641 etl(l.11lz'1ulens..

1127 2659 1137 2673 ⁹
1153 2658 1225 2681 Codd.
1243 2658 1383 2686 antiquiores
1399 2658 1457 2679 inter
1473 2664 1497 2679 se
1515 2663 1559 2679 non
1577 2658 1731 2684 coiisentiunt;
1750 2658 1785 2679 ulii
1804 2658 1864 2679 enim
1883 2660 1908 2679 ut

1067 2698 1124 2719 TW
1142 2703 1194 2720 cuin
1219 2697 1256 2718 ed.
1286 2697 1290 2718 Ι
1320 2697 1426 2718 omittunt
1450 2695 1621 2718 distinctionem
1647 2696 1696 2723 Νι]
1724 2697 1760 2717 ulii
1781 2700 1858 2718 nutem
1883 2699 1924 2718 ut·

1066 2735 1324 2758 AFGlllKSVXYZ
1342 2739 1384 2757 etc.
1401 2734 1438 2757 vel
1453 2734 1624 2757 discretionem.

1129 2774 1148 2789 ¹⁰
1165 2775 1214 2796 Vnt.
1232 2775 1312 2802 repetit
1330 2775 1366 2796 luc
1382 2773 1511 2798 alietatem„
1531 2773 1594 2801 quod
1611 2773 1675 2795 deest
1691 2774 1712 2794 in
1731 2780 1784 2796 mss.
1797 2777 1818 2795 et
1830 2774 1867 2795 cd.
1888 2774 1905 2795 l.

1130 2813 1147 2827 ¹¹
1166 2813 1204 2834 Ed.
1226 2813 1231 2834 1
1252 2811 1401 2842 siyizificatur
1413 2815 1434 2835 et
1446 2812 1514 2839 paulo
1532 2815 1583 2839 post
1598 2812 1749 2841 consequitur
1766 2813 1815 2834 loco
1830 2812 1907 2841 scqui-

1066 2853 1113 2875 tztr.
1130 2864 1162 2868 —-
1178 2852 1244 2873 Pluru
1261 2851 1290 2873 de
1307 2852 1349 2873 hac
1366 2857 1390 2872 re
1407 2851 1461 2873 vide
1478 2857 1548 2878 supra
1566 2850 1588 2872 d.
1607 2850 1628 2872 li.
1646 2857 1668 2879 q.
1687 2851 1707 2872 ⁸2.
