2253 3317
211 530 302 548 Ohieetio.

201 747 306 766 Reseliitur.

326 113 377 141 124

319 193 360 215 tur
375 190 410 215 ei:
425 196 488 222 ergo
502 192 527 215 et
542 188 598 222 ipse
610 188 617 200 ¹
633 187 768 213 voluntate
781 193 829 212 sua
844 187 914 212 Deus
928 189 979 217 est,
993 192 1044 211 non
1059 188 1162 211 natura.

317 232 385 263 Quid
406 239 468 265 ergo
488 231 619 261 restabat,
640 230 688 255 nisi
710 232 735 255 ut
757 229 967 258 obmutesceret,
987 234 1034 253 sua
1055 227 1164 253 interro-

317 275 422 308 gatione
448 274 592 306 obligatum
620 271 753 297 insolubili
781 271 887 297 vinculo
913 278 941 296 se
963 270 1097 296 videns»?
1122 270 1162 295 Ex

317 317 462 351 praedietis
476 316 600 345 doeetur,
615 322 665 341 non
686 321 743 340 ρεερ
763 312 979 343 concedendum,
1001 311 1073 346 quod
1093 312 1163 337 Deus

317 360 453 386 voluntate
468 358 508 385 vel
523 358 688 387 necessitate,
706 356 746 382 vel
768 356 858 382 volens
874 355 914 381 vel
928 355 1020 381 nolens
1033 355 1067 380 sit
1080 355 1162 387 Deus;

318 402 393 433 item,
413 401 483 435 quod
498 400 633 426 voluntate.
648 399 689 426 vel
710 399 879 429 necessitate,
895 397 935 424 vel
953 397 1045 423 volens
1059 396 1100 422 vel
1121 403 1164 421 no-

317 444 374 470 lens
392 444 513 477 genuerit
533 443 636 469 Filium.

387 486 438 513 Sed
453 489 544 512 eontra
565 485 615 511 lioc
630 484 775 518 opponitur
794 484 845 509 sic:
864 482 987 508 voluntas
1006 481 1053 508 Dei
1069 484 1108 507 est
1122 488 1165 507 na-
1191 495 1192 500 =

319 533 376 555 tura
397 529 453 555 sive
473 528 587 554 essentia
613 527 674 557 Dei,
694 527 757 561 quia
784 533 835 551 non
856 528 895 551 est
923 524 995 551 aliud
1017 524 1072 550 Deo
1092 530 1164 554 esse,

318 571 390 598 aliud
411 571 492 601 velle:
514 573 539 596 et
559 570 633 599 ideo,
653 569 723 595 sicut
743 575 795 595 una
815 571 854 594 est
874 567 987 594 essentia
1008 566 1088 592 trium
1107 573 1165 599 per-
1192 561 1193 566 ¹

317 620 460 644 sonarum,
490 613 523 639 ita
552 615 577 638 et
602 619 655 638 una
683 612 813 637 voluntas.
839 611 865 637 Si
886 617 948 644 ergo
974 610 1045 636 Deus
1069 612 1165 635 natura

318 657 389 683 Deus
409 658 462 685 est,
489 658 514 681 et
537 654 673 681 voluntate.
699 654 769 680 Deus
796 656 848 685 est;
875 656 901 679 et
925 653 947 678 si
974 652 1091 679 Verbum
1117 651 1165 677 Dei

318 702 412 724 natura
438 697 521 723 Filius
545 697 591 723 Dei
618 700 671 727 est,
692 699 717 722 et
736 696 871 722 voluntate
885 695 968 721 Filius
988 694 1033 720 Dei
1049 697 1095 720 est.
1110 694 1165 720 Hoc

320 744 409 767 autem
438 740 515 766 facile
541 743 580 766 est
609 739 737 765 refellere.
762 738 830 765 Nam
860 741 885 764 et
909 737 1087 772 praescientia
1118 736 1166 763 Dei

318 784 375 810 sire
389 783 513 814 scientia,
528 790 580 817 qua
595 782 646 808 scit
665 782 706 808 vel
720 784 838 815 praescit
856 781 926 807 bena
941 784 965 807 et
980 780 1061 811 mala,
1075 780 1166 806 divina

318 829 413 852 natura
427 826 483 852 sive
503 825 617 851 essentia
631 827 684 855 est;
705 827 729 850 et
750 823 1030 858 praedestinatio'sive
1042 822 1167 848 voluntas

319 868 376 895 eius
396 867 490 894 eadem
503 867 593 893 divina
611 867 724 893 essentia
740 870 794 898 est,
814 874 862 893 nec
883 869 922 892 est
936 865 1008 892 aliud
1023 866 1077 891 Deo
1097 865 1166 891 scire

318 910 361 937 vel
371 910 379 923 ²
400 910 467 936 velle
481 917 561 944 quam
576 917 642 936 esse.
661 910 693 935 Et
713 917 774 935 eum
788 910 822 935 sit
836 916 918 935 unum
932 912 957 935 et
972 908 1041 934 idem
1055 908 1167 934 seientia

319 954 366 979 Dei
386 953 427 979 vel
442 953 578 984 voluntas,
598 960 649 978 non
664 956 751 979 tamen
772 952 870 978 dicitur
884 951 917 978 (le
935 951 1079 981 voluntate,
1093 950 1168 985 quid-

319 995 385 1030 quid
404 995 503 1021 dicitur
522 995 555 1021 (1ρ
574 995 699 1025 seientia,
719 998 745 1020 et
759 1001 772 1020 e
786 1001 924 1020 converso.
944 993 999 1019 Nee
1019 993 1106 1019 omnia
1122 993 1167 1019 illa

320 1046 369 1065 sua
388 1039 524 1065 voluntate
544 1039 614 1064 Deus
638 1038 708 1069 vult,
728 1045 797 1071 quae
817 1044 866 1063 sua
889 1037 1001 1063 scientia
1020 1036 1085 1067 scit,
1105 1043 1167 1062 cum

321 1082 432 1107 scientia
457 1088 504 1107 sua
524 1081 628 1107 noverit
655 1083 708 1107 tam
727 1080 797 1106 hona
817 1087 898 1114 quam
925 1079 1009 1110 mala,
1030 1079 1167 1105 voluntate

320 1127 410 1150 autem
430 1131 481 1150 non
499 1124 563 1150 velit
582 1124 631 1149 nisi
646 1124 723 1149 bona.
744 1123 859 1149 Scientia
873 1123 975 1157 quippe
994 1122 1041 1148 Dei
1056 1125 1081 1148 et
1093 1129 1168 1156 prae-

322 1167 433 1193 scientia
453 1166 485 1193 de
498 1166 575 1193 bouis
595 1169 634 1192 est
654 1169 678 1192 ct
692 1166 782 1197 malis,
797 1165 919 1191 voluntas
934 1172 997 1191 vero
1017 1168 1043 1191 et
1059 1164 1169 1198 praede-

322 1210 428 1235 stinatio
442 1209 475 1236 de
488 1209 565 1235 bonis
579 1212 618 1235 est
633 1212 746 1241 tantum;
767 1212 792 1235 et
807 1212 894 1234 tamen
908 1215 990 1234 unum
1006 1211 1031 1234 et
1044 1207 1115 1233 idem
1129 1210 1169 1233 est

322 1253 348 1279 in
368 1253 421 1279 Deo
441 1252 552 1278 seientia
572 1255 598 1278 et
617 1251 751 1283 voluntas,
772 1254 797 1278 et
816 1251 994 1285 praescientia
1014 1254 1040 1277 et
1058 1250 1169 1284 praede-

321 1296 436 1322 stinatio.
456 1295 493 1321 Ita
512 1302 573 1321 cum
594 1302 676 1321 unum
696 1294 728 1320 sit
749 1297 844 1320 natura
863 1294 910 1320 Dei
930 1297 956 1320 et
975 1294 1112 1325 voluntas,
1133 1293 1169 1319 di-

322 1338 391 1364 citur
405 1341 492 1364 tamen
506 1338 583 1364 Pater
596 1338 719 1370 genuisse
732 1337 828 1363 Filium
840 1340 944 1368 natura,
958 1344 1010 1363 non
1024 1336 1169 1367 voluntate,

322 1384 347 1407 et
367 1388 424 1407 esse
443 1381 514 1407 Deus
533 1383 642 1411 natura,
662 1387 714 1406 non
735 1380 880 1406 voluntate.

392 1423 531 1449 Praedicta
553 1426 641 1449 tamen
660 1423 757 1454 verba,
777 1423 876 1457 quibus
900 1422 1047 1456 prudenter
1067 1421 1168 1447 dictum

323 1469 374 1498 est,
394 1465 467 1500 quod
485 1466 556 1492 Deus
575 1466 652 1492 Pater
671 1472 720 1491 nec
741 1465 833 1491 volens
851 1472 901 1491 nec
914 1465 1007 1491 nolens
1026 1468 1065 1491 est
1083 1465 1169 1495 Deus,

1015 108 1265 136 SENTENTIARUM
1288 108 1346 136 LlB.
1369 108 1385 135 1.

1220 192 1268 210 nee
1294 184 1385 210 volens
1411 191 1460 210 nec
1480 184 1572 210 nolens
1597 184 1687 216 genuit
1710 184 1820 215 Filium,
1847 184 1903 210 sive
1929 184 2064 210 voluntate
2098 192 2195 216 Explican-
2232 200 2238 210 .

2050 227 2054 232 .
2067 217 2096 233 tur
2106 216 2198 239 quaedam

1219 227 1275 253 sive
1287 226 1295 239 ²¹
1322 226 1494 257 necessitate,
1521 234 1553 252 ex
1581 226 1625 252 tali
1651 234 1730 253 sensu
1756 227 1821 252 mihi
1849 227 1972 253 videntur
1999 234 2130 257 acci-„verbm

1219 269 1331 303 pientia,
1357 272 1386 295 ιιι
1412 269 1574 295 voluntateri]
1594 269 1798 302 praecedentem
1825 269 1866 295 vel
1894 269 2065 295 accedentem

1220 311 1412 345 intelligamus,
1432 311 1547 345 qualiter
1566 312 1712 337 Eunomius
1733 311 1903 345 intelligebat.
1924 312 1980 338 Non
1996 312 2065 338 enim

1220 354 1277 388 ipse
1297 356 1335 380 est
1354 353 1444 380 Deus⁴
1465 353 1600 380 voluntate
1619 353 1789 387 praecedenti
1810 354 1851 380 vel
1871 354 2004 385 efficienti,
2024 354 2066 380 vel

1220 396 1326 427 volens,
1346 396 1503 430 priusquam
1517 396 1599 427 Deus:
1620 403 1669 422 nec
1684 396 1819 422 voluntate
1838 396 2010 430 praecedenti
2025 396 2066 422 vel

1221 439 1358 466 accedenti
1378 439 1469 471 genuit
1489 438 1600 469 Filium⁷
1620 446 1669 464 nec
1690 438 1765 472 prius
1785 438 1876 464 volens
1896 445 1976 473 quam
1991 446 2067 471 gene-

1220 489 1282 511 rans
1301 482 1392 515 genuit
1410 481 1537 513 ΙΓίΙίιιιη,5
1557 489 1606 507 nec
1626 482 1701 515 prius
1721 488 1850 514 generans
1874 488 1955 515 quam
1975 481 2067 508 volens

1192 550 1193 559 ἵ
1220 525 1311 558 genuit
1324 525 1428 550 Filium.
1442 524 1540 551 Volens
1560 527 1646 551 tamen
1661 524 1763 557 genuit,
1780 524 1850 550 sicut
1862 527 1957 558 potens
1977 524 2068 557 genuit

1221 570 1247 593 et
1260 566 1345 593 bonus
1365 566 1455 600 genuit
1469 569 1494 592 et
1507 567 1614 600 sapiens
1627 566 1718 599 gemtit
1732 569 1757 592 et
1774 566 1937 592 huiusmodi.
1957 566 1983 592 Si
1997 566 2067 592 enim

1220 610 1297 636 Pater
1310 610 1417 644 sapiens
1437 613 1462 636 et
1476 609 1561 636 bonus
1575 609 1673 635 dicitur
1687 609 1809 642 genuisse
1823 609 1934 641 Filium,
1953 617 2002 635 eur
2016 616 2067 635 non

1222 656 1248 679 et
1266 652 1376 679 volens?
1396 660 1457 678 cum
1478 653 1513 678 ita
1532 652 1566 678 sit
1586 652 1639 678 Deo
1660 652 1730 678 idem
1750 659 1808 678 csse
1831 652 1976 684 volentem⁷
1995 652 2066 686 quod

1222 698 1261 721 est
1275 702 1333 721 esse
1353 695 1449 727 Deum3
1464 695 1533 721 sicut
1554 694 1623 721 idem
1637 698 1677 721 est
1693 702 1750 721 esse
1764 695 1924 728 sapientem,
1943 695 2016 729 qnod
2029 698 2069 722 est

1223 744 1280 763 esse
1301 737 1393 763 Deum.
1413 737 1540 763 Dicamus
1554 744 1629 769 erge,
1649 737 1713 770 quia
1726 737 1803 763 Pater
1816 737 1885 763 sicut
1904 738 2018 772 sapiens,
2033 737 2069 764 ita

1223 780 1315 807 volens
1328 780 1418 813 genuit
1430 780 1527 806 Filium
1537 801 1543 811 ,
1564 780 1610 806 sed
1624 787 1675 806 non
1694 780 1829 806 voluntate
1841 780 2012 814 praecedenti
2026 780 2069 807 vel

1223 822 1369 848 accedenti.
1389 822 1472 853 Quem
1492 829 1598 848 sensum
1623 822 1709 856 aperit
1727 822 1906 856 Hieronymus
1931 825 1957 849 et
1975 823 2069 849 confir-

1223 867 1292 896 mat,
1312 865 1348 891 ita
1371 864 1463 890 dicens
1486 872 1568 898 super
1593 864 1740 899 Epistolam
1765 865 1798 891 ad
1818 865 1982 899 Epllesios“:
2006 876 2017 888 «
2031 865 2068 892 De
2111 857 2114 860 ’

1223 908 1290 934 Filio
1310 908 1371 939 Dei,
1392 907 1417 933 id
1433 910 1472 934 est
1486 908 1598 934 Domino
1611 908 1707 934 Nostro
1724 908 1783 934 Iesu
1802 908 1907 934 Christo
1939 908 2069 943 scriptum

1224 953 1277 981 est,
1297 950 1360 984 quia
1374 957 1436 976 cum
1455 950 1532 976 Patre
1545 958 1649 984 semper
1666 949 1733 986 fuit,
1754 953 1779 976 et
1799 957 1936 984 nunquam
1954 958 2027 982 eum,
2040 954 2070 977 ut

1224 996 1307 1024 esset,
1327 992 1451 1019 voluntas
1470 995 1582 1027 paterna
1604 993 1763 1027 praecessit3
1786 995 1811 1019 et
1836 992 1880 1019 ille
1899 993 2008 1027 quidem
2027 1000 2071 1025 na-

1224 1039 1283 1062 tura
1302 1036 1386 1062 Filius
1405 1038 1478 1062 est».

1294 1121 1404 1148 Nolzcla.
1424 1121 1541 1147 Hilarius
1561 1121 1587 1147 in
1606 1121 1675 1148 libro
1699 1121 1732 1147 de
1751 1121 1898 1155 Synodis⁷:
1923 1132 1933 1144 α
1948 1122 2000 1148 Εοε
2023 1121 2070 1156 qui
2083 1125 2152 1152 qun
2160 1125 2194 1144 ad-

2095 1149 2140 1167 dita.

1224 1164 1331 1195 dicunt,
1351 1164 1384 1190 de
1410 1171 1462 1190 non
1483 1164 1649 1190 exstantibus
1669 1171 1726 1190 esse
1746 1164 1842 1190 Filium
1861 1164 1923 1196 Dei,
1948 1164 2071 1191 similiter

1225 1207 1272 1241 qui
1292 1206 1397 1238 dicunt,
1417 1206 1489 1241 qnod
1510 1214 1596 1241 neque
1616 1206 1728 1233 consilio
1742 1214 1829 1241 neque
1846 1207 1982 1234 voluntate
1995 1207 2073 1233 Pater

1225 1250 1316 1283 genuit
1335 1249 1445 1281 Filium,
1466 1249 1672 1276 anathematizat
1697 1252 1788 1276 sancta
1814 1249 1943 1276 Ecclesia.
1966 1250 2031 1276 Item
2050 1250 2073 1276 si

1225 1292 1286 1326 quis
1305 1291 1411 1318 nolente
1430 1292 1506 1318 Patre
1532 1291 1604 1318 dieat
1629 1295 1721 1318 natum
1740 1291 1850 1323 Filium,
1870 1292 2011 1318 anathema
2030 1292 2072 1318 sit.

1224 1335 1282 1361 Non
1308 1335 1393 1366 enini,
1413 1335 1519 1361 nolente
1544 1335 1635 1366 Patre,
1661 1338 1771 1361 coactus
1796 1335 1873 1361 Pater
1892 1334 1934 1361 vel
1957 1335 2072 1362 naturali

1225 1378 1384 1404 necessitate
1403 1377 1512 1409 ductus,
1533 1384 1595 1404 cum
1609 1377 1701 1409 nollet,
1718 1378 1809 1410 genuit
1822 1377 1930 1410 Filium,
1950 1377 1997 1404 sed
2010 1385 2073 1404 mox

1225 1423 1254 1447 ut
1274 1420 1372 1452 voluit,
1392 1421 1449 1446 sine
1470 1424 1590 1454 tempore
1610 1424 1635 1447 et
1654 1420 1855 1455 impassibiliter
1880 1428 1913 1447 ex
1933 1427 1961 1447 se
1980 1421 2074 1454 Unige-

1226 1464 1311 1490 nitum
1331 1463 1532 1490 demonstravit.

641 1592 1078 1641 COMMENTARIUS
1114 1592 1175 1639 IN
1210 1592 1649 1640 DISTINOTIONEM
1682 1592 1756 1639 VI.

772 1712 816 1744 De
843 1711 1068 1755 comparatione
1093 1716 1179 1744 actus
1205 1710 1369 1755 generandi
1395 1711 1434 1744 ad
1460 1711 1635 1756 potentiam.

582 1812 744 1840 Praelerest
775 1811 881 1849 quaeri
910 1811 998 1844 solet,
1030 1814 1130 1839 utrum
1164 1812 1256 1839 Pater
1284 1811 1422 1848 genuerit
1451 1812 1562 1840 Filium
1592 1812 1739 1840 collemate
1771 1814 1821 1841 etc.

1060 1903 1182 1932 DIVlSIO
1204 1904 1342 1933 TEXTUS.

404 2030 433 2058 In
454 2033 533 2066 parte
554 2030 606 2058 ista
627 2030 703 2066 ponit
725 2029 853 2066 Magister
875 2029 1063 2058 dubitationes
1087 2037 1175 2057 emer-

327 2079 422 2114 gentes
437 2084 472 2105 ex
485 2076 690 2113 comparatione
702 2080 780 2104 aetus
795 2076 943 2112 generandi
956 2076 997 2103 acl
1007 2075 1173 2112 potenticmn.
1201 2078 1203 2090 ¹

328 2124 359 2152 Et
380 2123 511 2160 quoniam
538 2123 670 2159 contingit
692 2123 872 2159 comparare¹
905 2127 998 2151 aetum
1024 2122 1174 2159 generandi

329 2170 364 2198 ad
379 2170 543 2206 potentiam,
562 2172 588 2197 et
604 2169 754 2206 potentiam
770 2169 918 2205 generandi
939 2169 973 2197 ad
990 2168 1175 2205 suppositum,

328 2219 355 2245 et
370 2224 405 2245 ex
428 2220 548 2253 utraque
563 2216 767 2252 comparatione.
783 2216 877 2245 incidit
892 2216 1028 2244 dubitatio
1050 2215 1123 2244 eirca
1137 2223 1176 2244 es-

330 2263 433 2291 sentiae
447 2263 596 2291 unitatem:
619 2263 681 2291 ideo
692 2263 791 2299 primo
815 2263 892 2299 ponit
913 2262 1114 2291 dubitationem
1139 2269 1175 2290 ex

330 2310 535 2346 comparatione
550 2312 629 2338 actus
644 2309 794 2345 generandi
816 2309 851 2337 ad
867 2309 1017 2346 potentiam
1027 2320 1034 2343 ς
1053 2309 1176 2337 secundo

330 2355 406 2392 ponit
427 2356 627 2384 dubitationem
649 2364 683 2384 ex
708 2356 913 2393 comparatione
938 2356 1076 2392 potentiae
1098 2363 1177 2392 gene-

1230 2029 1310 2057 randi
1332 2028 1367 2057 ad
1389 2036 1553 2065 personam,
1576 2028 1647 2056 infra
1668 2028 1843 2057 distinctione
1869 2028 1999 2066 septima:
2021 2028 2077 2057 Hz'c

1230 2075 1299 2103 solet
1320 2075 1425 2113 quereri
1445 2083 1464 2103 ct
1486 2074 1679 2112 qmssbztsdaon,
1701 2078 1802 2103 ulrum
1825 2076 1916 2103 Pater
1937 2078 1988 2104 ete.

1309 2122 1392 2156 ltem,
1418 2122 1521 2158 prima
1548 2130 1623 2158 pars,
1651 2130 1722 2158 qnae
1754 2122 1875 2150 continet
1902 2124 2077 2159 praesentem

1232 2169 1449 2203 distinctionem,
1474 2168 1558 2197 habet
1586 2171 1707 2205 quatuor
1735 2169 1895 2205 particulas.
1924 2169 1953 2197 In
1974 2169 2078 2206 prima

1232 2215 1380 2252 Magister2
1404 2215 1533 2252 proponit
1557 2216 1756 2252 quaestionem,
1778 2218 1874 2244 utrum
1898 2216 2020 2252 potentia
2034 2216 2078 2245 vel

1203 2293 1204 2297 Ἰ
1232 2262 1323 2290 virtus
1344 2261 1495 2298 generandi
1509 2262 1545 2290 sit
1559 2262 1717 2298 producens
1731 2262 1906 2295 necessitate,
1921 2262 1966 2291 vel
1983 2262 2080 2291 volun-

1233 2312 1303 2343 tate,
1326 2311 1353 2337 et
1374 2309 1541 2337 determinat
1562 2309 1708 2337 veritatem
1730 2309 1815 2337 huius
1836 2309 2013 2345 quaestionis.
2035 2309 2080 2338 Se-

1233 2355 1327 2383 cundo
1342 2355 1377 2383 ad
1398 2355 1480 2383 istam
1495 2355 1685 2392 quaestionem
1710 2355 1860 2392 respondet
1885 2355 1921 2384 ad
1938 2355 2078 2384 hominem

394 2479 401 2493 ¹
420 2479 491 2502 Codd.
510 2479 598 2501 ABCD
615 2481 722 2502 omittunt
739 2481 759 2502 el
776 2480 836 2509 ipse,
851 2480 914 2509 quod
932 2484 1008 2503 tamen
1026 2482 1048 2502 in
1066 2481 1102 2503 ed.
1122 2487 1178 2508 ope-

333 2524 385 2539 rum
403 2518 522 2546 Augustini
540 2518 644 2540 liabetur.
662 2519 730 2540 Paulo
748 2520 803 2541 int'ra
822 2519 872 2541 Vnt.
899 2522 976 2541 eontra
1003 2526 1083 2542 omnes
1109 2520 1178 2542 eodd.

334 2558 356 2578 et
372 2556 425 2578 edd.
445 2557 468 2584 ’1,
487 2557 500 2578 8
519 2560 540 2579 et
557 2558 666 2585 originale
684 2557 844 2580 indissolubili
860 2564 901 2585 pro
919 2558 1046 2581 insolubili.

396 2595 405 2608 ‘2
423 2595 445 2616 ln
463 2595 526 2623 Vat.7
544 2595 700 2617 obnitentibus
717 2596 784 2618 codd.
802 2600 824 2618 et
840 2596 892 2618 edd.
915 2597 936 2624 l,
956 2597 985 2625 8,
1003 2598 1030 2619 el.

397 2633 406 2647 ³
424 2633 495 2655 Codd.
512 2635 530 2655 A
540 2634 581 2657 BC
599 2638 621 2657 et
638 2634 690 2656 edd.
713 2635 735 2661 l,
755 2635 767 2655 8
787 2634 827 2657 rel.
846 2636 894 2657 Mox
913 2635 965 2657 edd.
985 2637 1009 2663 2,
1028 2636 1056 2663 3,
1069 2636 1095 2665 5,
1109 2637 1137 2664 t),
1154 2637 1179 2658 10

334 2672 441 2693 omittunt
458 2672 522 2694 mihi.
540 2673 595 2695 Dein
613 2676 664 2701 post
680 2675 708 2696 ut
724 2674 745 2695 in
763 2674 813 2695 cod.
832 2675 849 2695 A
867 2674 959 2697 additur
978 2681 1032 2703 neit,
1052 2676 1074 2696 in
1093 2675 1144 2697 eod.
1163 2676 1180 2697 B

337 2715 383 2731 non
395 2728 400 2737 ,
421 2716 489 2732 sensu
508 2717 551 2732 non
569 2714 663 2733 mutato.

401 2746 409 2761 4
426 2748 476 2770 Vat.
495 2754 573 2771 eontra
597 2750 664 2771 codd.
690 2749 731 2772 13⁴]
741 2750 782 2771 DE
805 2754 826 2773 et
846 2751 899 2773 edd.
929 2752 954 2779 1,
984 2752 1009 2779 8,
1036 2753 1181 2780 transpositis

339 2785 430 2813 verbis,
449 2788 524 2809 minus
541 2787 599 2809 bene
617 2787 664 2817 ipse
682 2788 744 2811 Deus
761 2790 800 2811 esl.

403 2824 412 2838 5
429 2825 485 2847 Edd.
507 2826 532 2852 l,
551 2827 563 2847 8
582 2828 688 2849 omittunt
704 2827 785 2856 yonnis
801 2827 895 2850 Fili‘mn.
914 2829 982 2850 Paulo
999 2830 1055 2851 infra
1074 2832 1126 2857 post
1146 2828 1180 2852 bo-
1208 2851 1210 2857 Α

336 2869 382 2885 nus
399 2863 480 2892 yenult
500 2864 548 2886 Vnt.
568 2869 644 2887 contra
662 2866 729 2887 codd.
747 2870 769 2887 et
786 2866 837 2888 edd.
861 2867 864 2887 1
881 2884 885 2893 ‚
904 2867 916 2887 8
935 2867 999 2889 addit
1014 2867 1110 2890 Filiam.

1297 2480 1306 2495 ὃ
1324 2481 1398 2508 Super
1416 2487 1466 2508 cap.
1486 2481 1494 2502 11
1506 2498 1511 2508 ,
1530 2480 1551 2502 5.
1568 2493 1600 2496 —
1617 2479 1702 2502 Omnes
1725 2480 1792 2502 codd.
1814 2482 1836 2502 et
1853 2480 1905 2502 edd.
1932 2479 2080 2510 Aufflffs'i'mcs

1235 2525 1277 2547 pro
1295 2519 1462 2548 Hieronymus.
1479 2531 1510 2535 —
1527 2519 1549 2540 ln
1567 2520 1633 2541 euius
1650 2521 1710 2541 textu
1724 2519 1773 2540 Vnt.
1786 2518 1833 2541 sola
1846 2524 1899 2540 cum
1912 2519 2016 2546 originali
2029 2524 2081 2546 post

1236 2558 1260 2581 id
1276 2560 1310 2581 est
1326 2558 1389 2581 addit
1405 2558 1432 2581 (le
1449 2561 1471 2580 et
1487 2558 1539 2580 dein
1558 2561 1610 2586 post
1627 2557 1718 2581 Christo
1736 2558 1841 2586 adiungit
1851 2557 1876 2580 in
1888 2557 1935 2581 alio
1954 2557 2018 2586 Ioco,
2031 2558 2079 2580 scil.

1236 2598 1302 2620 Eecli.
1325 2598 1346 2625 1,
1368 2598 1386 2619 1.

1299 2636 1308 2649 7
1325 2636 1391 2657 Num.
1410 2636 1446 2658 39.
1465 2636 1479 2658 l.
1497 2638 1518 2658 et
1536 2642 1556 2657 n.
1575 2635 1612 2657 58.
1630 2636 1744 2657 XXV.—
1756 2636 1777 2657 ln
1790 2635 1841 2657 eod.
1859 2636 1877 2657 A
1894 2638 2000 2663 respectu
2012 2636 2080 2657 nnius

1237 2674 1425 2696 notulaeadditur
1433 2675 1454 2697 et
1463 2673 1519 2703 quia
1531 2674 1644 2703 Muyister
1655 2673 1859 2703 aon.probaverat,
1868 2674 1962 2696 Patrem
1973 2673 2080 2703 genuisse

1237 2712 1324 2736 Filium
1339 2711 1470 2741 voluntale,
1485 2712 1535 2735 ideo
1548 2712 1605 2735 haec
1617 2713 1670 2735 nolti
1680 2711 1758 2741 posita
1775 2713 1814 2734 est.
1833 2712 1893 2734 llaec
1905 2712 1980 2733 notula
1993 2712 2015 2733 in
2027 2711 2076 2733 Vat.

1237 2755 1259 2773 et
1275 2752 1324 2773 aliis
1341 2751 1393 2773 edd.
1406 2751 1435 2773 ad
1448 2752 1584 2779 marginem,
1598 2751 1619 2772 in
1637 2751 1689 2773 edd.
1708 2750 1728 2778 5,
1747 2751 1760 2772 6
1778 2751 1800 2772 in
1818 2753 1878 2773 textu
1891 2751 1963 2778 posita
1975 2752 2014 2772 est.

1454 2789 1548 2811 NOTAE
1565 2789 1602 2811 AD
1620 2788 1864 2812 COMMENTARIUM.
2020 2786 2022 2790 “

1302 2829 1309 2842 ¹
1329 2829 1378 2851 vm.
1396 2835 1449 2851 cum
1467 2828 1581 2857 aliquibus
1598 2835 1652 2850 mss.
1671 2827 1814 2857 comparari.

1301 2868 1311 2883 ‘2
1328 2869 1357 2890 Ex
1375 2874 1429 2890 mss.
1448 2870 1469 2890 et
1485 2868 1522 2890 cd.
1544 2869 1548 2889 1
1571 2868 1732 2895 supplevimus
1749 2866 1869 2897 Massisler.
