2253 3317
761 162 793 190 IN
814 161 832 190 1.
854 160 979 189 LIBRUM
996 157 1259 188 SENTENTIARtffl.

140 244 202 266 nitur
219 245 267 266 tum
284 244 306 265 in
324 242 473 271 dispositione
490 247 569 264 rerum
585 240 765 269 tractandarum,
784 242 833 262 tum
850 239 872 261 in
889 237 986 266 singulis

142 289 326 319 quaestionibus,
344 288 443 311 multum
460 288 551 310 differre.
562 294 575 310 a
586 288 682 309 Summa
694 287 716 309 S.
730 287 844 314 Thomae;
859 290 902 307 nec
912 284 986 306 maior

142 336 200 357 inter
217 337 342 364 utrumque
353 340 413 362 opus
425 333 550 356 similitudo
562 332 754 361 deprehenditur,
766 337 837 360 quam
849 336 908 359 quae
919 335 986 358 gene-

138 383 209 404 ratim
226 383 284 404 inter
295 384 400 403 auctores
416 380 567 403 Scholasticos
585 379 614 402 de
624 379 706 401 eadem
718 378 851 407 quaestione
861 376 987 399 scribentes

142 429 238 450 inveniri
255 428 318 450 solet.
336 427 394 450 Cum
411 429 488 449 autem
500 427 549 454 via,
561 432 632 455 quam
649 425 780 448 defensores
797 424 819 446 S.
837 424 941 445 Thomae
957 425 987 444 te-

142 477 253 502 nuerunt,
270 473 419 496 denuntiandi
436 474 483 495 scil.
499 472 561 495 istud
577 478 637 500 opus
657 474 765 500 tanquam
791 469 905 497 fictitium,
926 474 987 491 nunc

142 520 291 549 relinquenda
309 521 343 548 sit,
364 520 492 548 disquisitio
508 519 568 541 circa
585 518 647 540 idem
668 517 753 540 institui
771 516 851 543 debet,
869 518 894 537 ut
910 515 986 543 ipsum

138 572 185 594 vro
197 567 284 588 honore
295 566 396 594 Angelici
413 566 568 588 testimonium
584 564 672 587 reddat.
691 564 713 586 ln
731 563 792 585 hunc
808 561 878 584 tinem
895 560 988 584 subiici—

143 620 195 636 mus
206 613 308 636 tabulam
320 614 451 642 generalem
469 619 547 635 rerum
559 613 647 640 primae
659 612 730 640 partis
741 610 856 639 opusculi,
869 615 929 639 quae
940 609 987 636 agit

144 661 172 684 dc
196 660 319 684 virtutibus
343 662 366 682 in
387 666 479 688 genere.
505 660 550 682 lam
568 660 611 682 hoe
632 659 737 681 sufficere
759 657 860 685 videtur,
879 660 903 679 ut
919 657 986 679 etiam

139 708 236 736 plurimi
249 708 290 736 illi,
313 708 352 736 qui
375 708 519 730 rarissimum
536 706 597 728 istud
616 712 676 734 opus
693 711 737 727 non
755 707 851 733 possunt
868 705 987 732 inspicere,

141 754 245 776 iudicare
261 754 356 782 possint,
373 756 485 782 quantum
502 753 596 775 Summa
614 751 715 780 Angeliei
733 750 762 773 ab
779 751 830 778 ipso
846 749 942 772 differat.

405 845 435 868 Do
451 844 581 868 virtutibus
597 844 622 867 in
639 850 726 873 genere.

223 940 237 961 l.
254 939 287 962 De
299 940 390 961 entitate
400 939 491 961 virtutis
501 938 523 960 iu
540 939 600 960 statu
612 939 706 959 naturae
718 936 806 964 lapsae,
819 936 931 963 integrae,
945 934 990 962 glo-

301 986 413 1013 rificatae,
431 986 530 1008 continet
546 984 689 1007 collationem
708 983 728 1005 1,
746 988 799 1004 011111
816 981 916 1004 articulis
934 981 954 1003 3.

215 1034 238 1056 ll.
257 1033 289 1056 Dc
306 1033 438 1055 necessitate
454 1032 552 1059 virtutis,
569 1031 611 1054 col.
629 1031 650 1052 2.
668 1035 721 1052 cum
738 1036 758 1051 a.
776 1029 796 1051 3.

205 1080 239 1102 lll.
257 1080 289 1101 De
305 1079 435 1101 excellentia
452 1078 549 1105 virtutis,
567 1077 608 1099 col.
627 1077 648 1099 3.

209 1126 244 1148 lV.
257 1126 289 1148 De
306 1126 437 1148 causalitate
452 1125 550 1152 virtutis,
568 1124 610 1146 col.
629 1124 649 1145 3.

241 1173 260 1194 1.
278 1172 310 1194 De
327 1178 395 1194 eausa
413 1172 536 1194 efficiente:

270 1225 292 1242 a.
309 1224 379 1241 causa
395 1218 470 1246 prima
487 1218 575 1246 (Deus),
592 1217 634 1239 eol.
653 1215 680 1243 4,
698 1222 718 1238 a.
737 1216 757 1238 3.

270 1265 290 1288 b.
308 1271 377 1288 causa
394 1264 495 1287 secunda
513 1264 616 1292 (creata),
633 1263 676 1286 col.
693 1263 718 1290 ὅ,
737 1269 756 1285 a.
776 1263 796 1284 3.

237 1314 258 1335 2.
276 1312 309 1335 De
325 1318 394 1334 causa
412 1311 513 1340 formali,
531 1311 573 1333 col.
590 1311 615 1338 6,
633 1316 653 1332 a.
672 1310 692 1332 3.

240 1360 260 1382 3.
279 1359 311 1382 De
329 1365 397 1381 causa
415 1358 524 1381 materiali
542 1359 602 1381 circa
619 1363 697 1386 quam.

270 1412 292 1429 [1.
310 1407 369 1428 circa
388 1405 549 1428 delectationes
566 1407 588 1427 et
609 1404 716 1431 tristitias,
733 1403 775 1425 col.
794 1402 818 1430 7,
834 1409 853 1424 a.
872 1402 893 1429 ὃ,
906 1404 928 1424 et
946 1401 992 1423 ulti·

310 1458 363 1475 mus
379 1452 487 1475 articulus
503 1451 573 1474 habet
590 1450 602 1473 4
620 1451 772 1480 quaestiones.

272 1498 292 1522 b.
309 1500 369 1521 circa
386 1499 487 1521 actiones
503 1500 525 1520 et
541 1498 668 1525 passiones,
686 1496 728 1519 col.
746 1496 772 1524 8,
790 1501 810 1518 a.
828 1496 849 1517 2.

272 1553 290 1570 c.
308 1547 368 1569 eirca
385 1546 472 1568 bonum
490 1548 513 1568 et
528 1545 623 1572 malum.
641 1544 684 1567 col.
701 1544 726 1571 9,
744 1550 764 1566 a.
782 1544 803 1565 2.

240 1593 261 1616 4.
279 1594 310 1616 De
328 1599 396 1616 causa
414 1593 481 1615 finali.

272 1647 294 1663 a..
311 1640 340 1663 de
357 1646 426 1663 eausa
444 1640 503 1662 finali
520 1640 626 1667 increata,
644 1639 686 1661 col.
704 1638 743 1665 r10,
762 1644 774 1660 a
793 1637 813 1660 lt.

273 1687 292 1711 b.
311 1688 339 1711 de
356 1694 423 1710 causa
442 1687 502 1710 finali
519 1689 601 1709 creata.

304 1741 324 1757 α.
343 1734 371 1756 de
388 1740 457 1756 causa
474 1733 534 1756 finali
551 1734 574 1755 in
597 1733 677 1761 patria,
694 1732 737 1755 eol.
756 1732 795 1759 11,
814 1738 833 1754 a.
852 1732 873 1760 2,
891 1737 991 1761 quorum

343 1784 440 1810 uterque
456 1780 526 1803 habet
542 1781 555 1802 2
573 1781 726 1808 quaestiones.

303 1827 323 1857 β.
342 1828 371 1851 de
387 1834 456 1851 causa
473 1827 533 1849 finali
551 1828 573 1849 in
590 1827 635 1854 via,
653 1827 695 1849 col.
715 1827 754 1854 12,
772 1832 791 1848 a.
810 1826 830 1848 G.

240 1875 261 1897 5.
279 1875 312 1897 De
329 1875 485 1897 delectatione.

271 1929 294 1945 a.
312 1922 369 1951 quid
386 1922 414 1944 sit
430 1920 558 1944 secundum
575 1926 637 1948 rem,

273 1967 293 1991 b.
311 1968 368 1997 quid
384 1969 413 1990 sit
428 1967 558 1990 secundum
573 1966 741 1993 definitionem,

274 2021 294 2039 c.
312 2016 334 2037 in
351 2021 398 2044 quo
415 2015 444 2037 sit
464 2013 575 2041 subiecto,
593 2013 635 2035 col.
655 2012 695 2040 13,
718 2018 737 2033 a.
765 2012 786 2039 3,
804 2016 903 2040 quorum
926 2016 994 2033 unus·

309 2062 410 2090 quisque
427 2060 497 2083 habet
512 2060 525 2082 3
544 2066 582 2088 qq.

211 2109 237 2130 V.
263 2108 296 2130 De
312 2107 430 2135 multiplici
448 2107 529 2129 effectu
551 2106 600 2128 sive
618 2105 722 2131 utilitate,
739 2104 782 2127 col.
802 2103 836 2126 11.

208 2154 246 2176 Vl.
264 2154 296 2176 De
313 2153 440 2183 quidditate
456 2153 553 2175 virtutis.

242 2201 262 2223 rl.
280 2200 413 2223 Secundum
429 2206 492 2228 rem,
509 2200 551 2222 col.
571 2198 610 2227 45,
628 2205 648 2221 a.
667 2199 703 2220 10.

243 2249 263 2270 2.
281 2247 414 2270 Secundum
427 2247 593 2274 definitionem,
611 2246 707 2273 (30116,
725 2252 737 2268 a
755 2246 776 2267 6.
793 2245 904 2274 Loquitur
917 2243 946 2266 de
965 2243 992 2266 16

305 2294 475 2318 definitionibus
491 2297 514 2317 et
529 2296 610 2316 tractat
625 2293 655 2316 de
670 2294 701 2315 29
719 2291 899 2322 quaestionibus.

210 2341 257 2364 Vll.
280 2341 313 2363 De
329 2340 432 2363 subiecto
449 2341 553 2363 virtutis.

243 2388 263 2410 1.
281 2388 396 2416 Quantum
413 2387 443 2409 ad
459 2386 617 2415 substantiam,
630 2386 672 2409 col.
691 2385 730 2413 17,
748 2391 767 2407 a.
781 2385 793 2407 3
811 2390 865 2407 cum
882 2384 909 2406 12
921 2390 959 2412 qq.

241 2434 264 2456 2.
281 2434 397 2462 Quantum
413 2433 442 2456 ad
460 2434 592 2461 potentiam,
610 2432 652 2455 col.
671 2432 712 2457 18,
730 2438 749 2454 a.
766 2431 780 2453 6
799 2437 851 2453 cum
870 2431 883 2453 9
901 2437 939 2459 qq.

210 2481 264 2503 Vlll.
281 2481 313 2503 De
330 2482 381 2502 actu
398 2480 488 2502 virtutis
504 2480 526 2501 in
544 2478 652 2507 generali.
833 2478 837 2481 ⁴

246 2528 264 2549 Ι.
281 2527 314 2549 De
330 2530 381 2549 actu
398 2527 515 2549 communi
532 2526 623 2549 virtutis
639 2526 661 2548 in
678 2526 724 2553 via,
740 2524 782 2547 col.
801 2524 841 2551 19,
859 2530 879 2545 a.
897 2522 918 2545 4.

242 2573 263 2595 2.
281 2573 313 2595 De
330 2574 380 2594 actu
398 2573 515 2594 communi
534 2572 623 2594 virtutis
639 2572 661 2593 in
679 2571 759 2599 patria,
776 2570 819 2592 col.
837 2570 878 2597 20,
896 2575 916 2591 a.
934 2569 955 2591 3.

243 2619 264 2641 3.
282 2618 313 2641 De
323 2622 373 2641 actu
383 2619 500 2640 communi
509 2618 599 2640 virtutis
610 2618 633 2640 in
642 2618 680 2639 via
689 2618 741 2639 etin
751 2617 831 2645 patria,
841 2616 883 2638 col.
894 2616 930 2643 21,
941 2621 960 2637 a.
971 2615 991 2637 3.

227 2664 265 2686 lx.
282 2665 314 2686 De
330 2664 420 2686 obiecto
437 2664 555 2686 communi
570 2664 668 2691 virtutis,
685 2663 727 2686 col.
745 2663 785 2691 22,
803 2669 823 2685 a.
841 2662 862 2684 3.

235 2711 263 2733 Χ.
280 2711 312 2733 De
331 2711 461 2738 cognitione
477 2711 575 2738 virtutis,
593 2711 635 2733 col.
654 2710 695 2737 23,
713 2716 732 2732 a.
751 2709 772 2731 4.

227 2757 264 2780 Xl.
282 2757 315 2780 De
331 2757 444 2780 divisione
460 2758 558 2785 virtutis,
575 2757 617 2779 col.
635 2756 676 2785 24,
693 2763 714 2779 a.
732 2756 752 2779 4.
770 2762 823 2779 cum
841 2756 854 2778 8
872 2762 910 2785 qq.

211 2804 287 2827 Restat
303 2805 373 2832 igitur
394 2802 498 2827 secunda
515 2804 617 2832 quaestio
639 2803 715 2825 adhuc
731 2802 892 2830 examinanda,
915 2804 991 2824 utrum

147 2851 195 2874 scil.
213 2852 332 2873 memorati
349 2851 453 2879 opusculi
471 2853 549 2873 auctor
566 2851 595 2872 sit
610 2850 738 2872 Alexander
750 2850 863 2877 Halensis,
881 2848 993 2878 quemad-

148 2897 245 2920 modum
261 2900 326 2926 putat
342 2898 496 2926 Waddingus.
514 2898 537 2920 ln
553 2898 656 2920 savorem
678 2898 746 2920 huius
762 2897 885 2920 sententiae
902 2899 993 2925 praeter

146 2945 304 2967 auctoritatem
316 2945 423 2973 antiquae
434 2944 540 2966 editionis
550 2945 572 2966 in
590 2943 692 2966 medinm
704 2944 800 2972 proferri
817 2944 911 2972 poterit,
930 2943 992 2972 quod

1832 158 1885 186 th

1042 237 1063 259 111
1081 239 1188 259 tractatus
1205 237 1234 259 de
1245 236 1369 260 virtutihus
1386 237 1503 259 manifeste
1521 237 1599 265 scripti
1616 238 1668 258 sunt
1685 238 1710 258 ut
1722 242 1775 264 pars
1790 236 1886 258 alienius

1042 290 1139 312 magnae
1161 284 1271 306 Summae
1292 283 1551 312 theologicae—quod
1573 284 1594 305 111
1617 282 1757 305 editionibus
1777 283 1886 305 Summae

1042 330 1162 352 Alexandri
1180 337 1202 358 p.
1220 331 1252 353 lll.
1270 334 1321 353 ante
1339 331 1496 360 quaestionem
1513 331 1550 352 68.
1569 329 1710 357 (secundum
1726 329 1762 351 ed.
1776 329 1885 351 Venetam

1042 380 1064 400 et
1080 376 1250 405 Coloniensem,
1268 378 1304 400 vel
1322 377 1359 399 78.
1377 377 1505 400 secundum
1523 377 1559 399 ed.
1577 376 1788 404 Kobergerianam)
1806 376 1887 403 ingens

1043 424 1123 446 lacuna
1140 426 1262 452 appareat,
1280 424 1309 446 ad
1326 430 1396 453 quam
1408 423 1544 452 explendam
1562 424 1584 445 111
1601 424 1709 445 tractatus
1725 422 1825 450 perfecte
1837 428 1888 443 eon-

1043 473 1162 497 gruerent,
1181 470 1199 491 si
1216 470 1285 492 etiam
1307 470 1351 497 ipsi
1367 472 1443 491 essent
1464 469 1561 491 absoluti
1578 481 1610 485 -
1631 468 1731 497 denique
1753 467 1816 496 quod
1839 467 1887 494 ipse

1044 515 1155 543 prologus
1171 516 1311 544 quaestionis
1326 515 1364 536 78.
1382 515 1500 537 manifeste
1516 515 1632 542 supponit,
1643 514 1705 536 illam
1720 514 1825 536 lacunam
1842 514 1886 535 iam

1043 562 1156 590 expletam
1168 568 1229 589 esse,
1241 561 1297 584 dum
1307 561 1401 589 legitur:
1418 569 1428 581 α
1437 560 1495 583 Post
1504 561 1634 583 tractatum
1642 559 1670 583 de
1677 559 1764 583 virtute
1772 559 1796 582 in
1805 565 1889 589 ywere

1043 608 1207 637 inquirendum
1224 610 1258 630 est
1274 608 1303 630 de
1319 607 1442 636 speciebus
1452 608 1563 629 virtutum
1580 606 1708 629 secundum
1724 605 1888 636 praeassiymr

1044 656 1093 677 tam
1114 654 1288 684 differenliam;
1304 657 1326 676 et
1347 655 1423 682 primo
1444 656 1526 681 agatur
1547 653 1576 675 de
1598 652 1723 676 virtutibus
1742 653 1888 680 theologicis,

1044 707 1104 730 quae
1121 704 1174 723 sunt
1190 702 1287 723 virtutes
1303 701 1325 722 in
1343 700 1448 722 finem...
1461 699 1633 729 Consequenter
1643 706 1700 722 vero
1717 699 1747 721 de.
1758 698 1888 724 virtutibus,

1045 755 1105 777 quae
1122 751 1175 770 sunt
1197 748 1226 770 ad
1243 747 1324 775 finem,
1343 750 1368 769 ut
1385 747 1518 775 prudentia,
1536 747 1627 769 iustitia.
1638 755 1647 767 ›=

1107 795 1147 817 His
1163 798 1239 817 tamen
1257 800 1301 816 non
1319 787 1475 822 obstantibus,
1488 797 1577 816 certum
1594 800 1644 816 esse
1659 796 1780 821 putamus,
1798 792 1890 814 Alexan-

1046 842 1114 864 drum
1136 842 1213 869 ipsum
1234 842 1329 864 minime
1352 842 1393 864 hos
1415 843 1523 864 tractatus
1544 841 1669 869 scripsisse.
1691 840 1760 862 Aliter
1781 839 1805 862 id
1827 840 1889 868 quod

1046 888 1194 916 Waddingus
1210 889 1265 911 falso
1283 888 1337 910 dicit
1352 888 1382 910 de
1398 888 1496 910 Doctore
1512 887 1631 915 Angenco,
1649 893 1704 909 vere
1721 886 1750 908 ‹le
1766 886 1891 914 Seraphico

1046 935 1208 958 affirmandum
1220 939 1291 963 esset,
1309 936 1394 958 scilicet
1411 935 1474 964 quod
1490 940 1599 963 magnam
1611 937 1699 962 partem
1716 934 1799 956 horum
1810 935 1892 956 tracta-

1047 985 1112 1005 tuum
1128 983 1175 1005 fere
1186 982 1215 1005 ad
1232 981 1331 1004 verbum
1349 982 1370 1004 in
1388 987 1457 1004 suum
1473 981 1669 1004 Commentarium
1685 980 1818 1009 excepisset.
1835 979 1891 1002 Nam

1047 1030 1079 1059 (si
1097 1031 1198 1058 excipias
1208 1030 1329 1052 nonnullas
1340 1029 1500 1058 quaestionesl
1518 1035 1545 1051 ea
1556 1029 1644 1057 omnia,
1662 1035 1722 1058 quae
1733 1029 1756 1050 S.
1772 1028 1892 1050 Bonaven-

1047 1080 1096 1100 tura
1114 1077 1183 1099 habet
1199 1079 1248 1099 tum
1261 1076 1289 1098 de.
1306 1075 1379 1098 tribus
1390 1075 1514 1098 virtutibus
1531 1075 1665 1103 theologicis
1678 1074 1725 1102 (111.
1737 1074 1798 1096 Sent.
1815 1073 1838 1095 d.
1851 1073 1891 1095 23-

1048 1124 1088 1152 30,
1106 1126 1128 1145 et
1144 1123 1158 1145 l.
1176 1124 1237 1145 Sent.
1255 1122 1277 1145 d.
1288 1122 1342 1151 t7.),
1358 1125 1407 1145 tum
1425 1122 1453 1144 de
1469 1121 1593 1144 virtutibus
1607 1120 1763 1143 cardinalibus
1772 1120 1795 1142 in
1807 1125 1891 1148 genere

1048 1169 1097 1197 (111.
1115 1169 1176 1191 Sent.
1198 1169 1220 1191 d.
1239 1168 1290 1197 33.)
1309 1169 1322 1190 i.
1345 1175 1365 1190 e.
1386 1169 1445 1191 circa
1465 1168 1495 1190 70
1517 1168 1675 1197 quaestiones,
1700 1167 1781 1195 paucis
1805 1169 1892 1189 tantum

1048 1216 1190 1244 argumentis
1211 1215 1247 1238 vel
1264 1215 1348 1237 additis
1369 1215 1406 1237 vel
1423 1215 1514 1237 omissis
1530 1215 1565 1237 vel
1588 1215 1721 1243 contractis,
1744 1214 1773 1237 ad
1793 1213 1893 1236 verbum

1048 1264 1154 1291 leguntur
1169 1264 1237 1286 etiam
1257 1263 1279 1284 111
1296 1263 1344 1284 istis
1364 1261 1504 1284 tractatibus.
1520 1261 1578 1285 Cum
1598 1268 1636 1284 res
1653 1263 1683 1284 ita
1699 1268 1724 1284 se
1744 1261 1837 1289 habeat,
1855 1267 1894 1283 ne-

1048 1311 1147 1332 cessario
1168 1309 1355 1332 concludendum
1376 1311 1422 1337 est,
1449 1309 1485 1331 vel
1507 1309 1529 1331 S.
1552 1309 1737 1331 Bonaventuram
1758 1309 1835 1330 omnia
1852 1309 1892 1330 ista

1048 1357 1228 1384 transcripsisse,
1245 1356 1263 1378 si
1280 1361 1362 1378 revera
1373 1355 1501 1378 Alexander
1511 1358 1545 1377 est
1554 1357 1633 1377 auctor
1644 1355 1735 1377 illorum
1748 1356 1892 1380 tractatuum,

1048 1403 1084 1424 vel
1101 1402 1170 1424 alium
1188 1402 1296 1431 aliquem,
1314 1408 1360 1425 non
1379 1401 1547 1429 Alexandrum,
1566 1402 1601 1423 illa
1618 1402 1728 1424 sumsisse
1745 1407 1772 1423 ex
1785 1401 1807 1423 S.
1825 1401 1894 1423 Bona-

1049 1453 1152 1472 ventura.
1175 1449 1249 1471 Prima
1272 1451 1349 1471 autem
1371 1448 1407 1470 illa
1429 1449 1560 1470 coniectura
1582 1448 1726 1476 gravissimis
1752 1447 1895 1475 argumentis

1048 1496 1219 1519 demonstratur
1245 1497 1339 1518 omnino
1365 1494 1537 1524 improbabilis,
1566 1494 1622 1517 dum
1650 1500 1693 1523 pro
1720 1494 1820 1517 secunda
1849 1500 1893 1516 non

1048 1544 1215 1567 contemnenda
1231 1543 1373 1572 praesumtio
1384 1543 1470 1565 militet.
1488 1542 1556 1571 Quod
1567 1541 1668 1565 breviter
1679 1541 1841 1570 exponendum
1853 1544 1894 1563 est.

1113 1592 1133 1614 1.
1150 1591 1173 1613 Si
1185 1591 1288 1619 ponitur,
1298 1591 1353 1612 istos
1363 1591 1472 1612 tractatus
1483 1588 1513 1611 ab
1524 1590 1575 1617 Ipso
1586 1588 1714 1611 Alexandro
1725 1588 1823 1616 scriptos
1833 1593 1894 1615 esse,

1050 1638 1109 1661 nulla
1126 1638 1183 1660 ratio
1200 1637 1250 1660 dari
1272 1639 1359 1665 potest,
1382 1642 1454 1665 quare
1471 1642 1525 1664 pars
1542 1638 1587 1658 tam
1609 1636 1705 1663 insignis
1722 1636 1751 1657 sit.
1771 1634 1862 1657 exclusa
1882 1640 1893 1656 a

1049 1685 1143 1707 Summa
1161 1684 1301 1712 theologica,
1318 1684 1347 1706 ita
1365 1685 1389 1706 ut
1406 1683 1428 1705 in
1446 1683 1494 1711 ipsa
1513 1683 1600 1704 oriatur
1616 1682 1695 1704 lacuna
1713 1682 1795 1710 ingens
1811 1684 1833 1704 et
1850 1688 1895 1704 ma-

1050 1730 1137 1752 nisesta.
1160 1730 1185 1752 Et
1207 1729 1334 1752 notandum
1356 1731 1402 1757 est,
1425 1728 1489 1758 quod
1506 1734 1551 1751 non
1574 1730 1661 1750 tantum
1684 1733 1765 1750 omnes
1784 1728 1895 1750 editiones

1049 1778 1158 1800 Summae
1175 1776 1260 1799 habent
1274 1777 1341 1799 istam
1358 1776 1476 1803 lacunam,
1493 1775 1534 1798 sed
1551 1775 1618 1797 etiam
1636 1775 1723 1804 antiqui
1739 1774 1831 1797 codices
1847 1780 1896 1796 ma-

1049 1824 1171 1851 nuscripti,
1183 1828 1284 1852 quorum
1296 1822 1343 1845 duo
1353 1823 1412 1844 circa
1425 1822 1483 1844 hanc
1494 1827 1544 1843 rem
1555 1822 1745 1843 examinavimus.
1761 1820 1896 1844 Florentiae

1048 1872 1109 1893 enim
1116 1872 1137 1893 in
1148 1870 1285 1893 bibliotheca
1294 1870 1453 1898 Laurentiana,
1462 1870 1519 1898 plut.
1529 1868 1611 1891 XXIV.
1621 1868 1688 1897 dext,
1697 1868 1749 1891 cod.
1759 1868 1787 1891 V.
1796 1868 1894 1891 membr.

1049 1921 1070 1942 in
1083 1920 1132 1948 sol.,
1144 1925 1203 1942 saec.
1215 1918 1404 1947 X111.,tnvenitu1·
1415 1918 1471 1939 baec
1488 1917 1594 1944 Summa,
1612 1923 1671 1945 quae
1683 1923 1695 1939 a
1712 1916 1812 1939 secunda
1825 1921 1895 1938 manu

1049 1966 1220 1994 inscriptionem
1233 1964 1314 1987 habet:
1326 1962 1474 1992 Alea-ander,
1494 1962 1578 1986 tertius
1589 1962 1614 1985 in
1626 1962 1758 1986 Sententiis.
1770 1962 1811 1984 Hic
1822 1961 1894 1984 codex

1049 2015 1140 2041 praeter
1156 2011 1253 2034 eandem
1271 2012 1377 2033 lacunam
1393 2010 1485 2033 exhibet
1500 2010 1569 2032 etiam
1581 2009 1662 2032 eadem
1679 2008 1751 2031 verba
1763 2009 1785 2031 in
1797 2008 1895 2037 prologo

1049 2059 1167 2087 sequentis
1182 2058 1335 2087 quaestionis,
1352 2063 1412 2086 quae
1428 2058 1474 2079 iam
1495 2056 1739 2079 commemoravimus.
1756 2055 1852 2083 insuper
1873 2056 1894 2077 in

1049 2104 1125 2128 tabula
1143 2106 1304 2134 quaestionum
1322 2104 1352 2126 ad
1368 2105 1438 2126 istum
1455 2104 1531 2126 locum
1549 2102 1581 2131 (in
1599 2102 1650 2125 eod.
1668 2104 1720 2131 post.
1736 2109 1758 2131 q.
1779 2102 1896 2130 31115113-

1050 2151 1105 2173 tium
1123 2151 1227 2178 amplum
1249 2150 1353 2172 relictum
1376 2152 1410 2172 est
1434 2155 1551 2177 vacuum,
1576 2152 1601 2171 ut
1622 2150 1751 2171 inserantur
1775 2149 1811 2171 alii
1840 2149 1895 2171 tituli

1050 2198 1222 2227 quaestionum,
1240 2203 1287 2226 quo
1304 2199 1452 2224 monstratur,
1469 2196 1535 2219 istam
1553 2197 1658 2218 lacunam
1670 2202 1714 2218 non
1727 2196 1813 2224 fugisse
1825 2198 1896 2218 atten-

1049 2246 1134 2267 tionem
1151 2244 1306 2267 librariorum.
1318 2244 1411 2266 Numeri
1427 2244 1495 2265 etiam
1507 2244 1653 2272 sequentium
1671 2243 1832 2271 quaestionum
1843 2245 1896 2264 sunt

1049 2298 1061 2314 a
1074 2297 1143 2314 manu
1155 2291 1289 2319 posteriore.
1301 2290 1364 2313 Alius
1375 2289 1447 2313 codex
1459 2292 1492 2312 est
1503 2288 1638 2312 Florentiae
1646 2290 1668 2311 111
1678 2288 1815 2311 bibliotheca
1825 2288 1896 2310 Natio-

1050 2339 1106 2367 nali,
1125 2338 1175 2361 cod.
1193 2337 1291 2360 membr.
1309 2338 1331 2359 in
1348 2337 1394 2365 fol.,
1411 2343 1470 2359 saec.
1489 2336 1548 2359 XlV.
1567 2337 1677 2364 ineuntis,
1695 2336 1754 2364 sign.
1772 2335 1808 2358 25.
1826 2335 1849 2357 F.
1867 2335 1895 2361 5..

1050 2387 1184 2414 inscriptus:
1204 2384 1296 2408 Tertius
1313 2383 1448 2407 Alemandrz'
1463 2383 1490 2406 de
1507 2382 1584 2406 Hales.
1603 2383 1693 2411 lncipit:
1713 2383 1771 2405 Tota
1788 2381 1896 2406 6111131111-

1049 2438 1094 2455 ηαι·
1109 2431 1165 2462 fidei
1180 2430 1314 2460 disciplina.
1333 2430 1355 2452 ln
1374 2431 1417 2452 hoc
1435 2431 1503 2452 etiam
1520 2429 1600 2452 codice
1620 2430 1662 2452 ista
1684 2430 1763 2451 lacuna
1781 2429 1896 2451 invenitur

1049 2482 1072 2502 et
1087 2479 1215 2501 insinuatur
1231 2478 1305 2506 spatio
1323 2477 1401 2500 relicto
1422 2482 1497 2499 vacuo
1517 2477 1577 2498 inter
1593 2478 1732 2498 memoratas
1751 2475 1809 2497 duas
1826 2481 1896 2504 quae-

1048 2527 1140 2548 stiones.
1157 2525 1217 2547 Haec
1233 2525 1310 2547 omnia
1326 2523 1433 2551 indicant,
1451 2523 1480 2545 ab
1497 2524 1548 2551 ipso
1565 2522 1685 2545 Alexandri
1708 2525 1811 2550 tempore
1834 2521 1894 2544 iilam

1049 2572 1118 2594 fuisse
1135 2571 1247 2594 lacunam.

1112 2619 1133 2640 2.
1151 2618 1222 2646 Magis
1233 2618 1302 2640 etiam
1314 2620 1381 2645 urget
1392 2617 1460 2639 altera
1473 2617 1537 2638 ratio.
1549 2616 1660 2644 Explicari
1678 2621 1723 2637 non
1735 2618 1819 2644 potest,
1832 2616 1894 2644 quod
1918 2643 1934 2646 ..

1049 2666 1198 2693 SeraphicuS,
1216 2665 1255 2693 qui
1274 2666 1305 2686 tot
1321 2666 1401 2686 tractat
1418 2663 1473 2685 alias
1489 2663 1646 2691 quaestiones,
1663 2662 1743 2684 itidem
1760 2663 1782 2684 111
1799 2662 1894 2684 Summa

1049 2711 1168 2734 Alexandri
1186 2712 1345 2737 occurrentes,
1362 2715 1483 2739 nusquam
1500 2709 1537 2731 tali
1560 2708 1630 2731 modo
1652 2709 1764 2736 integram
1782 2709 1895 2737 quaestio-

1050 2764 1101 2780 nem
1119 2763 1171 2780 cum
1189 2757 1237 2779 suis
1259 2756 1402 2784 argumentis
1418 2761 1444 2778 ex
1467 2757 1565 2784 utraque
1582 2757 1657 2782 parte,
1675 2760 1728 2776 cum
1746 2755 1895 2782 responsione

1049 2809 1071 2828 et
1087 2805 1199 2827 solutione
1216 2805 1405 2831 argumentorum
1423 2801 1564 2829 transcribit,
1582 2801 1623 2824 sed
1634 2807 1726 2829 semper
1739 2803 1808 2823 totam
1826 2806 1896 2829 quae—

1049 2852 1145 2874 stionem
1163 2853 1188 2873 ut
1204 2856 1274 2872 verus
1295 2852 1374 2872 auctor
1395 2849 1485 2877 digerit.
1503 2848 1547 2870 Nec.
1565 2847 1652 2876 obstat,
1675 2847 1739 2876 quod
1756 2848 1778 2869 S.
1796 2847 1894 2873 Bonan,

1049 2898 1080 2920 uti
1107 2898 1153 2919 iam
1180 2896 1372 2923 observavimus,

1048 2946 1147 2966 sectatur
1169 2945 1191 2965 et
1208 2942 1270 2971 quod
1293 2947 1337 2964 non
1355 2947 1441 2969 paucas
1457 2947 1494 2964 res
1516 2946 1543 2962 ex
1560 2946 1644 2968 magna
1665 2940 1701 2962 illa
1723 2944 1801 2962 rerum
1825 2938 1893 2965 silva,

1401 2895 1529 2917 doctrinam
1556 2895 1659 2922 magistri
1686 2894 1721 2916 sui
1750 2894 1893 2922 potissimum
