2253 3317
676 409 1322 483 PROLEGOMENA

471 629 543 677 AD
577 628 803 677 PRIMUM
837 627 1053 675 LIBRUM
1090 626 1542 676 SENTENTIARUM.

194 1165 307 1193 insignem
323 1167 345 1186 et
362 1164 419 1186 inter
436 1163 556 1191 theologos
580 1162 757 1185 celeberrimum
778 1161 974 1185 Commentariun}

128 1212 152 1234 in
170 1211 240 1234 libros
256 1211 424 1233 Sententiarum
441 1210 517 1238 primo
535 1211 625 1232 nostrae
643 1208 748 1231 editionis
765 1208 815 1230 loco
841 1208 973 1236 posuimus,

130 1258 152 1280 in
169 1263 216 1286 quo
232 1257 363 1285 exemplum
380 1256 486 1278 editionis
502 1255 603 1278 Venetae
620 1257 642 1277 et
653 1255 786 1277 parisiensis
797 1255 868 1278 secuti
885 1260 974 1276 sumus.

129 1304 210 1332 Ratio,
228 1309 287 1332 quac
304 1303 449 1331 potissimum
471 1301 500 1325 ad
518 1302 561 1324 hoc
578 1307 619 1324 nos
636 1301 720 1329 movit,
737 1301 793 1323 haec
810 1302 854 1328 est,
872 1300 935 1329 quod
952 1301 974 1322 S.

129 1349 214 1373 Doctor
229 1355 296 1372 suam
313 1349 335 1371 in
353 1348 423 1371 rebus
445 1348 579 1376 theologicis
601 1350 624 1370 et
647 1347 716 1369 etiam
736 1347 902 1375 philosophicis
926 1353 975 1369 sen·

130 1397 223 1420 tentiam
240 1396 262 1418 in
280 1396 323 1418 hoc
339 1394 510 1418 Commentario
527 1395 557 1417 ita
574 1394 666 1422 copiose
678 1396 700 1416 et
712 1393 826 1422 profunde
847 1393 975 1422 explicavit,

130 1445 156 1465 ut
171 1448 204 1470 ea,
217 1447 276 1471 quae
288 1442 310 1463 in
328 1441 377 1463 aliis
393 1440 456 1463 libris
472 1440 502 1463 ad
519 1441 595 1463 varias
611 1446 690 1463 sacrae
710 1439 827 1462 doctrinae
844 1439 976 1468 disciplinas

127 1487 287 1517 spectantibus
303 1488 395 1516 scripsit
410 1487 440 1510 ad
465 1487 602 1510 intellectum
628 1487 805 1510 illuminandum
822 1490 844 1509 et
868 1487 975 1510 affectum

130 1534 332 1563 inflammandum,
359 1534 389 1557 ad
414 1535 475 1557 hunc
499 1533 699 1557 Commentarium
725 1537 834 1563 tanquam
859 1534 889 1557 ad
906 1539 975 1556 suum

131 1580 216 1603 fontem
232 1581 385 1609 praecipuum
402 1583 425 1603 et
440 1580 534 1603 firmum
559 1580 735 1603 fundamentum
752 1581 851 1603 maxima
868 1586 895 1603 ex
912 1582 976 1608 parte

131 1626 210 1650 reduci
226 1627 321 1655 possint.
338 1627 411 1650 Huius
427 1628 498 1655 igitur
514 1626 678 1650 Commentarii
703 1629 764 1649 textu
781 1632 837 1649 suae
853 1626 976 1654 integritati

131 1675 234 1697 restituto
250 1676 273 1696 et
290 1674 427 1702 opportunis
444 1675 503 1697 notis
527 1674 650 1703 illustrato,
677 1680 721 1696 non
739 1680 822 1702 parum
839 1674 890 1702 opis
907 1674 975 1696 etiam

131 1721 180 1743 aliis
196 1720 307 1749 operibus
323 1720 419 1743 edendis
436 1720 514 1743 tulisse
531 1720 597 1743 nobis
608 1720 723 1743 videmur.
736 1720 882 1749 Quapropter
897 1721 976 1748 singu-

131 1766 173 1789 lari
188 1766 290 1796 quodam
307 1766 384 1789 studio
400 1766 430 1789 ad
447 1767 491 1789 hoc
507 1765 689 1789 incumbendum
706 1772 757 1788 esse
774 1765 926 1795 putabamus,
944 1768 975 1794 ut,

132 1813 240 1836 adhibitis
256 1819 327 1843 quam
343 1813 448 1842 plurimis
465 1816 488 1836 et
503 1814 596 1842 optimis
613 1813 776 1841 manuscriptis
792 1814 888 1842 aliisque
904 1812 977 1835 admi-

132 1860 228 1888 niculis,
245 1863 322 1883 nostra
346 1860 415 1883 huius
432 1861 511 1888 magni
527 1860 605 1888 operis
622 1859 692 1882 editio
709 1859 773 1882 fieret
789 1865 860 1889 quam
877 1859 977 1881 maxime

128 1910 241 1929 correcta.
260 1906 351 1929 interim
368 1912 427 1936 quae
445 1906 474 1929 de
492 1907 535 1929 hoc
551 1905 721 1929 Commentario
738 1909 760 1928 et
777 1909 853 1929 nostra
871 1905 976 1928 eiusdem

132 1953 232 1976 editione
244 1953 311 1976 nobis
321 1952 467 1976 observanda
479 1953 588 1976 videntur
599 1952 629 1975 ad
641 1953 682 1975 tria
695 1953 858 1975 revocavimus
870 1951 976 1980 capitula,

129 2000 250 2023 tractando
264 2000 343 2030 primo
355 2000 384 2022 de
402 2002 501 2029 quatuor
512 2000 581 2022 huius
592 1999 754 2022 Commentarii
766 1999 829 2023 libris
845 2000 867 2022 in
879 2006 976 2028 generc;

132 2046 235 2071 secvndo
260 2046 289 2069 dc
306 2047 382 2075 primo
399 2046 458 2069 libro
474 2047 496 2068 in
514 2047 606 2075 specie,
623 2050 646 2069 et
661 2046 691 2069 dc
707 2047 735 2069 iis
752 2052 812 2075 quac
833 2052 875 2069 nos
901 2047 923 2069 in
949 2053 977 2069 eo

133 2092 224 2115 edendo
241 2093 422 2121 praestavimus;
440 2091 507 2115 tertio
524 2092 553 2116 dc
571 2092 629 2115 libro
646 2093 815 2115 Sententiarum
832 2093 889 2116 Petri
913 2093 978 2116 Lom-

132 2138 199 2162 bardi
216 2146 229 2161 a
243 2139 309 2161 nobis
325 2139 394 2162 edito.
411 2139 450 2161 His
466 2138 601 2162 adiicientur
626 2139 748 2161 nonnullae
765 2138 856 2162 tabulae
872 2140 894 2162 in
917 2145 978 2162 com-

130 2186 230 2209 modum
245 2186 343 2208 lectoris.

509 2239 569 2262 CAP.
586 2240 601 2262 l.

189 2303 226 2333 De
240 2302 360 2342 quatuor
373 2300 455 2331 huius
466 2300 661 2331 commentarii
675 2299 755 2331 libris
769 2300 799 2330 iu
814 2309 924 2340 genere.

195 2373 209 2402 S
230 2374 248 2395 1.
265 2372 417 2396 Anthemio-os
433 2377 482 2395 esse
499 2371 571 2395 huius
588 2371 758 2395 Commentarlz'
774 2373 878 2402 quatuor
896 2371 976 2400 libros,

133 2421 203 2444 extra
215 2425 308 2443 omnem
320 2418 506 2442 controversiam
518 2419 558 2442 est.
572 2419 660 2441 Primus
672 2418 729 2441 liber
746 2419 835 2447 incipit:
852 2418 978 2448 Profunda

134 2466 266 2496 slnvimmm
282 2466 406 2489 scrutatus
427 2466 475 2493 esu
501 2465 629 2488 sccundus:
647 2464 803 2488 Solummodo
821 2464 864 2488 hoc
880 2464 975 2494 int-eni,

133 2511 196 2543 qaod
207 2512 269 2535 Deus
279 2511 333 2541 fecit
342 2511 459 2535 hominem
468 2513 574 2540 ποίμνη,-
587 2512 679 2535 tertius:
692 2511 763 2540 Deus,
775 2510 817 2541 qai
829 2511 892 2535 dit-es
904 2513 939 2535 est
952 2512 978 2536 in

133 2557 312 2585 misem'corclia;
323 2562 431 2586 quartus:
445 2557 623 2587 Unqaanwrius
633 2557 703 2587 faciet
711 2558 833 2588 pigmenta
845 2558 977 2582 suavitatis.

135 2605 237 2628 Profecto
254 2608 286 2627 tot
302 2605 436 2632 scriptores,
453 2605 521 2627 etiam
539 2606 618 2627 coaevi
629 2608 652 2628 et
667 2611 793 2633 suppares,
811 2608 842 2628 tot
859 2605 977 2634 editiones,

129 2654 167 2674 *tot
183 2650 275 2673 codices
292 2651 441 2679 manuscripti
459 2651 481 2672 S.
499 2650 682 2674 Bonaventuram
700 2651 768 2674 huius
793 2651 844 2674 libri
861 2654 977 2675 auctorem

135 2704 186 2721 esse
203 2698 359 2727 proclamant,
376 2701 401 2720 ut
419 2700 480 2720 recte
497 2704 599 2720 asserere
616 2699 689 2726 possit
706 2698 728 2720 t).
746 2698 882 2722 Benedictus
893 2699 977 2722 Bonelli

129 2745 272 2771 ‹(Prodrom.
290 2745 344 2767 Vlll.
362 2752 384 2773 p.
403 2745 417 2767 l.
435 2751 453 2768 c.
475 2746 492 2767 1.
510 2745 524 2774 S
542 2745 562 2767 3.
580 2746 622 2768 col.
641 2746 727 2774 516.)‚
745 2746 808 2775 quotl
829 2753 918 2769 «nemo
941 2747 977 2769 vel

128 2798 162 2814 rex
179 2791 346 2814 morosioribus
362 2792 456 2819 criticis,
474 2792 529 2813 mihi
546 2791 640 2821 quidem
658 2794 795 2821 compertis,
814 2794 921 2816 inventus
944 2797 979 2816 est

129 2838 260 2865 hactenus,
277 2838 317 2867 qui
334 2837 465 2860 huiusmodi
482 2837 649 2860 Commentaria
667 2839 733 2861 suerit
752 2845 823 2861 ausus
839 2840 861 2861 in
880 2839 976 2861 ‹lubium

1031 1167 1148 1184 revocare.
1166 1160 1250 1190 thuid
1267 1167 1323 1189 ergo
1341 1161 1363 1183 in
1381 1167 1405 1183 re
1423 1160 1549 1183 meridiana
1566 1161 1616 1183 luce
1627 1161 1722 1183 clariore
1734 1163 1803 1190 atque
1814 1163 1875 1183 extra

1031 1208 1107 1230 omnis
1128 1206 1277 1230 dubitationis
1299 1207 1372 1229 aleam
1392 1207 1465 1235 posita
1483 1210 1574 1235 tempus
1592 1209 1702 1229 tereren?
1720 1208 1821 1229 Sufficiat
1838 1208 1877 1235 igi-

1032 1256 1069 1276 tur
1089 1253 1190 1277 brevitor
1213 1259 1414 1282 commemorare,
1440 1253 1504 1282 quod
1527 1257 1618 1282 praeter
1643 1256 1711 1276 testes
1735 1260 1762 1276 ex
1792 1253 1876 1276 Ordine

1032 1299 1160 1328 minorum,
1178 1299 1207 1322 de
1223 1299 1308 1329 quibus
1325 1299 1398 1327 int'ra,
1416 1299 1527 1322 Heni-icus
1543 1299 1708 1322 Gandaviensis
1719 1300 1762 1329 (de
1780 1300 1877 1328 Scripto-

1032 1345 1096 1368 ribus
1113 1346 1236 1369 ecclesiast.
1254 1352 1274 1368 c.
1292 1345 1329 1374 47,
1341 1346 1377 1368 ed.
1390 1345 1440 1368 Alb.
1453 1345 1577 1374 Fabricii),
1594 1347 1634 1375 qui
1651 1350 1756 1369 mortuus
1772 1349 1878 1369 estanno

1033 1392 1109 1420 1293,
1127 1392 1156 1415 de
1173 1392 1195 1414 S.
1213 1392 1372 1415 Bonaventura
1394 1393 1450 1414 haec
1475 1393 1572 1420 profert:
1593 1392 1707 1420 «Scripsit
1731 1393 1753 1414 in
1779 1395 1878 1421 quatuor

1032 1438 1102 1462 libros
1120 1439 1208 1462 Petri».
1226 1439 1288 1462 idem
1304 1440 1403 1462 affirmat
1420 1439 1563 1462 Ptolemaeus
1579 1439 1697 1468 Lucensis,
1715 1439 1842 1468 discipulus
1856 1442 1877 1462 et

1032 1486 1148 1508 Familiaris
1164 1486 1186 1508 S.
1205 1486 1308 1508 Thomae
1334 1486 1427 1513 (Eccles.
1445 1486 1523 1508 histor.
1550 1492 1630 1515 novae,
1648 1486 1726 1509 XXlll.
1743 1493 1762 1509 c.
1781 1487 1801 1509 2.
1814 1486 1877 1515 apud

1032 1532 1153 1560 Muratori,
1171 1532 1300 1560 Scriptores
1316 1538 1394 1555 rernm
1412 1532 1553 1561 italicarum,
1571 1536 1625 1555 tom.
1645 1533 1681 1555 Xl.
1700 1534 1741 1556 col.
1763 1534 1837 1561 1165).

1096 1579 1145 1608 lpse
1163 1580 1230 1602 huius
1241 1579 1403 1602 Commentarii
1420 1583 1510 1608 auctor,
1529 1583 1553 1602 ut
1568 1580 1705 1602 observatur
1717 1580 1738 1602 in
1751 1580 1877 1603 Prodi-omo

1033 1625 1092 1655 (loc,
1114 1626 1184 1654 cin),
1210 1626 1263 1648 satis
1287 1631 1312 1648 se
1329 1626 1428 1648 insinuat
1456 1634 1465 1646 ιι
1479 1626 1565 1649 nedum
1582 1626 1773 1653 Franciscanum,
1792 1626 1877 1649 nedum

1032 1672 1152 1695 Alexandri
1161 1673 1264 1695 llalensis
1274 1672 1422 1701 discipulum,
1432 1673 1473 1696 sed
1484 1677 1506 1696 et
1522 1673 1707 1696 Bonavcnturam
1720 1674 1809 1696 Parisiis
1826 1674 1878 1696 scri-

1032 1718 1131 1742 bentem.
1149 1719 1339 1743 Franffl'scamtm
1355 1719 1464 1749 quidem,
1482 1719 1539 1742 dum
1557 1721 1587 1742 ait
1604 1720 1626 1742 ll.
1644 1721 1705 1743 Sent.
1723 1720 1745 1743 d.
1764 1720 1799 1743 44.
1817 1727 1837 1743 a.
1856 1721 1877 1743 3.

1033 1772 1055 1795 q.
1073 1767 1094 1789 2.
1112 1767 1170 1789 circa
1187 1766 1268 1789 tinem:
1287 1766 1309 1788 ln
1327 1766 1405 1794 regula
1424 1766 1448 1789 B.
1458 1766 1571 1789 Francisci
1582 1767 1715 1795 simpliciter
1731 1767 1876 1795 praecipitur,

1032 1812 1096 1842 quod
1113 1813 1172 1835 illius
1189 1813 1283 1841 regulae
1301 1813 1443 1841 professores
1460 1813 1513 1835 nihil
1531 1814 1625 1835 omnino
1642 1813 1741 1836 habeant
1757 1814 1877 1842 proprium

1032 1866 1103 1888 super
1115 1862 1198 1882 terram
1210 1862 1252 1882 etc.
1264 1859 1399 1883 Alexandri
1409 1859 1518 1883 Halensis
1529 1858 1681 1889 discipulum,
1691 1860 1749 1882 dum
1761 1860 1783 1882 in
1795 1860 1877 1882 eodem

1033 1907 1057 1929 11.
1074 1906 1133 1929 libro
1149 1906 1172 1929 d.
1190 1906 1226 1929 23.
1244 1912 1264 1928 a.
1282 1907 1303 1929 2.
1321 1913 1343 1935 q.
1361 1906 1382 1928 3.
1400 1907 1460 1929 circa
1477 1906 1545 1929 finem
1563 1906 1647 1929 diserte
1668 1907 1769 1929 nominat
1785 1907 1878 1929 fratrem

1032 1952 1186 1976 Alexandrum
1203 1952 1232 1975 cle
1249 1953 1315 1976 Hales
1330 1954 1424 1983 patrem
1440 1954 1461 1976 et
1478 1952 1622 1983 movisti-um
1645 1954 1765 1981 nostram,
1785 1958 1808 1977 et
1824 1954 1877 1976 alibi

1033 2001 1055 2022 in
1073 1999 1200 2023 Comment.
1224 1998 1326 2022 eundem
1347 2000 1447 2028 appellat
1471 1998 1545 2023 bonae
1566 1999 1701 2023 memoriae.
1726 2001 1787 2023 Tum
1809 2001 1877 2024 etiam

1033 2046 1240 2074 anm-emmam,
1260 2046 1317 2068 dum
1336 2045 1372 2068 tv.
1393 2046 1454 2068 Sent.
1475 2046 1498 2069 d.
1522 2047 1543 2068 8.
1564 2053 1586 2075 p.
1608 2047 1631 2069 11.
1648 2053 1669 2069 a.
1687 2047 1708 2069 2.
1726 2053 1748 2076 q.
1766 2048 1787 2069 2.
1807 2047 1837 2069 ad
1857 2048 1878 2069 3.

1033 2092 1121 2121 inquit:
1139 2092 1161 2114 Si
1178 2098 1248 2114 unam
1274 2091 1386 2115 haberent
1409 2093 1586 2120 institutionem,
1612 2099 1685 2115 unum
1701 2097 1762 2116 esset
1779 2099 1878 2119 nomen.

1034 2139 1093 2161 sicut
1109 2139 1152 2161 hoc
1169 2144 1252 2161 nomen
1270 2139 1429 2161 Bonaventura
1447 2142 1489 2161 etc.
1501 2138 1601 2162 Parisiis
1617 2145 1709 2169 quoque
1725 2138 1863 2163 scribentem
1870 2149 1877 2167 ,-

1034 2190 1086 2207 nam
1099 2184 1135 2206 lV.
1147 2185 1208 2207 Sent.
1220 2184 1243 2207 d.
1256 2185 1292 2207 20.
1310 2191 1333 2213 p.
1352 2184 1366 2207 l.
1379 2191 1398 2207 a.
1416 2185 1432 2207 1.
1451 2191 1473 2214 q.
1491 2185 1512 2213 6,
1525 2191 1638 2214 quaerens
1655 2186 1781 2214 purgatorii
1800 2186 1877 2209 locum

1034 2230 1219 2259 determinatum,
1229 2231 1286 2254 inter
1295 2234 1370 2253 cetera
1382 2231 1415 2253 sic
1427 2230 1508 2253 habet:
1520 2231 1542 2253 Si
1555 2231 1688 2261 dixerimus,
1702 2232 1765 2261 quod
1777 2232 1816 2255 ubi
1828 2239 1879 2262 pec-

1034 2281 1158 2306 caverunt⁷
1176 2277 1233 2301 illud
1249 2279 1342 2300 omnino
1354 2278 1391 2300 vel
1402 2278 1534 2301 incredibile
1548 2279 1582 2301 vel
1595 2279 1745 2308 improbabile
1761 2284 1801 2308 est,
1814 2281 1876 2310 quod

1034 2330 1115 2347 omnes
1131 2325 1232 2352 animae,
1250 2331 1310 2354 quac
1327 2324 1417 2347 Parisiis
1434 2329 1601 2353 peecaverunt,
1615 2325 1705 2348 Parisiis
1721 2327 1879 2354 puniantur».

1096 2417 1110 2446 Ξ
1122 2418 1143 2440 2.
1156 2417 1189 2440 De
1200 2419 1303 2448 tempore
1315 2418 1336 2441 et
1347 2417 1469 2441 occasione
1480 2417 1597 2441 scribendi
1604 2417 1668 2442 lium:
1677 2418 1878 2442 commentarium

1033 2463 1147 2488 audiendi
1161 2464 1219 2487 sunt
1232 2463 1364 2494 synchroni
1375 2463 1470 2487 Ordinis
1486 2463 1618 2494 scriptores.
1630 2465 1714 2487 Eorum
1727 2465 1853 2487 testimonia
1865 2473 1877 2487 ει

1034 2512 1057 2534 Ρ.
1083 2511 1167 2534 Bonelli
1187 2511 1209 2533 in
1226 2510 1353 2533 Prodromo
1375 2511 1406 2539 (l.
1423 2516 1442 2533 c.
1461 2511 1500 2539 3.)
1518 2514 1540 2533 et
1556 2517 1568 2533 a
1586 2511 1608 2533 P.
1626 2511 1732 2534 Sbaralea
1750 2512 1878 2541 (Supplem.

1033 2565 1087 2587 pag.
1109 2558 1160 2586 168)
1178 2558 1222 2580 hoe
1237 2557 1307 2579 modo
1324 2557 1482 2585 conciliantur,
1500 2560 1525 2580 ut
1541 2558 1563 2580 S.
1581 2558 1739 2581 Bonaventura
1756 2559 1801 2581 iam
1818 2565 1878 2581 anno

1039 2605 1095 2628 1245
1112 2608 1163 2633 post
1183 2604 1303 2627 Alexandri
1320 2607 1418 2627 mortem
1435 2606 1545 2634 inceperit
1561 2606 1637 2633 legere
1653 2611 1724 2633 super
1740 2606 1877 2634 Sententias,

1034 2651 1075 2674 sed
1093 2654 1180 2674 tantum
1198 2657 1275 2673 coram
1292 2651 1328 2673 sui
1345 2650 1437 2673 Ordinis
1449 2651 1556 2674 fratribus
1567 2654 1589 2673 et
1600 2652 1657 2674 inter
1668 2651 1793 2674 domestica
1806 2655 1877 2680 septa.

1034 2697 1120 2721 Deinde
1137 2704 1193 2720 vero
1210 2704 1263 2720 cum
1281 2698 1368 2720 licentia
1386 2698 1478 2721 Ministri
1496 2698 1612 2721 Generalis
1628 2698 1658 2720 ab
1674 2704 1734 2721 anno
1758 2698 1814 2721 1248
1838 2705 1877 2727 pu-

1034 2744 1093 2767 blice
1110 2744 1199 2773 docuit,
1217 2748 1242 2767 ut
1266 2743 1399 2767 licentiatus
1423 2745 1445 2767 in
1471 2745 1565 2773 proprio
1589 2751 1665 2767 sensu.
1687 2754 1696 2765 α
1713 2745 1766 2767 Prae
1784 2746 1876 2773 ceteris,

1034 2792 1107 2821 inquit
1124 2791 1146 2813 1³.
1165 2791 1258 2817 Bonelli.
1276 2791 1405 2814 audiendus
1421 2794 1456 2814 est
1472 2792 1506 2814 Fr.
1524 2791 1668 2814 Salimbenus
1686 2791 1714 2814 (le
1731 2791 1815 2817 Adam,
1829 2792 1876 2815 l‘ar-

1034 2839 1130 2866 mensis,
1148 2838 1321 2861 Bonaventurae
1345 2837 1471 2868 acqualis¹,
1493 2839 1593 2862 reserens
1609 2839 1631 2861 in
1648 2839 1696 2861 suis
1713 2845 1767 2861 mss.
1784 2838 1876 2861 Chroni-

208 2970 216 2987 1
231 2970 250 2987 ln
263 2969 329 2988 eodem
342 2975 390 2988 auno
404 2972 481 2993 uterque
496 2970 579 2988 habitum
592 2970 715 2994 Seraphieurn
727 2970 800 2989 sumsit.
811 2970 903 2989 Chronica
916 2971 975 2994 ipsius
988 2976 1037 2989 anno
1052 2970 1096 2989 18:37
1111 2970 1205 2994 impressa
1218 2971 1246 2988 est
1260 2969 1344 2988 Parmae.
1355 2979 1377 2982 —
1388 2969 1447 2987 Locus
1460 2969 1489 2987 hit·
1503 2969 1570 2988 citatus
1584 2970 1603 2988 in
1616 2969 1671 2989 eduis
1685 2970 1765 2988 occurrit
1779 2975 1819 2993 pag.
1834 2970 1873 2988 1:2⁴).
