2253 3317
708 121 791 149 DIST.
814 120 877 148 XIII.
899 120 970 148 ART.
992 119 1108 148 UNICUS
1128 119 1263 156 QUAEST.
1285 119 1325 147 III.

1833 119 1848 145 ιυ

1857 117 1873 146 ω

1877 119 1892 145 Ue

0 189 6 209 I

0 230 3 274 ’ἶ
892 244 1054 281 ooAasrio
1082 244 1122 272 111.

436 332 541 359 Utrum
558 331 706 368 processio
727 330 857 367 Spiritus
877 330 975 358 saneti
994 328 1112 366 differat
1132 337 1151 357 a
1171 329 1356 366 ,qeneratione
1380 328 1450 357 Filii
1470 329 1605 362 realiter,

661 376 704 405 vet
723 376 818 404 ‚socam
838 376 1000 404 secandam
1020 375 1164 403 rationem
1186 375 1372 412 intelliyenai.

0 645 138 693 {Fundamenta

21 1823 50 1840 Ad
62 1822 136 1845 opposi-

225 464 316 493 Tertio
331 463 489 500 quaeritur,
504 465 601 490 utrum
616 461 756 498 processio
771 461 890 498 Spiritus
905 460 992 489 sancti
1020 461 1021 473 ³

146 511 259 540 realiter
274 510 385 539 differat
405 518 421 537 a
442 509 619 545 generatIOne
641 508 712 541 Filii,
734 516 769 535 an
790 507 881 535 solum
896 515 992 535 secun-

135 557 215 586 'dum
236 556 373 584 rationem
395 554 575 591 intelligendi.
592 555 622 582 Et
637 554 712 591 quod
733 554 855 587 realiter,
870 553 990 581 videtur:

227 604 250 630 1.
271 603 341 639 Quia
356 609 491 639 personae
513 601 647 629 disserunt
662 600 818 629 secundum
834 608 900 628 suas
920 607 993 628 ema-

144 649 285 683 nationes;
306 657 373 685 ergo
386 648 394 663 ¹
411 656 475 676 cum
497 655 633 684 personae
648 647 761 675 realiter
776 646 921 680 disserant,
937 654 991 674 non

144 698 253 724 tantum
285 694 525 728 intellectualiter,
558 694 636 730 quia,
669 693 744 722 omni
774 693 916 721 intellectu
942 693 992 721 cir-

144 742 329 779 cumscripto,
350 741 443 770 adhuc
477 743 602 769 remanet
632 740 753 768 trinitas:
787 747 853 775 ergo
884 747 993 767 emana-

145 789 249 822 tiones,
271 795 343 825 quae
365 790 430 816 sunt
452 787 592 824 processio
623 790 650 815 et
681 786 837 823 generatio.
860 785 993 813 differunt

146 834 269 863 realiter.

225 882 250 909 ⁰2.
274 881 354 914 Item,
376 888 448 917 quae
470 884 535 909 sunt
556 888 572 908 a
593 880 712 909 diversis
733 879 893 917 principiis,
915 878 994 907 reali-

146 930 187 956 ter
208 927 355 961 differunt;
377 927 426 955 sed
448 926 591 963 generatio
617 929 658 955 est
681 926 716 954 ab
747 934 803 954 uno
826 926 853 954 in
875 925 992 959 divinis,

143 974 285 1011 processio
307 974 426 1010 Spiritus
448 973 535 1002 sancti
557 981 569 1001 a
594 973 717 1007 duobus,
740 972 806 1010 quia
827 981 843 1000 a
865 973 944 1000 Patre
967 974 994 1000 et

145 1020 226 1048 Filio:
250 1028 316 1057 ergo
338 1020 450 1048 realiter
473 1019 614 1048 differunt.

223 1067 248 1095 3.
264 1067 347 1101 Item,
362 1067 518 1096 secundum
533 1075 593 1095 rem
603 1066 613 1082 2
629 1070 656 1095 et
670 1067 817 1095 veritatem
832 1066 992 1103 aliquorum

146 1116 188 1144 est
208 1114 378 1151 prinprium
399 1114 493 1142 diviua
515 1114 671 1142 substantia
702 1117 733 1142 ut
753 1113 905 1146 actitatae,
927 1121 994 1149 quo-

146 1170 210 1191 rum
231 1170 285 1191 non
316 1165 358 1191 est
389 1162 561 1199 principmm
592 1164 624 1190 ut
655 1165 783 1194 παίωνα,
806 1161 878 1189 sicut
899 1163 992 1197 patet.

144 1209 210 1246 quia
233 1212 379 1237 creaturae
401 1211 467 1237 sunt
488 1217 504 1236 a
525 1209 582 1237 Deo
608 1211 707 1244 agente
728 1215 778 1244 per
810 1207 925 1235 modum
950 1214 995 1233 vo-

148 1256 285 1290 luntatis,
317 1264 371 1284 non
396 1263 447 1293 per
479 1255 594 1283 modum
627 1258 772 1282 victimae:
794 1254 816 1282 si
845 1261 912 1290 ergo
933 1260 995 1289 pro-

146 1302 234 1331 cessio
255 1305 297 1331 est
318 1302 468 1330 voluntatis
482 1309 532 1339 per
547 1301 664 1329 modum
678 1300 838 1334 voluntatis,
853 1299 994 1336 generatio

143 1357 194 1387 per
216 1349 331 1378 modum
353 1352 471 1377 naturae
485 1352 524 1377 rut
545 1351 674 1380 naturae,
696 1347 838 1384 processio
864 1348 891 1374 et
916 1354 995 1382 gene·
1022 1375 1024 1382 ,

1022 1419 1024 1434 Α,
1051 1393 1203 1429 stinguitur
1224 1401 1240 1420 a
1262 1392 1412 1421 creatione:
1435 1400 1501 1428 ergo
1521 1400 1572 1420 nec
1591 1400 1607 1419 a
1628 1391 1812 1428 processione.
1836 1390 1897 1418 Pro-

146 1396 217 1424 ratio
238 1395 351 1424 realiter
372 1395 515 1424 differunt.

223 1442 250 1470 li.
272 1442 353 1476 Item,
376 1442 403 1470 in
425 1441 545 1478 imagine
570 1445 663 1470 creata
694 1448 826 1477 egressus
857 1439 935 1469 verbi
968 1442 995 1467 et

146 1496 276 1526 egressus
297 1488 401 1517 amoris
422 1488 649 1525 distinguuntur,
675 1488 741 1525 quia
769 1487 902 1516 differunt
933 1495 996 1514 rea-

148 1535 228 1568 liter,·
241 1535 294 1563 hoc
307 1534 315 1547 ³
332 1534 508 1571 perfectionis
530 1536 586 1569 est,
609 1534 674 1571 quia
689 1542 725 1563 ex
740 1534 793 1562 hoc
812 1533 916 1562 faciunt
931 1533 995 1561 ima-

148 1582 218 1619 gInis
240 1581 405 1615 trinitatem,
430 1582 479 1610 sed
512 1581 588 1618 quod
621 1581 755 1610 disserunt
787 1579 994 1614 essentialiter,

147 1629 200 1657 hoc
220 1631 262 1657 est
283 1628 515 1665 imperfectionis;
537 1628 586 1657 sed
608 1636 690 1656 omne
711 1628 786 1665 quod
818 1627 995 1664 perfectionis

148 1678 204 1710 est,
226 1675 387 1712 ponendum
408 1677 451 1703 est
471 1667 499 1703 in
521 1674 633 1703 divinis:
657 1682 723 1711 ergo
743 1674 884 1711 processio
905 1676 932 1702 et
954 1681 997 1710 ge-

148 1722 255 1750 neratio
277 1721 394 1749 realiter
415 1721 561 1755 differunt,
583 1721 713 1758 quamvis
727 1729 781 1749 non
796 1720 994 1749 essentialiter.

226 1768 353 1797 CONTRA:
381 1769 402 1796 l.
426 1768 504 1796 Pater
526 1768 614 1804 spirat
635 1770 662 1796 et
683 1770 805 1804 generat,
824 1771 873 1795 aut
886 1775 953 1803 ergo
968 1767 996 1795 in

148 1818 285 1852 quantum
306 1822 393 1849 unus,
415 1817 463 1842 aut
485 1814 512 1842 in
527 1817 664 1851 quantum
683 1814 779 1851 plures
794 1813 838 1842 vel
856 1813 946 1850 plura.
969 1813 995 1841 Si

149 1862 176 1890 In
191 1864 328 1899 quantum
346 1861 447 1898 piare-s
462 1861 506 1889 vel
521 1861 616 1898 plura,
637 1861 717 1889 Pater
729 1860 738 1873 ⁴
754 1865 796 1889 est
810 1860 995 1897 compositus;

149 1909 170 1937 si
193 1909 220 1937 in
243 1912 379 1945 quantum
401 1916 498 1941 tiam,-
522 1908 571 1936 sed
594 1907 659 1944 quia
682 1907 760 1936 Pater
781 1910 808 1935 et
830 1907 913 1935 Filius
944 1906 996 1943 spi-

149 1957 212 1984 rant
232 1955 260 1983 in
282 1958 419 1992 quantum
441 1962 542 1988 unum,
564 1962 617 1982 non
641 1957 706 1982 sunt
727 1954 800 1982 duae
821 1953 995 1990 spirationes,

149 2002 199 2031 sed
220 2010 288 2030 una:
310 2010 376 2038 ergo
408 2001 549 2035 similiter,
580 2001 603 2029 si
625 2001 705 2029 Pater
727 2001 814 2037 spirat
835 2003 862 2029 et
882 2003 996 2037 generat

148 2048 176 2076 in
191 2052 328 2085 quantum
350 2056 452 2081 unum,
475 2047 590 2084 spiratio
606 2050 633 2076 et
647 2047 788 2084 generati0
803 2050 843 2075 est
865 2055 921 2075 una
936 2055 996 2084 pro-

151 2095 253 2123 ductio.

229 2142 255 2169 2.
276 2141 358 2175 Item,
380 2141 536 2169 secundum
557 2148 654 2169 omnes
676 2148 776 2169 verum
790 2144 844 2175 est,
859 2141 934 2177 quod
950 2141 996 2169 Pa-

150 2192 192 2216 ter
212 2188 319 2216 ratione
339 2187 517 2216 fecunditatis
538 2188 672 2216 naturae⁵
693 2190 815 2224 generat,
836 2188 942 2216 ratione
961 2188 996 2216 fe-

150 2234 300 2263 cunditatis
324 2234 476 2263 voluntatiS
507 2234 607 2271 spirat:
630 2234 678 2263 sed
700 2234 728 2262 in
759 2234 815 2263 Deo
848 2234 922 2263 idem
954 2237 996 2263 est

150 2281 280 2309 voluntas
300 2284 326 2309 et
347 2284 460 2309 natura:
482 2289 549 2318 ergo
571 2284 621 2309 etc.

229 2327 255 2355 3.
270 2327 346 2361 Item,
358 2327 546 2355 emanationes
556 2327 565 2340 ‘⁵
577 2335 662 2364 penes
677 2328 811 2356 terminos
822 2327 997 2364 distinguun-

151 2376 210 2408 tur;
226 2374 273 2402 sed
298 2374 376 2402 Pater
390 2374 503 2402 omnino
517 2374 592 2402 idem
607 2377 634 2402 et
655 2376 756 2408 totum,
771 2374 846 2411 quod
862 2374 909 2403 dat
930 2374 996 2402 Filio

151 2428 202 2457 per
224 2420 445 2456 generationem,
467 2420 514 2449 dat
536 2420 650 2457 Spiritui
682 2423 777 2449 sancto
807 2428 858 2457 per
888 2429 997 2457 proces-

1049 460 1166 488 sionem:
1189 467 1255 496 ergo
1276 460 1391 496 spiratio
1412 463 1439 488 et
1460 461 1601 497 generatio
1624 463 1688 489 sunt
1703 461 1815 489 omuino
1836 470 1893 490 una

1050 507 1197 535 emanatio.

1127 554 1153 581 [ι.
1176 553 1261 585 Item,
1283 553 1335 581 hoc
1358 554 1451 590 ipsum
1472 554 1629 582 ostenditur
1640 563 1694 591 per
1710 554 1893 591 impossibile.

1049 600 1075 628 Si
1098 599 1242 634 differunt,
1256 603 1304 628 aut
1319 607 1348 628 se
1360 600 1435 636 ipsis,
1451 603 1499 627 aut
1513 600 1586 629 aliis:
1604 609 1659 628 non
1674 600 1806 637 seipsis,
1828 600 1894 637 quia

1049 646 1238 675 emanationes
1258 654 1309 675 nec
1324 649 1388 674 sunt
1402 655 1422 674 a
1435 655 1465 674 se
1486 654 1534 674 nec
1551 646 1591 674 act
1605 655 1650 674 se:
1673 654 1740 683 ergo
1754 647 1776 675 si
1792 654 1892 674 unum-

1049 693 1180 730 quodque
1202 693 1383 729 distinguitur
1404 701 1454 729 per
1470 693 1540 721 illud
1554 693 1630 729 quod
1645 696 1700 725 est,
1715 693 1759 721 vel
1775 701 1790 720 a
1805 701 1861 729 quo
1873 693 1891 727 ⁷,

1049 740 1237 768 emanationes
1259 739 1420 767 huiusmodi
1447 747 1476 768 se
1498 740 1565 776 ipsis
1586 748 1639 767 non
1662 740 1893 776 distinguuntur3

1050 787 1071 814 si
1094 786 1179 814 cittis:
1211 789 1260 814 aut
1290 786 1431 819 essentia,
1463 788 1511 814 aut
1534 786 1662 819 notione,
1688 788 1736 814 aut
1754 794 1890 822 persona.

1021 829 1022 832 ’
1050 833 1114 861 Non
1135 832 1278 866 e.s.>¹eutia;
1300 836 1419 867 constat,
1440 833 1506 869 quia
1528 833 1575 860 illa
1596 841 1650 860 non
1673 833 1818 869 distinguit
1843 841 1893 861 nec

1051 880 1248 916 distinguitur,
1269 888 1327 908 uon
1344 888 1487 916 persona,
1510 880 1575 916 quia
1603 880 1664 908 eius
1685 882 1726 908 est
1747 879 1895 916 distingui,

1050 935 1104 955 non
1126 927 1314 963 distinguere:
1346 934 1413 963 ergo
1444 926 1464 955 si
1488 926 1636 960 disserunt,
1658 926 1710 954 hoc
1741 926 1794 954 erit
1825 925 1894 953 aliis

1049 972 1230 1005 iiotioaibasx
1251 976 1278 1000 et
1300 972 1426 1001 similiter
1448 972 1501 1000 erit
1532 980 1668 1009 quaerere
1689 972 1723 1000 de
1745 971 1800 1000 illis
1821 972 1894 1006 aliis,

1050 1023 1077 1048 et
1098 1020 1137 1048 sic
1160 1020 1186 1047 in
1205 1019 1362 1047 infinitum:
1386 1027 1452 1055 ergo
1473 1022 1523 1047 etc.

1021 1078 1023 1093 ι
1131 1068 1155 1095 5.
1178 1067 1260 1100 Item,
1283 1066 1305 1094 si
1328 1066 1476 1100 differunt,
1502 1068 1550 1093 aut
1581 1065 1738 1093 differentia
1763 1065 1896 1093 sub-stan-

1021 1117 1023 1137 ἓ
1051 1114 1129 1147 tiali,
1151 1116 1199 1141 aut
1220 1113 1408 1141 accidentali:
1431 1120 1485 1140 nou
1507 1111 1716 1145 substantiali,
1738 1112 1804 1148 quia
1832 1112 1895 1140 talis

1050 1160 1205 1189 differentia
1227 1168 1282 1187 non
1303 1162 1345 1188 est
1366 1160 1393 1187 in
1416 1159 1530 1191 divinis;
1546 1167 1598 1186 non
1615 1158 1805 1192 accidentali,
1828 1159 1894 1195 quia

1051 1207 1077 1235 In
1100 1207 1156 1235 Deo
1178 1214 1232 1234 non
1253 1209 1295 1234 est
1315 1206 1454 1234 accidens:
1477 1213 1543 1242 ergo
1565 1208 1616 1246 etc.

1131 1255 1155 1281 6.
1178 1253 1260 1287 Item,
1283 1252 1347 1289 plus
1368 1252 1461 1281 differt
1492 1252 1575 1280 Filius
1607 1260 1622 1279 a
1654 1254 1783 1279 creatura
1811 1258 1895 1287 quam

1050 1309 1066 1328 a
1087 1300 1191 1337 Spiritu
1214 1303 1320 1328 sancto:
1343 1307 1409 1335 ergo
1430 1299 1494 1336 plus
1516 1298 1609 1327 differt
1630 1298 1771 1335 generatio
1792 1306 1808 1325 a
1823 1305 1898 1326 crea-

1052 1347 1125 1375 tione
1152 1354 1238 1383 quam
1269 1354 1285 1373 a
1306 1345 1498 1382 processione3
1530 1345 1577 1373 sed
1601 1344 1741 1381 generatio
1772 1352 1827 1371 non
1859 1344 1898 1371 di-

1052 1440 1126 1468 batio
1147 1439 1275 1467 mediae:
1297 1438 1399 1467 creatio
1420 1441 1462 1467 est
1483 1438 1575 1467 divina
1598 1437 1751 1471 essentia⁸3
1773 1436 1821 1465 sed
1837 1444 1898 1473 per-

1052 1494 1119 1515 sona
1140 1489 1167 1514 et
1187 1485 1305 1514 essentia
1327 1493 1381 1513 non
1403 1485 1614 1521 distinguuntur
1628 1484 1663 1512 ab
1686 1483 1814 1511 invicem:
1831 1490 1897 1519 ergo

1052 1541 1102 1562 nec
1124 1532 1264 1569 generatio
1286 1535 1313 1560 et
1334 1531 1444 1560 creatio.

1360 1632 1595 1654 CONCLUSIO.

1058 1719 1212 1749 Generatio
1234 1723 1259 1747 et
1279 1718 1405 1755 spiratio
1426 1727 1484 1747 non
1510 1720 1625 1746 taniam
1651 1717 1812 1745 secandam
1840 1724 1897 1744 mo-

1131 1766 1202 1794 dam
1224 1765 1340 1793 dicendi
1370 1763 1525 1802 differant,
1556 1764 1607 1791 secl
1627 1763 1715 1791 etiam
1735 1762 1895 1790 secandum

1131 1811 1326 1849 differentiam
1348 1815 1409 1839 tam
1431 1810 1573 1848 ermines,
1606 1813 1667 1837 tzem
1699 1808 1894 1838 habitudinis.

1131 1863 1157 1886 et
1177 1858 1265 1886 etiam
1285 1866 1315 1886 se
1336 1858 1416 1895 ipsis.

1131 1953 1303 1981 Ruspoumzo:
1325 1951 1496 1985 Dicendum,
1518 1950 1593 1987 quod
1616 1949 1756 1986 generatio
1788 1951 1813 1977 et
1845 1948 1897 1985 spi-

1052 2000 1123 2027 ratio
1143 1999 1201 2027 sive
1222 1998 1363 2035 processio
1385 1997 1519 2026 differunt
1540 2004 1594 2024 non
1611 1998 1719 2024 tantum
1740 1995 1896 2023 secundum

1051 2046 1187 2074 rationem
1202 2044 1327 2078 dicendi,
1342 2044 1390 2072 sed
1409 2044 1491 2072 etiam
1511 2042 1666 2071 secundum
1691 2041 1875 2070 differentiam
1887 2041 1896 2055 ⁰

1051 2093 1166 2129 originis
1187 2095 1214 2121 et
1235 2091 1422 2125 habitudinis,
1444 2090 1510 2127 quia
1531 2090 1661 2118 diversus
1681 2092 1723 2117 est
1744 2088 1845 2116 modus
1867 2095 1896 2116 se

1051 2139 1172 2168 habendi
1203 2142 1230 2167 et
1260 2138 1393 2167 differens
1424 2138 1525 2166 modus
1557 2136 1686 2173 originis3
1718 2135 1781 2163 talis
1801 2137 1895 2163 autem

1051 2186 1207 2214 differenda
1227 2185 1325 2213 unitati
1348 2184 1483 2213 essentiae
1504 2192 1559 2211 non
1580 2185 1725 2220 repugnat.

1129 2233 1156 2260 Si
1168 2236 1260 2260 autem
1276 2234 1429 2268 quaeratur
1445 2231 1515 2259 ratio
1529 2229 1700 2259 differentiae
1713 2229 1812 2257 harum
1825 2236 1897 2257 ema—

1051 2280 1213 2311 nationum.
1235 2278 1401 2312 dicendum,
1422 2277 1497 2314 quod
1515 2277 1617 2314 prima
1649 2275 1719 2304 ratio
1750 2274 1895 2303 differendi

1051 2335 1104 2355 non
1125 2328 1216 2363 potest
1236 2325 1370 2360 assignari
1393 2333 1409 2352 a
1429 2327 1516 2361 parte
1547 2323 1748 2351 terminorum.
1774 2321 1895 2349 Termini

1051 2374 1125 2402 enim
1146 2376 1210 2401 sunt
1241 2379 1394 2409 personae,
1416 2378 1488 2408 quae
1509 2378 1563 2398 non
1584 2370 1735 2406 important
1761 2368 1896 2396 rationem

1052 2419 1196 2448 differendi
1229 2418 1334 2449 active.
1365 2417 1414 2446 sed
1436 2417 1545 2454 passive
1558 2416 1587 2443 ¹⁰.
1620 2416 1647 2443 Si
1675 2423 1741 2452 ergo
1762 2422 1897 2451 personae

215 2529 221 2543 ¹
240 2529 271 2551 Ex
287 2529 455 2557 antiquioribus
473 2536 527 2552 mss.
545 2532 567 2551 et
584 2529 619 2551 cd.
643 2530 647 2551 1
670 2530 831 2558 supplevimus
849 2532 885 2553 hic
903 2537 958 2560 erqo
977 2534 999 2554 et

153 2568 223 2596 paulo
240 2570 291 2589 ante
310 2567 378 2595 Quia.

216 2606 225 2620 ²
242 2606 281 2628 Ed.
304 2607 308 2628 1
331 2606 447 2629 rationem.
464 2608 514 2629 Ioco
532 2613 593 2629 rem.

215 2645 225 2659 3
242 2644 296 2666 Fide
313 2651 368 2667 mss.
386 2648 408 2667 et
424 2645 460 2667 ed.
482 2646 487 2667 I
509 2647 662 2673 expunximus
675 2646 711 2668 hic
723 2652 735 2667 a
752 2647 802 2668 Vat.
813 2646 916 2668 additum
926 2646 996 2674 enim,

153 2684 219 2706 sicuti
237 2690 289 2705 mox
307 2686 359 2711 post
375 2683 416 2706 sed
432 2684 567 2706 adiunctum
584 2683 721 2707 secundum.

216 2722 225 2736 ⁴
244 2722 293 2744 Vat.
312 2723 398 2744 nomini
415 2723 487 2745 Pater
504 2722 610 2750 praefigit
626 2722 675 2750 sic,
696 2723 747 2745 cod.
765 2729 791 2745 cc
808 2723 864 2753 qaia
880 2723 929 2751 sic,
947 2724 998 2746 cod.

155 2762 174 2783 Y
190 2767 266 2791 erqo,·
282 2762 323 2784 sed
344 2762 437 2789 plurimi
454 2761 521 2784 codd.
544 2768 598 2784 cum
623 2761 659 2784 ed.
686 2762 694 2783 t
715 2762 842 2791 quamlibet
863 2763 999 2790 particulam

155 2801 268 2822 omittunt.

217 2838 227 2853 ⁵
244 2839 381 2862 auctoritate
399 2840 445 2861 sere
462 2840 566 2861 omnium
584 2845 638 2861 mss.
656 2842 678 2860 vt
702 2839 738 2861 ed.
766 2840 773 2861 t
804 2841 947 2862 removimus
964 2840 1000 2861 hic

155 2884 167 2898 a
186 2877 235 2899 Vat.
253 2877 357 2900 additum
374 2877 545 2901 intellectualis.

1027 2530 1029 2578 Ι
1116 2529 1126 2543 ⁶
1143 2529 1194 2550 Vat.
1211 2530 1302 2555 praeter
1319 2526 1388 2548 fidem
1405 2526 1557 2548 vetustiorum
1575 2531 1629 2546 mss.
1647 2527 1669 2546 ot
1685 2524 1721 2546 cd.
1741 2524 1747 2545 1
1770 2523 1833 2545 addit
1855 2523 1898 2546 Pa-

1027 2582 1029 2604 ῑ
1055 2567 1111 2595 tris,
1131 2569 1153 2589 et
1169 2566 1238 2594 paulo
1255 2565 1312 2587 infra
1330 2568 1382 2593 post
1397 2564 1459 2587 idem
1476 2567 1553 2586 contra
1571 2569 1625 2585 mss,
1642 2566 1664 2584 et
1680 2562 1732 2584 edd.
1752 2562 1776 2589 t,
1795 2562 1820 2589 -2,
1840 2562 1864 2588 37
1883 2562 1896 2582 6

1027 2607 1029 2634 t
1056 2607 1138 2628 omittit
1155 2606 1182 2627 et.

1118 2644 1128 2659 ⁷
1145 2644 1212 2666 Pauci
1230 2643 1297 2665 codd.
1315 2646 1337 2665 ut
1356 2643 1396 2664 ΜΖ
1414 2642 1502 2664 addunt
1518 2643 1557 2664 est.

1118 2683 1128 2697 ⁸
1145 2684 1167 2704 ln
1185 2682 1252 2704 codd.
1271 2681 1313 2704 ΟΖ
1331 2683 1385 2704 satis
1401 2681 1460 2703 bene
1477 2681 1582 2703 adiicitur
1606 2679 1726 2709 qemi-ratio
1742 2684 1797 2701 vero
1822 2680 1854 2701 est
1866 2678 1898 2701 di-

1056 2722 1112 2746 vina
1127 2727 1236 2751 persona.

1118 2760 1127 2775 ⁰
1144 2759 1215 2782 Codd.
1235 2760 1249 2780 Ι)
1259 2759 1278 2787 Q
1295 2759 1383 2781 addunt
1399 2760 1420 2781 et
1436 2758 1560 2781 rationem.

1118 2799 1137 2813 1⁰
1154 2799 1239 2820 Sensus
1255 2800 1303 2820 est:
1322 2804 1366 2819 non
1392 2798 1516 2825 important
1532 2798 1606 2824 ipsam
1624 2797 1746 2823 rationem,
1770 2802 1829 2824 quae
1845 2796 1897 2817 sarit

1055 2838 1222 2864 differentiam,
1241 2836 1282 2858 sed
1298 2839 1351 2858 sunt
1368 2836 1484 2863 subiecta,
1502 2836 1560 2858 inter
1576 2842 1635 2863 quae
1653 2835 1749 2857 liabetur
1764 2834 1897 2856 differentia.

1054 2890 1086 2894 —
1102 2877 1171 2899 Paulo
1188 2877 1239 2898 ante
1258 2875 1309 2897 cod.
1327 2875 1348 2896 X
1365 2877 1417 2902 post
1433 2874 1495 2897 enim
1512 2874 1614 2901 adiungit
1629 2873 1732 2903 proprie.

1910 1956 2013 1974 Conclusio.

1933 2236 1986 2254 Ratio
2000 2236 2037 2259 pri-

1909 2264 1938 2277 ma
1951 2259 2037 2277 differen-

1910 2283 1946 2301 tiae
1960 2288 1996 2301 non
2009 2285 2037 2301 est

1909 2311 1930 2324 ex
1937 2308 1989 2329 parte
1999 2307 2035 2324 ter-

1909 2330 2006 2347 minorum.
