2253 3317
842 108 924 136 DIST.
946 108 974 135 Il.
997 107 1119 137 DIVISIO
1141 108 1276 138 TEXTUS.
1891 112 1928 140 49

546 184 606 211 CAr.
626 185 656 211 V.

363 270 401 296 De
421 268 578 296 testimoniis
597 269 663 296 novi
683 269 844 296 Testamenti

427 311 464 338 ad
482 311 552 338 idem
567 311 775 347 pertinentibus.

250 397 327 424 Nune
346 405 409 424 vero
429 401 490 432 post
509 398 659 425 testimonia
686 398 782 425 veteris
805 399 965 425 Testamenti
991 399 1024 425 de

181 440 233 467 fide
252 443 360 467 sanetae
379 440 513 467 Trinitatis
533 444 559 467 et
578 441 691 467 Unitatis
714 441 746 468 ad
776 442 839 468 novi
864 442 1025 468 Testamenti

181 484 354 510 auctoritates
378 484 553 517 accedamus,
573 487 602 510 ut
620 483 651 510 iri
668 483 756 510 medio
776 484 895 511 (tuorum
919 484 1027 511 anima-

182 525 250 553 lium
271 526 310 560 (id
330 529 369 552 est
388 526 628 561 Testamentorum)
653 527 844 562 coynoscatur¹
865 527 978 560 veritas,
999 530 1024 553 et

179 568 280 604 forcipe
299 568 330 595 de
349 568 434 613 altari
450 573 575 596 sumatur
589 569 724 600 calcabas,
745 577 798 603 quo
819 573 959 604 tangantur
976 577 1024 596 ora

179 612 306 638 fidelium.
331 611 459 646 Dominus
493 612 583 646 itaque
608 612 728 638 Christus
761 612 889 638 unitatem
916 612 1023 638 divinae

180 655 311 681 essentiae
330 661 360 682 ae
380 661 555 687 personarum
576 655 721 681 trinitatem
735 657 827 688 aperte
847 654 964 680 insinuat
987 654 1023 680 di-

179 705 242 725 cens
259 698 429 733 Apostolis²:
458 698 505 728 Ite,
531 696 662 732 baptizate
691 705 781 723 omnes
805 701 892 731 gentes
917 696 947 723 iu
974 705 1023 723 no-

178 741 252 768 mine
279 741 369 768 Patris
398 745 421 767 et
449 739 518 767 Filii
535 744 558 766 et
577 739 695 775 Spiritus
714 739 807 767 sancti.
833 740 888 766 «Iu
912 739 1022 766 nomine

178 784 271 819 utique
284 785 333 817 ait,
349 787 377 810 ut
389 783 546 810 Ambrosius
560 783 597 810 ait
610 783 635 809 in
650 783 718 809 libro
738 783 825 817 primo
839 782 873 809 de
885 783 1023 815 Trinitate,

177 827 275 853 nonin
298 825 494 856 nomim'bus‚»
526 829 556 852 ut
583 826 671 852 unitas
700 826 830 852 essentiae
849 825 1019 858 ostendatur;

177 877 226 904 per
245 870 352 896 nomina
382 870 446 902 tria,
472 876 541 903 quae
566 869 723 903 supposuit,
744 871 796 894 tres
815 875 873 894 esse
892 875 1021 902 personas

177 913 333 940 declaravit.
357 912 437 946 «lpse
457 912 537 938 etiam
563 912 613 938 ait:
633 912 688 946 Eoo
715 915 738 937 et
763 911 843 937 Pater
868 919 955 937 unum
979 919 1022 937 su-

177 963 246 982 mus.
264 956 353 982 Unum
372 955 454 987 dixit,
473 957 502 980 ut
516 954 553 981 ait
566 954 723 980 Ambrosius
738 954 764 980 in
778 953 872 980 eodem
886 953 969 986 libro,
988 960 1020 979 ne

177 999 224 1025 fiat
242 999 368 1025 discretio
387 997 526 1032 potestatis
545 1000 571 1023 et
592 1000 716 1029 naturae3
736 999 762 1023 et
781 996 884 1023 addidit
908 1004 1020 1026 sumus,

177 1044 207 1068 ut
225 1042 330 1068 Patrem
348 1041 499 1075 Filiumque
519 1047 678 1074 eognoscaS,
707 1039 810 1065 seilicet
835 1042 864 1065 ut
886 1039 1020 1073 perfectus

176 1084 254 1110 Pater
264 1083 360 1110 Filium
373 1083 521 1118 perfectum
534 1083 658 1116 genuisse
672 1082 805 1114 credatur,
819 1085 845 1108 et
858 1081 929 1116 quod
943 1082 1020 1108 Pater

177 1130 204 1153 et
222 1126 305 1153 Filius
325 1133 407 1152 unum
426 1126 492 1159 sint,
506 1133 557 1152 non
572 1125 726 1151 confusione
739 1132 884 1159 personae,
904 1124 951 1150 sed
965 1125 1021 1151 uni-

178 1172 230 1196 tate
252 1172 397 1196 naturae».
426 1169 536 1195 Ioannes
564 1175 671 1202 quoque
697 1168 723 1193 111
743 1167 862 1212 Epistola
891 1167 1019 1194 canonica

1084 185 1121 211 ait
1131 184 1154 212 ³.:
1177 185 1240 211 Tres
1259 189 1339 216 suut,
1359 185 1408 220 qui
1427 185 1609 213 testimonium
1625 186 1769 222 perhibent
1788 187 1818 214 in
1838 188 1909 214 eaelo
1918 199 1928 214 .-

1082 228 1176 258 Pater,
1192 227 1306 254 Verbum
1319 232 1343 254 et
1356 227 1473 263 Spiritus
1486 233 1608 260 sauctus,
1622 233 1645 256 et
1655 229 1686 256 Izi
1695 234 1745 256 tres
1756 238 1844 257 unum
1856 234 1928 258 sunt.

1082 270 1141 304 Ipse
1169 270 1249 297 etiam
1278 271 1304 297 in
1332 271 1407 297 initio
1436 272 1573 306 Evangelii
1602 273 1644 299 sui
1664 273 1713 299 ait:
1734 273 1766 299 ln
1788 273 1928 308 principio

1082 316 1140 339 erat
1162 312 1293 343 Verbum,
1319 317 1343 339 et
1372 313 1486 340 Verbum
1513 318 1571 341 erat
1594 314 1670 349 apud
1694 316 1797 346 Deum,
1817 319 1839 342 et
1858 316 1929 342 Deus

1081 358 1140 382 erat
1162 354 1297 387 Verbum;
1323 356 1369 382 ubi
1395 360 1487 390 aperte
1507 357 1637 390 ostendit,
1656 358 1752 384 Filium
1777 366 1883 392 semper
1903 361 1929 384 et

1082 398 1251 425 aeternaliter
1270 398 1351 425 fuisse
1364 399 1435 433 apud
1456 400 1577 433 Patrem,
1598 403 1626 426 ut
1645 400 1727 427 alium
1747 401 1819 435 apud
1838 401 1928 428 alium.

1080 441 1224 475 Apostolus
1238 448 1345 476 quoque
1364 445 1455 476 aperte
1475 442 1620 469 trinitatem
1643 443 1783 478 distinguit
1802 443 1928 470 dicens⁴:

1080 482 1157 511 Misit
1179 484 1249 510 Deus
1275 483 1409 518 Spiritum
1433 484 1504 511 Filii
1530 485 1576 511 sui
1603 485 1633 511 in
1663 485 1744 512 eorda
1769 490 1870 512 nostra.
1896 486 1929 512 Et

1080 526 1180 552 alibi⁵:
1212 525 1242 552 Si
1267 525 1381 561 spiritus
1409 526 1482 558 eius,
1503 527 1553 563 qui
1569 527 1708 554 suscitavit
1727 529 1831 559 Iesum,
1852 527 1928 555 liabi-

1081 572 1117 595 tat
1135 568 1166 595 in
1184 567 1262 595 uobis
1288 572 1337 596 ete.
1357 570 1421 595 Item
1441 570 1505 596 alibi
1527 571 1671 597 trinitatem
1691 574 1771 606 atque
1798 572 1926 598 unitatem

1081 610 1281 637 evidentissime
1307 612 1477 639 commendat
1507 613 1613 639 dicens:
1649 613 1782 645 Quoniam
1802 622 1834 640 eac
1855 613 1928 648 ipso,

1079 657 1103 679 et
1115 662 1164 687 per
1178 653 1284 688 ipsum,
1304 657 1328 680 et
1341 653 1371 680 iri
1384 654 1441 689 ipso
1460 659 1525 681 sunt
1543 655 1652 687 omnia,
1672 655 1727 691 ipsi
1743 656 1840 691 qloria.
1863 668 1874 679 «
1885 657 1928 683 Ex

1079 695 1136 731 ipso
1156 696 1235 729 dicit,
1256 699 1285 723 ut
1309 696 1473 731 Augustinus
1499 698 1524 724 in
1551 698 1620 725 libro
1646 699 1679 725 de
1705 699 1853 726 Trinitate⁵
1877 700 1928 732 ait,

1078 742 1189 773 propter
1208 739 1395 774 Patren1;per
1421 739 1511 774 ipsum
1530 741 1595 767 dicit
1620 744 1731 775 propter
1756 742 1866 775 Filinm;
1898 741 1928 768 in

1078 781 1136 816 ipso
1155 785 1266 816 propter
1286 782 1415 816 Spiritum
1435 786 1556 810 sanetum
1571 795 1594 810 ».
1619 785 1668 810 Per
1686 785 1739 811 hoc
1758 792 1838 817 vero,
1853 785 1924 819 quod

1078 832 1130 851 non
1144 825 1181 851 ait
1194 832 1226 850 ea:
1249 824 1331 859 ipsis,
1352 833 1401 860 per
1420 824 1491 860 ipsos
1519 829 1545 853 et
1564 826 1595 852 iu
1617 826 1701 861 ipsis,
1721 835 1770 854 nec
1797 829 1834 854 ait
1859 827 1926 862 ipsis

1075 866 1182 902 9t0ria,
1202 867 1250 893 sed
1274 866 1343 902 ipsi,
1373 868 1533 901 insinuavit,
1559 869 1628 895 lianc
1658 870 1813 897 Trinitatem
1843 877 1926 897 unum

1077 910 1220 937 Dominum
1232 910 1240 923 ⁷
1269 911 1353 937 Deum
1373 918 1439 937 esse.
1465 911 1517 938 Sed
1537 912 1601 946 quia
1620 912 1741 946 singulae
1760 920 1829 946 pene
1848 913 1927 947 sylla-

1076 953 1126 980 bae
1146 953 1208 979 novi
1227 954 1387 980 Testamenti
1407 954 1477 980 hanc
1491 954 1631 981 ineffabilis
1645 954 1759 981 Unitatis
1779 958 1859 989 atque
1873 955 1927 981 Tri-

1076 996 1166 1022 nitatis
1185 996 1325 1023 veritatem
1344 997 1514 1023 concorditer
1533 997 1677 1031 insinuant,
1692 997 1840 1024 inductioni
1857 998 1927 1024 testi-

1076 1039 1227 1065 moniorum
1246 1046 1328 1073 super
1347 1039 1398 1065 hae
1417 1046 1445 1065 re
1474 1040 1699 1074 supersedeamus
1726 1043 1751 1067 et
1775 1040 1923 1067 rationibus

1076 1081 1255 1115 congruisque
1283 1081 1504 1109 similitudinibus
1527 1083 1564 1109 ita
1587 1090 1659 1116 esse,
1685 1087 1766 1118 prout
1785 1083 1926 1110 infirmitas

1076 1127 1166 1150 nostra
1185 1124 1269 1157 valet,
1289 1124 1469 1152 ostendamus.

501 1270 933 1320 COMMENTARIUS
968 1271 1030 1318 IN
1062 1270 1501 1320 DISTINOTIONEM
1535 1273 1592 1320 Π.

608 1374 653 1407 De
678 1373 799 1408 Unitate
824 1380 852 1407 et
877 1374 1022 1407 Trinitate
1048 1374 1215 1407 secundum
1242 1374 1324 1419 quod
1349 1375 1491 1409 creditur.

654 1467 715 1495 Hoc
735 1467 832 1505 itaque
854 1476 924 1495 vera
945 1476 981 1496 ae
998 1467 1053 1505 pia
1073 1467 1129 1504 side
1152 1468 1304 1496 tenendum
1325 1472 1366 1496 est
1386 1472 1436 1497 eto.

903 1553 1025 1582 DIVISIO
1050 1554 1187 1583 TEXTUS.

253 1653 323 1682 Haeo
343 1656 385 1682 est
406 1654 528 1682 secunda
548 1662 628 1690 pars,
650 1654 678 1682 in
699 1662 769 1690 qua,
785 1654 868 1691 primi
884 1654 946 1682 libri
962 1662 1017 1683 ma-

177 1699 245 1727 teria
266 1699 410 1735 indagata,
431 1699 526 1736 incipit
547 1699 674 1736 Magister
705 1700 852 1736 prosequi;
881 1700 1015 1728 dividitur

154 1747 268 1773 ‘autem
290 1744 358 1773 haec
379 1745 464 1781 pars¹
487 1746 515 1773 in
536 1745 607 1773 duas
634 1748 745 1781 partes,
767 1745 898 1781 quoniam
927 1745 1016 1782 dupli-

174 1791 243 1820 citer
263 1794 305 1819 est
326 1792 503 1820 considerare
524 1800 585 1826 res,
607 1792 709 1829 quibus
730 1792 897 1826 fruendum,
913 1792 1016 1821 seilicet

174 1838 206 1866 in
226 1846 271 1872 se,
293 1841 321 1866 et
342 1838 369 1866 111
391 1839 596 1875 comparatione
617 1839 652 1867 ad
681 1842 851 1867 creaturas:
874 1839 905 1867 in
925 1848 955 1867 se
975 1847 1017 1867 ra.—

175 1884 247 1913 tione
268 1885 399 1913 trinitatis
420 1889 447 1913 et
467 1885 597 1919 unitati33
618 1885 646 1912 in
667 1885 872 1921 comparatione
887 1885 920 1913 ad
938 1893 1016 1913 erea-

1074 1658 1159 1683 turas
1180 1655 1286 1684 ratione
1308 1655 1453 1690 scientiae,
1474 1656 1613 1693 potentiae
1634 1660 1661 1685 et
1682 1657 1841 1686 voluntatis.
1864 1658 1918 1686 Pri-

1073 1710 1118 1730 mo
1139 1710 1205 1739 ergo
1226 1702 1300 1739 agit²
1323 1703 1357 1731 de
1379 1706 1473 1731 sancta
1495 1703 1627 1732 Trinitate
1642 1708 1669 1732 et
1685 1705 1920 1739 Unitate3se011n-

1075 1747 1110 1775 do
1132 1747 1167 1776 de
1188 1748 1302 1776 scientia
1323 1751 1350 1776 et
1380 1749 1503 1785 potentia
1531 1752 1557 1778 et
1589 1750 1750 1784 voluntate,
1782 1751 1854 1779 infra
1882 1752 1920 1780 di-

1075 1793 1219 1822 stinetione
1247 1794 1390 1830 trigesima
1418 1794 1536 1831 quinta:
1568 1795 1696 1833 Cumque
1715 1805 1811 1833 supra
1833 1797 1920 1825 disse-

1074 1839 1233 1867 ruet-imus.

1151 1885 1190 1913 De
1211 1885 1272 1922 ipsa
1292 1888 1386 1914 autem
1408 1887 1595 1915 sacratissima
1617 1888 1749 1916 Trinitate
1768 1888 1914 1925 tripliciter

235 2008 243 2023 ¹
261 2008 345 2031 Habac.
363 2009 391 2037 3,
410 2010 436 2037 23
453 2008 581 2031 secundum
599 2010 729 2031 versionem
747 2009 910 2037 Septuaginta:
929 2010 956 2032 In
972 2016 1017 2033 me-

172 2047 210 2070 dio
228 2047 334 2070 duorum
351 2047 492 2070 animalium
510 2047 668 2077 cognoscem&
681 2048 795 2076 Vulgata:
812 2049 840 2071 In
857 2049 931 2072 medio
943 2056 1017 2073 anno-

172 2092 229 2109 rum
244 2087 327 2109 notum
342 2085 421 2115 facies.
440 2087 527 2109 Tamen
550 2087 617 2109 codd.
644 2093 738 2115 omnes,
756 2091 851 2116 excepto
869 2089 897 2116 B,
915 2091 937 2111 et
954 2089 1015 2118 edd„

172 2128 265 2153 excepta
283 2125 311 2153 8,
329 2125 408 2153 legunt
424 2124 498 2148 duum
516 2132 558 2153 pro
580 2125 691 2148 duorum.
710 2126 794 2149 Omnes
819 2127 886 2149 codd.
904 2130 926 2149 et
947 2127 983 2150 ed.
1003 2128 1011 2150 1

174 2164 281 2186 omittunt
304 2163 328 2186 id
352 2165 386 2186 est
405 2164 423 2186 T
423 2165 622 2192 estamentoram,
650 2171 710 2193 quae
735 2165 807 2188 verba
833 2166 941 2189 videntur
965 2173 1015 2189 esse

172 2202 255 2230 glossa.
280 2202 322 2224 Ista
347 2203 468 2230 applicatio
493 2204 561 2225 huius
587 2206 660 2226 textus
683 2206 717 2226 est
740 2204 861 2232 Augustini
887 2206 909 2227 in
937 2206 1013 2227 XVlll.

172 2240 201 2262 de
219 2240 267 2263 Civ.
284 2240 332 2268 Dei,
350 2247 369 2263 0.
387 2241 423 2263 32.
447 2241 523 2263 Verba
545 2241 633 2270 forcipe
652 2241 680 2265 de
696 2242 769 2265 altari
793 2246 834 2265 ete.
860 2244 963 2266 alludunt
985 2244 1013 2266 ad

175 2279 224 2301 lsai.
242 2280 268 2307 6,
287 2280 315 2301 6;
332 2279 363 2302 Et
378 2279 467 2303 volavit
482 2280 513 2302 ad
528 2286 565 2303 me
581 2286 645 2303 unus
661 2280 688 2303 de
705 2280 837 2310 Seraphim,
852 2283 874 2305 et
885 2282 909 2305 in
926 2288 1013 2306 manus

172 2317 221 2340 eius
238 2317 353 2346 calculus,
373 2324 441 2347 quem
457 2318 545 2348 forcipe
562 2318 651 2342 tulerat
662 2319 689 2342 de
700 2319 779 2342 altari.
792 2332 823 2336 —
834 2321 857 2342 ln
869 2321 932 2343 initio
944 2322 1013 2344 huius

172 2357 334 2385 propositionis
350 2357 417 2379 codd.
435 2357 498 2380 ABC
516 2359 622 2380 omittunt
638 2364 694 2381 vero
712 2361 763 2386 post
780 2359 857 2383 Nunc.

235 2395 245 2409 2
264 2395 339 2417 Matth.
357 2396 400 2424 28,
419 2396 454 2424 19;
472 2396 569 2424 Vulgata
581 2402 586 2419 :
597 2396 686 2420 Euntes
702 2403 758 2427 erqo
775 2397 852 2421 docete
869 2404 949 2422 omnes
960 2405 1012 2428 yen-

172 2435 219 2456 tes:
237 2432 381 2463 baptizantes
397 2440 435 2457 eos
451 2434 476 2457 in
492 2435 586 2458 nomine
603 2435 682 2459 Patris
698 2439 740 2458 ote.
763 2437 809 2459 Sed
826 2437 889 2465 apud
906 2437 1011 2468 Amhffs.

172 2473 201 2495 de
226 2473 288 2495 Trin.
307 2474 356 2495 sive
380 2473 409 2495 de
433 2473 487 2496 Fide
512 2474 542 2496 ad
566 2475 664 2497 Gratian.
683 2475 697 2497 l.
722 2481 742 2497 0.
769 2476 789 2497 fl.
817 2482 839 2497 11.
866 2476 903 2498 8.;
932 2485 942 2496 α
958 2477 1009 2505 Ite,

174 2510 289 2540 baptizate
305 2513 383 2540 ⁸(sentes
399 2511 424 2534 in
440 2512 533 2535 nomine
549 2512 628 2535 Patris
645 2515 667 2536 et
683 2513 738 2536 Filii
764 2515 786 2536 et
807 2513 912 2543 Spiritus
929 2515 1011 2538 saneti.

174 2549 202 2571 Iu
218 2549 312 2572 nomine
330 2551 421 2578 utique,
440 2557 483 2572 non
501 2551 525 2573 iu
541 2551 681 2575 nominibus.
699 2553 749 2580 lpse
765 2554 833 2575 etiam
851 2553 916 2576 dicit:
929 2554 979 2583 Eyo
991 2556 1013 2578 et

172 2588 243 2610 Pater
259 2594 335 2610 unum
352 2594 442 2616 samus,
461 2589 519 2611 loan.
541 2590 580 2618 10,
599 2591 643 2618 30;
660 2597 737 2613 unum
753 2591 820 2619 dixit,
833 2598 861 2614 no
880 2592 1012 2615 11111ᾱί5010-

170 2627 202 2649 tio
219 2627 336 2654 potestatis
352 2630 374 2649 et
390 2630 489 2654 naturae;
507 2634 590 2651 sumus
607 2629 676 2657 addit,
689 2632 714 2652 ut
725 2630 814 2652 Patrem
832 2630 960 2660 Filiumque
976 2638 1012 2654 co-

172 2671 285 2693 gnoscas,
303 2665 366 2693 quod
383 2666 498 2693 perfectus
515 2667 579 2689 Pater
595 2668 722 2695 perfeetum
739 2669 820 2691 Filium
841 2671 948 2697 genuisse
966 2676 1011 2693 cre-

172 2703 253 2731 datur,
271 2707 292 2726 et
309 2704 374 2726 pater
392 2707 413 2726 et
430 2704 498 2727 Filius
515 2712 587 2727 unum
604 2707 662 2734 sint,
681 2713 725 2729 non
743 2708 876 2730 confusione
893 2714 1011 2737 personae,

171 2742 212 2764 sed
230 2743 314 2764 unitate
332 2745 455 2765 naturae».
472 2755 504 2760 -
520 2744 569 2766 Vat.
588 2751 641 2766 011111
658 2745 708 2767 eod.
735 2745 752 2768 C
774 2749 797 2768 et
821 2747 935 2769 nonnullis
958 2747 1010 2769 edd.

171 2781 253 2803 omittit
270 2780 328 2803 libro
346 2784 398 2809 post
414 2781 439 2804 in
455 2781 544 2810 (Φάωνι,-
561 2784 655 2811 insuper
672 2784 722 2806 Vat.
748 2785 852 2813 aliaeque
876 2785 930 2807 edd.
948 2786 1011 2808 omit-

171 2821 221 2841 tunt
236 2820 259 2841 et
274 2823 326 2847 post
342 2819 449 2843 diseretio
464 2821 593 2849 potestatis.
605 2821 708 2850 Denique
725 2823 792 2845 codd.
810 2824 864 2846 ABG
881 2827 903 2846 et
920 2824 972 2846 edd.
990 2825 1010 2853 ’1,

172 2857 185 2879 8
202 2858 261 2880 male
278 2859 384 2881 omittunt
397 2864 514 2887 personae
531 2862 583 2887 post
600 2859 743 2888 confusione.

296 2903 319 2927 S.
336 2905 424 2928 Bonae.
441 2917 473 2921 —
490 2906 570 2928 Το111.Ι.

1136 2010 1146 2025 3
1163 2010 1217 2038 Cap.
1236 2010 1264 2038 ὅ,
1282 2011 1311 2039 7,
1329 2011 1369 2033 ubi
1386 2011 1484 2039 Vulgata
1502 2018 1555 2034 cum
1573 2012 1624 2034 cod.
1641 2013 1660 2034 D
1677 2016 1699 2035 et
1715 2013 1768 2035 edd.
1797 2014 1801 2035 Ι
1817 2032 1821 2041 ,
1849 2014 1861 2035 8
1888 2015 1916 2036 te-

1073 2048 1212 2072 stimonium
1229 2049 1288 2073 daut
1303 2056 1346 2078 pro
1363 2050 1522 2073 testimonium
1535 2050 1674 2080 perhibent;
1691 2052 1731 2074 sed
1746 2051 1870 2081 perhibent
1886 2053 1914 2074 10-

1073 2090 1134 2116 gitur
1150 2089 1218 2111 etiam
1236 2089 1298 2117 apud
1315 2089 1431 2117 Hyginum
1449 2090 1547 2118 Papam,
1565 2091 1663 2118 Epistola
1681 2091 1710 2113 de
1723 2091 1776 2113 Fide
1786 2093 1810 2115 et
1823 2092 1916 2120 reliquis

1073 2128 1160 2155 causis,
1173 2128 1241 2150 relata
1254 2128 1284 2150 ab
1297 2128 1382 2150 Isidoro
1394 2129 1518 2151 Mercatore
1529 2147 1534 2157 ,
1546 2130 1659 2158 Pati-eleg.
1672 2130 1742 2152 Latin.
1756 2133 1809 2152 tom.
1822 2130 1915 2152 CXXX.

1072 2167 1114 2189 eol.
1128 2167 1177 2189 109.
1187 2169 1209 2189 et
1220 2167 1283 2195 apud
1295 2166 1405 2194 cyrillum
1416 2168 1523 2190 Alexand.
1536 2168 1586 2190 libr.
1600 2169 1711 2191 Thesaur.
1723 2172 1801 2191 assert.
1812 2169 1915 2191 XXXIV.

1071 2205 1183 2233 Patrolog.
1201 2206 1279 2228 Graec.
1297 2208 1354 2228 tom.
1371 2206 1463 2229 LXXV.
1482 2207 1524 2229 col.
1542 2207 1594 2229 615.

1133 2244 1142 2258 ⁴
1159 2245 1229 2267 Galat.
1248 2244 1276 2272 4,
1295 2246 1323 2273 6,
1342 2245 1381 2267 ubi
1398 2245 1497 2273 Vulgata
1509 2245 1581 2269 eorda
1592 2248 1671 2269 vestra
1683 2253 1725 2275 pro
1738 2247 1912 2275 cordavestra,

1070 2283 1133 2312 quod
1150 2284 1187 2305 hie
1204 2286 1226 2305 et
1242 2283 1294 2306 alibi
1312 2284 1380 2306 habet
1396 2285 1511 2312 Magister.
1536 2284 1625 2308 Nostra
1647 2292 1690 2313 pro
1716 2287 1794 2309 vestra
1819 2289 1915 2308 utuntur

1068 2323 1136 2344 etiam
1153 2322 1259 2344 Ambros.
1276 2323 1298 2344 111
1317 2324 1377 2345 1111110
1397 2323 1472 2345 10011111
1489 2327 1512 2346 et
1528 2326 1624 2352 August.
1643 2325 1664 2346 in
1683 2325 1764 2346 Psalm.
1782 2325 1830 2347 118.
1844 2331 1913 2347 serm.

1071 2361 1106 2383 14.
1124 2367 1145 2383 11.
1164 2362 1185 2389 2,
1202 2361 1231 2383 de
1248 2361 1331 2384 Verbis
1349 2362 1456 2390 Evangel.
1475 2362 1549 2385 Matth.
1568 2369 1636 2385 serm.
1655 2363 1692 2385 71.
1711 2369 1732 2385 11.
1756 2364 1792 2386 29.
1811 2370 1852 2386 nec.
1869 2370 1913 2386 non

1068 2403 1135 2422 vetus
1152 2400 1217 2422 lectio
1234 2400 1366 2427 Hieronymi
1384 2407 1445 2423 nuno
1462 2401 1490 2423 ad
1508 2401 1593 2424 calcem
1612 2402 1740 2424 amandata.

1131 2438 1141 2453 ⁵
1157 2439 1222 2461 Rom.
1241 2439 1267 2467 8,
1289 2439 1323 2461 11,
1342 2442 1364 2462 et
1380 2446 1433 2462 mox
1454 2440 1493 2468 1¹,
1512 2440 1548 2462 36.

1130 2477 1140 2492 6
1156 2477 1217 2500 Libr.
1235 2478 1250 2500 Ι,
1268 2484 1287 2500 c.
1305 2478 1326 2500 6.
1345 2484 1366 2500 11.
1386 2479 1429 2501 12;
1447 2478 1485 2501 Ea:
1502 2478 1563 2508 ipso,
1581 2486 1608 2501 ex
1627 2480 1702 2507 Pati-03
1713 2486 1756 2508 per
1767 2479 1857 2509 ipsum,
1870 2486 1912 2508 per

1068 2517 1163 2544 Filium;
1181 2516 1205 2539 in
1222 2516 1283 2545 ipso,
1301 2518 1323 2539 in
1341 2517 1426 2545 Spiritu
1444 2520 1528 2540 sancto.
1551 2518 1623 2540 Codd.
1647 2518 1717 2541 BCD
1737 2522 1759 2540 et
1778 2518 1830 2540 edd.
1858 2519 1879 2547 l,
1899 2519 1911 2540 8

1068 2555 1107 2578 Eat
1124 2555 1173 2585 ipso
1190 2555 1235 2583 cu't,
1255 2557 1277 2577 et
1293 2555 1392 2578 subinde
1408 2555 1463 2579 dicit
1483 2563 1525 2584 pro
1551 2556 1591 2579 ait.
1618 2556 1728 2579 Omittunt
1753 2556 1820 2585 dicit,
1848 2558 1912 2586 quod

1068 2597 1146 2622 postea
1164 2595 1281 2622 sequitur,
1299 2594 1351 2616 edd.
1370 2595 1378 2616 11
1390 2613 1395 2623 ,
1418 2595 1438 2616 8.
1458 2595 1519 2617 Tum
1536 2596 1557 2617 in
1585 2595 1651 2618 codd.
1669 2596 1713 2617 DE
1731 2602 1775 2618 11011
1799 2596 1845 2618 Per
1861 2595 1911 2624 boc,

1068 2632 1108 2654 sed
1126 2632 1226 2661 Propter
1242 2632 1292 2655 hoe.

1129 2671 1139 2685 ⁷
1156 2671 1207 2693 Vat.
1224 2674 1301 2693 eontra
1319 2671 1386 2694 codd.
1404 2675 1426 2694 et
1442 2672 1494 2694 edd.
1514 2673 1522 2694 Ἰ1
1534 2691 1539 2701 ,
1558 2673 1570 2694 8
1588 2674 1669 2695 omittit
1685 2673 1821 2696 Dominum.

1281 2709 1376 2732 NOTAE
1392 2710 1429 2732 AD
1448 2709 1690 2734 COMMENTARIUM.

1132 2747 1139 2761 1
1158 2747 1222 2769 Nulla
1239 2748 1294 2769 freta
1311 2749 1443 2770 auctoritate
1461 2755 1515 2771 mss.
1528 2752 1549 2771 et
1560 2749 1596 2771 ed.
1618 2750 1626 2770 11
1651 2750 1700 2772 Vat.
1718 2752 1803 2772 textum
1821 2750 1911 2772 exhibet

1068 2786 1100 2807 sie
1112 2786 1284 2813 perturbatum:
1302 2785 1411 2810 Secunda
1420 2793 1480 2816 pars
1496 2787 1573 2810 Primi
1589 2787 1664 2818 Libri,
1683 2788 1767 2818 inqua
1778 2788 1909 2811 materia...

1069 2824 1183 2847 dividitur
1198 2825 1338 2854 praesertim
1354 2825 1385 2848 in.

1130 2863 1139 2877 ²
1156 2862 1228 2885 Codd.
1246 2863 1304 2886 VW
1321 2864 1409 2894 abitur.

1707 2912 1721 2934 7
