2253 3317
772 168 803 196 IN
824 168 842 196 1.
865 165 987 196 LIBRUM
1009 165 1268 195 SENTENTIARUM.

154 249 309 272 Universitatis
325 248 449 276 Lipsiensis
466 248 609 276 Praefectus,
628 253 670 276 pro
688 253 728 269 5113
746 247 886 269 humanitate
903 251 915 267 a
933 243 1000 266 nobis

153 296 287 323 saepissime
299 294 403 323 probata,
416 294 597 316 communicavit
614 292 691 321 1101115,
709 293 795 315 nullam
812 298 836 314 se
854 291 937 313 dehac
954 290 1000 312 0111-

153 343 213 364 tione
231 345 316 364 certam
334 341 452 369 notitiam,
470 341 532 363 omni
558 339 660 362 adhibita
686 339 817 367 diligentia,
839 338 941 360 invenire
958 343 1000 365 po-

153 389 234 416 tuisse,
252 391 274 410 et
290 388 328 409 rix
345 393 396 409 csse
413 385 524 415 dubium,
542 392 594 408 eam
611 385 712 408 fictitiam
729 391 787 407 esse.

219 434 292 457 15-16.
310 433 383 456 Editio
404 433 537 456 Parisiensis
557 432 620 461 apud
636 432 782 454 Franciscum
800 431 913 459 Regnault
934 430 999 458 1522,

152 483 174 505 in
184 482 205 510 8,
217 482 322 510 sequitur
338 483 424 503 textum
435 480 542 503 editionis
559 479 727 507 Kobergianae.
738 479 785 501 Alia
803 478 935 501 Parisiensis
946 482 1000 505 pro-

153 529 193 551 diit
209 529 230 550 in
249 528 323 550 lucem
345 527 410 549 1688.

218 575 252 598 17.
270 575 371 597 Venetiis
384 574 448 602 1562,
461 575 524 596 iussu
537 573 630 596 Ministri
647 572 765 595 Generalis
776 573 844 594 totius
861 570 953 594 Ordinis
963 570 1001 593 Se-

152 623 240 650 raphici
255 622 279 644 P.
298 621 412 644 Francisci
423 621 534 643 Zamorae
545 622 568 642 et
579 620 639 647 typis
650 619 763 641 Francisei
776 618 905 646 Sansoxini,
918 617 931 639 4
945 620 999 639 tom.

152 670 174 691 in
192 668 212 691 4.
231 669 306 691 111-11110
324 671 386 691 tomo
403 667 503 696 praelixa
521 669 556 689 051
571 672 656 694 magna
673 666 710 687 illa
726 664 803 688 tabula
815 670 886 692 super
904 663 916 686 4
928 663 1000 686 libros

151 715 314 738 Commentarii
331 714 387 736 13013
401 720 413 736 3
425 714 508 736 10311110
525 712 688 741 Beckenhaub,
706 712 846 740 Moguntino.
859 711 881 733 ln
894 711 939 733 sinc
950 711 1000 733 eius

151 761 256 784 additur:
282 760 357 783 tabula
384 761 441 783 11300
464 759 607 788 alphabetica
632 759 707 782 revisa
732 762 755 781 01
773 761 875 781 correcta
899 760 934 779 est
958 763 1000 785 per

150 808 207 831 Rev.
218 808 307 830 Patrem
319 808 411 830 fratrem
425 807 506 829 lulium
519 806 648 835 Urceanum
659 812 693 828 or.
705 811 736 828 m.
748 805 895 827 observantie
906 805 1000 832 provin-

151 856 185 877 cie
194 855 308 877 Brixie.—
313 855 365 877 Post
373 854 452 877 folium
462 854 552 876 titulum
561 852 672 875 exhibens
680 852 784 881 sequitur
794 851 889 879 epistola
898 851 925 873 l'r.
935 851 1000 878 111011-

150 903 177 924 sii
196 902 260 924 Putei
275 901 414 924 dedicatoria
431 900 461 923 ad
477 900 604 923 Ministrum
621 899 755 922 Generalcm
771 898 849 921 Franc.
866 898 998 925 Zamoram,

150 949 235 976 scripta
252 947 355 970 Tridenti
373 946 427 975 (ubi
443 949 523 969 auctor
538 946 639 969 Concilio
656 945 751 968 Oecum.
763 944 896 971 assistebat)
913 944 935 966 6.
948 944 999 966 idus

151 994 213 1022 Sept.
234 993 302 1022 ¹562,
320 993 341 1015 in
358 999 404 1022 qua
422 992 529 1015 nonnulla
546 995 671 1015 occurrunt
686 993 814 1014 memoratu
832 990 910 1018 digna.
926 990 999 1018 Luget

150 1043 172 1064 in
190 1042 233 1064 hac
248 1040 343 1069 epistola
366 1042 445 1062 auctor
466 1045 538 1067 super
554 1044 702 1061 communem
719 1038 831 1060 iacturam
852 1043 923 1059 verae
939 1036 999 1059 1111115

151 1088 278 1116 theologiae
295 1086 446 1109 scholasticae
463 1086 485 1108 in
503 1085 587 1108 scholis
597 1084 700 1113 Ordinis,
717 1085 784 1107 euius
805 1083 877 1106 cladis
904 1089 998 1105 causam

150 1133 253 1156 attribuit
267 1141 277 1152 ι
290 1136 339 1155 111111
351 1131 462 1154 altitudini
474 1137 556 1153 sensus
568 1130 668 1153 doctoris
679 1130 773 1153 Subtilis
784 1129 937 1158 inattingibili,
950 1133 997 1152 tum

151 1180 304 1209 negligentiae
319 1179 341 1200 in
353 1178 436 1201 studiis
454 1176 573 1200 sacrarum
593 1177 765 1205 Scripturarum
777 1185 798 1198 n.
814 1176 901 1199 Deinde
922 1182 998 1204 prose-

150 1227 239 1255 quitur:
260 1235 270 1246 «
282 1226 314 1248 De
331 1227 374 1248 hac
391 1225 476 1248 idcirco
489 1225 539 1247 vice
556 1223 622 1246 nobis
633 1223 737 1246 dolenter
753 1222 918 1252 quaerentibus
929 1225 998 1251 atque

149 1274 227 1295 animo
238 1272 390 1301 vertentibus,
408 1277 510 1301 quonam
521 1270 625 1293 remedio
636 1271 702 1299 gravi
719 1270 777 1292 adeo
789 1269 892 1298 periculo
903 1275 999 1292 succur—

150 1319 248 1341 rendum
265 1318 334 1346 roret,
351 1324 406 1341 ecce
423 1321 446 1341 tu
464 1320 595 1346 opportune
606 1316 714 1344 advenis,
733 1317 810 1345 qui...
829 1315 928 1344 publicis
947 1316 997 1344 ipse

149 1367 218 1389 iussis
233 1365 333 1393 edixisti,
351 1367 464 1394 quotquot
479 1365 501 1386 in
519 1364 681 1387 observantina
694 1363 778 1385 familia
795 1363 934 1391 theologiam
947 1369 998 1391 pro-

150 1413 252 1439 fitentur,
270 1412 404 1440 praelegere
421 1412 470 1434 suis
486 1412 627 1434 scholasticis
644 1410 714 1433 libros
731 1411 844 1439 seraphici
862 1411 933 1438 patris
950 1410 997 1432 ‹livi

149 1460 335 1487 Bonaventurae,
347 1459 505 1481 sententiarios
522 1458 594 1486 vulgo
606 1458 743 1486 appellatos,
759 1457 860 1480 doctrina
873 1457 999 1485 peracutis-

150 1507 201 1528 simi
213 1506 361 1528 nihilominus
372 1506 432 1528 Scoti
450 1505 631 1534 haudquaquam
650 1505 738 1527 interim
756 1504 833 1527 valere
851 1505 912 1526 iussa
924 1513 934 1524 n
955 1507 997 1526 etc.

150 1553 270 1582 Sequitur:
288 1552 387 1580 Epistola
404 1551 434 1574 ad
451 1552 560 1574 lectorem
577 1552 603 1574 fr.
621 1551 728 1573 Bonisacii
748 1550 778 1573 de
795 1551 897 1579 Ragusio
908 1549 933 1572 Ο.
946 1550 997 1572 Min.

150 1600 207 1622 sacri
230 1599 314 1621 montis
336 1599 390 1622 Sion
418 1598 557 1627 Guardiani,
580 1604 626 1627 qua
653 1597 734 1620 laudes
755 1597 855 1620 celebrat
882 1597 998 1619 doctrinae

118 1640 122 1644 “
151 1646 172 1667 S.
190 1645 374 1673 Bonaventurae,
392 1646 415 1667 et
430 1650 490 1673 quae
507 1643 636 1672 subscripta
648 1646 693 1666 est:
711 1644 733 1665 in
751 1649 793 1666 suo
811 1643 960 1665 oecumenico
977 1645 1000 1665 et

150 1692 251 1721 generali
268 1691 368 1714 Concilio
386 1690 531 1718 Tridentino,
544 1689 588 1713 sub
605 1690 643 1712 die
658 1692 739 1712 octava
757 1690 818 1718 Sept.
837 1689 944 1712 1562.-
956 1689 999 1711 De-

151 1740 219 1768 nique
237 1738 326 1761 accedit
341 1738 383 1760 alia
401 1738 511 1766 praefatio
528 1737 558 1760 ad
574 1737 682 1759 lectorem
700 1736 730 1759 de
746 1736 828 1759 eodem
848 1738 998 1765 argumento,

150 1787 195 1809 (131.
214 1787 315 1810 Venetiis
327 1786 410 1809 eodem
426 1791 494 1808 anno.
503 1796 535 1801 —
547 1785 569 1807 ln
586 1784 651 1807 titulo
662 1785 755 1813 legitur:
768 1783 803 1807 Ab
814 1784 941 1811 innumeris
952 1783 999 1806 sere

151 1834 241 1857 mendis
264 1835 377 1862 purgatus
398 1835 421 1855 et
442 1831 627 1855 annotationibus
648 1834 695 1854 tam
712 1837 791 1854 rerum
813 1830 999 1853 memorabilium

150 1887 221 1911 quam
233 1882 337 1904 omnium
355 1880 459 1902 locorum
471 1880 601 1907 Scripturae
613 1881 635 1901 et
646 1878 770 1900 Doctorum
782 1878 804 1900 in
822 1878 927 1905 margine
938 1883 1000 1900 nunc

150 1929 246 1952 demum
263 1928 393 1951 decoratus.
405 1939 437 1944 —-
454 1926 549 1949 Exhibet
565 1929 640 1949 tamen
659 1926 715 1948 haec
731 1925 800 1948 editio
812 1927 898 1948 textum
910 1925 1000 1953 primae

150 1976 256 1998 editionis
268 1974 466 2003 Kobergerianae‚
478 1975 559 2002 paucis
576 1976 663 1996 tantum
675 1973 731 1996 locis
749 1979 790 1995 nec
801 1978 895 2000 semper
906 1972 1000 1995 feliciter

151 2023 254 2049 mutatis;
273 2023 341 2045 etiam
358 2020 431 2045 dubia
447 2027 501 2044 011111
516 2020 599 2043 03110111
617 2020 716 2043 editione
736 2019 766 2042 311
784 2020 912 2047 marginem
926 2021 999 2041 textus

151 2069 250 2098 Magistri
260 2069 330 2097 ponit.
343 2068 365 2090 111
375 2069 419 2090 hoc
430 2070 507 2090 autem
517 2067 643 2096 praecellit.
656 2060 720 2095 quod
731 2066 761 2089 ad
772 2067 901 2095 marginem
915 2066 999 2088 indicat

148 2115 218 2143 10005,
236 2114 298 2137 unde
314 2114 399 2137 multae
415 2114 560 2136 auctoritates
574 2116 664 2136 sumtae
680 2116 740 2136 sunt.

217 2162 250 2184 18.
267 2161 368 2184 Venetiis
379 2160 443 2189 apud
453 2161 578 2189 Georgium
591 2161 739 2189 Angelerium
755 2159 819 2188 1573,
841 2159 853 2182 4
874 2163 928 2182 10111.
941 2160 963 2182 111
977 2160 997 2189 4,

149 2211 329 2236 recognoscente
341 2207 409 2229 fratre
426 2207 486 2229 loan.
504 2207 603 2229 Balainio
620 2206 714 2235 Andr-io,
732 2207 882 2229 Franciscano
893 2206 999 2229 Conven-

150 2255 216 2283 tuali,
234 2255 273 2283 qui
285 2255 353 2276 etiam
371 2254 542 2283 quincuplicem
553 2253 653 2276 indicem
664 2253 747 2277 adiecit
757 2255 780 2276 et
795 2253 919 2276 editionem
931 2260 997 2276 5113111

150 2301 267 2325 dedicavit
276 2300 390 2323 Cardinali
407 2300 473 2323 Felici
491 2300 579 2323 Peretto
591 2300 620 2323 de
637 2300 711 2323 Monte
728 2300 790 2328 Alto,
808 2300 847 2329 qui
865 2303 943 2328 postea
957 2301 999 2324 suit

150 2348 213 2370 Sum.
231 2347 331 2370 Pontifex
349 2347 425 2369 Sixtus
441 2347 469 2369 V.

214 2394 250 2416 -19,
267 2393 369 2416 Venetiis
388 2393 452 2428 1580,
469 2393 557 2423 absque
568 2394 661 2416 nomine
677 2394 824 2423 typographi,
842 2393 855 2416 4
874 2397 928 2417 tom.
940 2395 962 2417 in
975 2395 996 2421 8,

149 2443 329 2469 recognoscente
351 2440 461 2468 magistro
472 2440 560 2468 Angelo
577 2440 661 2463 Rocch.
682 2440 732 2463 ord.
751 2440 772 2463 S.
790 2440 919 2468 Augustini.
937 2441 998 2464 11300

150 2486 219 2509 editio
235 2486 329 2508 omnino
346 2487 450 2515 sequitur
465 2485 589 2509 editionem
607 2486 711 2514 Balainii;
729 2487 777 2514 ipsa
796 2486 866 2509 dubia
883 2487 965 2509 iterum
984 2493 996 2509 a

151 2535 210 2554 textu
220 2532 320 2559 Magistri
329 2535 427 2560 separat,
440 2537 484 2554 non
497 2534 574 2554 autem
585 2538 612 2554 ea
625 2533 696 2560 ponit,
709 2532 740 2554 uti
753 2532 851 2560 codices,
864 2535 916 2560 post
929 2538 998 2561 quae-

150 2579 242 2607 stiones,
260 2578 301 2600 sed
317 2578 449 2601 immediate
462 2582 513 2607 post
524 2578 662 2601 divisionem
674 2582 755 2608 textus,
769 2580 861 2602 mutatis
872 2585 953 2602 eorum
971 2580 998 2601 ti-

151 2625 210 2646 tulis.
228 2625 249 2646 ln
268 2625 310 2646 hac
331 2625 456 2647 mutatione
474 2626 530 2653 ipsa,
548 2625 689 2653 praecedens
714 2629 736 2648 et
752 2629 874 2655 sequentes
893 2626 945 2649 edd.
964 2632 997 2648 se>

150 2672 252 2699 quuntur
269 2670 396 2692 Romanam
413 2677 448 2693 311.
470 2671 534 2693 1569.

1815 166 1906 195 Lxxv

1120 244 1201 272 Quoad
1218 245 1376 267 recensionem
1394 247 1467 267 textus
1479 244 1562 266 amhae
1579 243 1690 266 editiones
1708 244 1807 267 multum
1824 250 1907 267 conve·

1056 292 1121 314 niunt
1138 297 1191 314 cum
1208 291 1308 314 editione
1324 292 1427 314 Romana
1444 292 1496 314 anni
1518 291 1587 319 1569,
1605 290 1634 313 (10
1652 297 1697 320 qua
1716 297 1769 313 mox
1781 291 1905 323 loquimur.

1120 338 1198 360 20-2-2.
1224 337 1311 360 Romae
1337 339 1403 361 annis
1431 337 1499 366 1569,
1529 337 1598 366 1573,
1628 337 1685 359 1580
1710 337 1772 365 apud
1795 336 1906 359 haeredes

1056 385 1146 406 Antonii
1167 384 1250 413 13131111,
1277 384 1290 406 -t
1307 387 1362 407 tom.
1374 385 1397 407 in
1418 384 1439 407 4..
1456 390 1536 413 parvo.
1550 384 1641 407 Titulus
1656 383 1692 406 ed.
1711 384 1763 406 anni
1785 383 1842 406 1569
1859 386 1908 406 est2
1920 380 1925 384 “

1057 430 1173 458 Scriptum
1196 430 1218 453 d.
1243 429 1455 453 Bonaienturae...
1472 431 1494 452 in
1520 434 1619 459 quatuor
1641 429 1712 452 libros
1737 429 1907 452 Sententiarum

1057 477 1080 499 Ρ.
1097 476 1229 499 Lombardi.
1246 477 1277 499 Ex
1294 477 1458 505 antiquissimis
1475 476 1645 505 exemplaribus
1662 482 1722 498 nunc
1739 476 1841 504 primum
1859 478 1907 498 stu-

1057 523 1095 546 dio
1112 523 1135 545 F.
1152 524 1244 545 Antonii
1264 523 1322 546 Posii
1345 530 1357 545 a
1375 523 1518 546 Monteilcino
1539 523 1614 545 ordin.
1632 523 1683 545 Min.
1703 522 1775 545 Conv.
1793 522 1823 545 ab
1840 524 1906 545 innu—

1057 571 1127 592 meris
1143 576 1202 598 pene
1218 569 1337 592 erroribus
1352 570 1512 598 emendatum,
1530 570 1627 598 singulis
1643 569 1817 598 quaestionibus
1838 576 1906 597 argu-

1057 617 1140 639 mentis
1160 616 1265 645 adiectis,
1288 617 1454 646 collationeque
1478 617 1582 639 locorum
1603 619 1671 646 3111110
1694 617 1906 639 controversiarum

1056 662 1079 685 d.
1102 663 1196 692 Thom.,
1214 663 1244 686 lo.
1262 663 1321 685 Scot.
1342 667 1364 686 et
1381 664 1403 686 S.
1421 664 1507 686 Bnnav.
1529 664 1551 685 in
1568 663 1626 686 albis
1639 664 1743 692 apposita
1761 663 1904 686 illustratum.

1057 709 1231 733 Muniticentia...
1244 710 1266 733 S.
1284 710 1308 732 N.
1326 710 1351 732 D.
1370 710 1400 732 Pii
1414 711 1440 732 V.
1459 716 1501 733 nec
1518 716 1562 732 non
1579 711 1669 733 solertia
1687 716 1797 738 congreg.
1813 709 1849 732 Fr.
1865 709 1905 732 Ca-

1057 757 1221 785 puccinorum,
1244 757 1379 785 praesertim
1402 756 1428 779 11.
1453 757 1586 784 Hieronymi
1612 756 1755 779 pistoriensis
1779 756 1905 778 novissime

1056 803 1244 831 impressum.—
1256 803 1334 831 incipit
1356 809 1409 826 cum
1427 803 1505 826 litteris
1526 803 1671 826 dedicatoriis
1687 803 1776 825 Antonii
1794 802 1852 825 Posii
1875 801 1904 825 ad

1057 850 1079 872 S.
1097 850 1161 872 rium
1181 850 1212 878 V;
1229 849 1321 872 exhibet
1337 850 1404 872 etiam
1423 849 1525 872 tabulam
1542 850 1601 872 loan.
1620 849 1783 872 Bockcnhaub.

1120 896 1180 918 Haec
1195 895 1265 919 editio
1283 896 1328 919 sere
1346 899 1390 918 tota
1408 897 1494 919 transiit
1511 896 1533 918 in
1552 896 1695 919 Vaticanam.
1713 898 1760 918 tum
1777 895 1854 924 quoad
1872 901 1904 917 re·

1056 943 1187 965 censionem
1205 945 1289 971 textus,
1307 946 1355 965 tum
1379 942 1456 971 quoad
1474 943 1599 965 summaria
1622 945 1645 965 et
1667 945 1732 964 notas
1754 942 1904 970 marginales,

1055 990 1136 1018 paucis
1152 992 1240 1012 tontum
1257 990 1278 1020 in
1297 990 1404 1012 Vaticana
1422 989 1505 1012 additis
1521 990 1559 1012 vel
1576 990 1675 1012 mutatis.

1118 1036 1155 1058 23.
1172 1036 1273 1059 Venetiis
1289 1042 1325 1058 an.
1347 1036 1411 1058 1611.
1430 1035 1443 1058 4
1460 1040 1514 1059 tom.
1532 1037 1554 1059 in
1572 1037 1609 1058 sol.
1627 1037 1688 1064 typis
1705 1035 1730 1058 ti.
1749 1036 1816 1058 Scoti.

1119 1082 1194 1105 24:28.
1204 1083 1227 1105 ln
1240 1083 1343 1112 quinque
1354 1082 1494 1105 editionibus
1505 1083 1609 1105 omnium
1621 1088 1718 1110 operum
1728 1082 1750 1104 S..
1762 1082 1904 1104 Bonaventu-

1054 1135 1101 1157 rae,
1110 1130 1195 1152 scilicet
1201 1129 1318 1158 Vaticana,
1325 1129 1481 1158 Lugdunensi,
1488 1130 1627 1158 Moguntina,
1635 1129 1768 1157 Venetiana,
1776 1129 1903 1151 Parisiensi.

1426 1199 1487 1222 (up,
1505 1200 1528 1222 [l.

1093 1275 1131 1306 De
1151 1276 1249 1306 nostra
1263 1274 1391 1311 editione
1412 1276 1497 1315 primi
1517 1275 1584 1306 libr-i
1605 1276 1870 1306 commentariorum

1344 1330 1372 1361 S.
1394 1330 1615 1361 Bonaventurae.

1117 1409 1131 1438 <5
1153 1409 1170 1431 1.
1190 1408 1221 1431 De
1237 1408 1355 1432 codicibus
1376 1410 1398 1432 et
1419 1408 1571 1438 editionibus,
1594 1409 1680 1439 quibus
1702 1409 1727 1432 in
1749 1409 1903 1439 reformando

1054 1456 1122 1478 textu
1135 1455 1211 1485 proni
1227 1454 1282 1478 libri
1293 1455 1526 1479 Commentariormn
1543 1455 1583 1479 usi
1597 1462 1696 1484 samus,
1715 1455 1775 1479 etde
1785 1455 1901 1485 methodo,

1054 1502 1080 1525 in
1096 1502 1141 1526 isto
1158 1501 1238 1526 labore
1254 1508 1271 1525 a
1286 1501 1354 1525 nobis
1370 1501 1503 1530 observata,
1523 1502 1580 1525 liaeo·
1596 1501 1731 1531 referimus.

1119 1549 1243 1573 nai-issima
1254 1551 1353 1578 quatuor
1365 1548 1416 1571 libri
1429 1549 1497 1572 huius
1508 1548 1671 1571 Commentarii
1683 1550 1711 1571 ita
1724 1550 1802 1577 scripti
1814 1554 1835 1572 et
1848 1550 1904 1572 uniti

1055 1599 1115 1624 sunt,
1126 1599 1150 1618 ut
1162 1601 1234 1618 unum
1253 1598 1325 1618 totum
1335 1601 1395 1624 opus
1403 1601 1444 1618 cos
1453 1596 1544 1618 efficere
1553 1599 1670 1624 appareat,
1680 1595 1720 1618 sed
1730 1595 1845 1618 ordinarie
1861 1597 1905 1618 sin-

1056 1643 1103 1671 guli
1122 1642 1172 1665 libri
1190 1642 1233 1664 3113
1251 1648 1320 1664 11131111
1332 1642 1409 1665 etalio
1421 1643 1443 1664 in
1456 1643 1573 1665 volumine
1588 1643 1674 1671 scripti,
1687 1643 1723 1665 vrl
1738 1642 1767 1665 ad
1784 1649 1902 1665 summum

1055 1689 1103 1711 duo
1119 1688 1171 1711 libri
1188 1689 1209 1711 in
1228 1695 1274 1712 uno
1291 1689 1410 1712 volumine
1423 1690 1537 1712 coniuncti
1550 1691 1706 1713 inveniuntur.
1724 1690 1781 1716 ilinc
1791 1690 1822 1718 fit,
1841 1692 1864 1711 ut
1882 1690 1903 1712 in

1055 1735 1133 1758 multis
1148 1735 1292 1758 bibliothecis
1314 1735 1380 1763 plura
1402 1736 1541 1764 exemplaria
1566 1737 1634 1759 unius
1651 1737 1687 1759 vel
1709 1737 1802 1759 alterius
1819 1737 1902 1759 horum

1055 1782 1278 1805 Commentariorum
1295 1782 1347 1806 libri
1363 1783 1520 1811 inveniantur,
1540 1783 1615 1806 nullus
1631 1786 1707 1806 autem
1723 1784 1820 1805 aliorum
1833 1784 1903 1805 trium

1055 1829 1175 1857 librorum,
1185 1829 1256 1851 velut
1267 1830 1335 1852 unius
1347 1829 1398 1852 libri
1410 1830 1482 1852 codex
1494 1830 1523 1853 sit
1534 1831 1635 1858 optimus
1647 1832 1669 1852 et
1680 1830 1795 1858 antiquus,
1804 1830 1902 1852 aliorum

1055 1875 1146 1898 codices
1157 1881 1213 1898 vero
1226 1875 1361 1898 mediocres.
1373 1875 1407 1897 Fit
1417 1876 1496 1904 etiam,
1510 1879 1534 1899 ut
1545 1882 1588 1904 pro
1599 1876 1695 1905 singulis
1712 1876 1776 1899 libris
1792 1882 1903 1899 numerus

1055 1925 1077 1945 et
1088 1923 1226 1951 praestantia
1237 1921 1343 1945 codicum
1355 1921 1468 1944 differant.
1481 1922 1545 1945 Unde
1560 1924 1619 1945 510111
1635 1923 1656 1945 111
1676 1922 1824 1945 reformando
1840 1926 1902 1945 textu

1055 1972 1154 1999 quatuor
1164 1969 1276 1992 librorum
1293 1969 1392 1992 diversis
1407 1969 1554 1992 diversarum
1571 1969 1762 1993 bibliothecarum
1783 1969 1903 1992 codicibus

1055 2015 1167 2038 utendum
1178 2015 1245 2038 nobis
1256 2015 1304 2043 l'uit,
1316 2016 1348 2038 sic
1365 2016 1433 2038 etiam
1445 2016 1577 2044 singulatim
1589 2015 1618 2038 de
1629 2015 1749 2038 codicibus
1762 2016 1783 2038 in
1796 2015 1903 2048 Prolego-
1921 2022 1925 2023 ⁷

1055 2063 1129 2085 menis
1140 2062 1168 2085 ad
1185 2062 1290 2090 singulos
1301 2062 1372 2085 libros
1383 2062 1450 2085 nobis
1461 2062 1579 2090 agendum
1590 2066 1631 2085 cst.
1644 2062 1772 2087 Referendo
1792 2063 1828 2085 1110
1843 2063 1902 2084 elen·

1054 2110 1125 2132 chum
1141 2108 1248 2131 codicum
1264 2108 1372 2138 primum
1388 2108 1473 2131 librum
1484 2108 1697 2137 complectentium,
1713 2109 1808 2138 (111051).
1821 2108 1903 2131 Fidelis

1055 2157 1153 2184 inspexit
1165 2159 1188 2178 et
1198 2155 1328 2184 adnotavit,
1345 2156 1421 2183 primo
1433 2156 1483 2178 loco
1495 2156 1604 2183 ponimus
1615 2155 1744 2178 secundum
1757 2155 1861 2178 ordinem
1874 2156 1902 2178 al-

1055 2202 1203 2231 phabeticum
1220 2202 1412 2225 bibliothecarum
1429 2202 1530 2229 codices,
1542 2208 1570 2225 ex
1582 2202 1667 2231 quibus
1679 2209 1731 2225 cum
1743 2202 1843 2234 editione
1860 2203 1903 2225 Va—

1054 2251 1127 2273 ticana
1139 2250 1225 2272 collatis
1236 2250 1351 2272 variantes
1367 2250 1474 2272 lectiones
1486 2250 1628 2278 collegimus,
1640 2249 1723 2273 deinde
1735 2253 1830 2272 ceteros.
1843 2249 1901 2273 Cum

1054 2299 1131 2319 autem
1146 2297 1203 2319 haec
1219 2297 1308 2319 collatio
1326 2296 1424 2319 diversis
1441 2296 1585 2324 temporibus
1601 2299 1623 2318 ct
1639 2297 1694 2319 locis
1711 2303 1722 2319 a
1740 2296 1846 2325 pluribus
1865 2303 1902 2319 so-

1053 2344 1102 2372 ciis,
1116 2344 1166 2366 sive
1177 2343 1299 2366 ordinariis
1319 2344 1369 2366 sive
1388 2343 1580 2371 extraordinariis,
1593 2344 1650 2365 facta
1664 2344 1698 2372 sit,
1710 2346 1733 2366 ct
1748 2344 1793 2366 iam
1811 2343 1902 2366 codices

1054 2390 1194 2419 complures,
1211 2393 1334 2419 antequam
1351 2390 1456 2412 omnium
1474 2390 1581 2412 lectiones
1598 2390 1712 2412 variantes
1728 2390 1902 2419 colligebantur,

1054 2438 1122 2463 certis
1132 2437 1210 2460 litteris
1221 2436 1336 2471 alphabeti
1354 2437 1465 2465 designati
1483 2440 1566 2465 essent,
1584 2437 1730 2459 111111151101115
1742 2437 1834 2459 disticile
1849 2437 1902 2459 suis-

1053 2487 1098 2513 set,
1110 2485 1161 2512 ipso
1178 2484 1259 2507 ordine
1270 2484 1396 2506 litterarum
1408 2483 1523 2512 alphabeti
1536 2484 1667 2506 affinitatem
1680 2484 1824 2511 singulorum
1842 2484 1902 2506 codi-

1053 2537 1108 2553 cum
1130 2530 1167 2553 vel
1183 2531 1321 2553 familiarum
1333 2530 1485 2558 exprimendi.
1504 2530 1560 2552 111110
1576 2530 1656 2553 electio
1673 2530 1769 2552 istorum
1781 2530 1901 2557 signorum

1054 2577 1114 2600 nulla
1127 2580 1186 2600 certa
1199 2577 1250 2605 lege
1267 2577 1324 2600 sacta
1341 2580 1382 2599 est.
1398 2588 1430 2593 —-
1444 2576 1530 2599 Omnes
1546 2576 1638 2598 codices
1655 2577 1737 2605 integri
1749 2577 1822 2599 collati
1841 2579 1901 2604 sunt,

1053 2626 1155 2653 exceptis
1172 2625 1214 2647 illis
1232 2625 1323 2653 paucis,
1341 2623 1369 2646 de
1387 2623 1472 2652 quibus
1490 2624 1511 2645 in
1530 2623 1580 2651 ipso
1598 2623 1693 2646 elencho
1705 2624 1845 2645 contrarium
1864 2629 1901 2644 no-

1054 2676 1127 2696 ῑόῑὶῐΠΙ
1144 2675 1184 2694 OS(-
