2253 3317
209 489 325 509 Conveniunt

167 512 169 514 ’
197 515 216 532 et
236 513 323 531 differunt

198 536 291 560 processio
296 541 330 554 cau

196 560 240 600 {atis
250 561 268 578 et
278 560 327 577 loca-

205 588 226 601 is.

196 1831 329 1851 Fundamenta.

338 136 395 165 ‘23⁶2

417 212 442 241 3.
464 212 502 240 Ad
524 211 594 239 illud
615 210 691 247 quod
713 209 842 238 obiicitur
863 209 898 237 de
919 208 1071 242 creatione,
1093 207 1183 236 dicen-

338 260 422 289 dum.
444 257 518 294 quod
540 256 643 285 creatio
665 256 699 284 de
730 255 876 292 principali
909 254 1083 291 impositione
1116 253 1183 282 dicit

339 306 446 335 exitum
460 305 494 333 de
506 303 607 337 nihilo:
622 306 649 331 et
660 303 722 331 ideo
733 302 811 331 nullo
827 302 909 330 modo
923 301 1109 338 significatum
1122 300 1182 329 eius

337 354 426 389 potest
447 352 475 379 in
496 351 552 378 Deo
574 349 691 380 salvari.
707 356 758 377 nec
772 348 885 385 proprie
903 355 953 376 nec
968 346 1182 380 transsumtive3

338 406 393 426 non
408 397 447 426 sic
461 399 555 425 autem
571 399 612 424 est
626 396 661 424 de
676 394 853 432 generatione
868 397 895 422 et
908 393 1094 431 processione.

416 444 443 471 lt.
463 443 501 471 Ad
523 442 593 470 illud
614 441 689 478 quod
711 441 856 474 obiicitur,
878 439 953 476 quod
985 447 1035 467 nec
1064 438 1183 467 causalis

337 498 387 518 nec
411 489 517 522 localis3
541 488 710 521 dicendum,
731 487 806 524 quod
822 487 907 514 immo
922 486 962 514 ατί
975 485 1095 513 ‘modum
1117 493 1184 513 cau.-

331 536 420 565 salis.
444 535 473 563 Et
494 534 614 563 causalis
642 541 699 562 uno
731 533 814 561 modo
845 532 1067 561 convenientiam
1099 531 1184 559 habet

337 589 402 611 cum
424 581 513 609 locali.
535 581 602 608 Nam
624 579 744 608 causalis
766 578 908 615 processio
930 586 986 605 uuo
1018 577 1100 605 modo
1132 579 1185 605 ter-

338 628 460 656 minatur
482 627 509 655 in
530 626 706 664 procedente,
728 628 755 653 et
776 625 812 653 ita
826 625 845 659 ¹,
867 624 942 661 quod
957 624 1026 652 nihil
1047 623 1123 651 ultra
1144 631 1184 652 re·
1211 651 1212 656 ,

338 675 432 712 spicit,
464 677 495 702 ut
526 681 590 701 cum
622 672 744 701 dic-itur:
778 671 852 699 filius
883 670 1009 708 procedit
1039 678 1056 698 a
1081 673 1183 707 patre3

337 721 396 749 atio
417 720 514 754 modo,
536 722 619 757 prout
647 719 761 747 effectus
792 717 905 754 respicit
925 717 1047 753 aliquem
1070 719 1101 745 ut
1133 719 1184 745 ter-

338 767 459 798 minum:
481 769 507 794 et
528 766 567 794 sic
588 765 714 802 procedit
733 772 812 801 amor
826 764 861 792 ab
876 766 986 791 amante
1001 763 1028 791 in
1044 766 1182 795 amatum,

337 813 385 842 et2
407 813 500 849 aliquo
523 812 604 840 modo
635 810 765 839 convenit
786 818 850 839 cum
878 809 1055 846 processione
1086 809 1182 840 locali.

1035 130 1117 158 SENT
1122 130 1286 158 ENTIARUM
1308 129 1366 158 LIB.
1388 129 1406 156 1.

1237 206 1303 243 quia
1325 206 1437 243 respicit
1459 206 1610 234 terminum
1632 206 1673 234 ad
1686 215 1785 244 quem,
1808 206 1902 243 aliquo
1923 206 2007 235 modo
2028 206 2085 244 dif-

1237 251 1311 289 fert,
1333 252 1399 289 quia
1419 260 1474 280 non
1496 252 1617 289 respicit,
1639 255 1772 290 tanquam
1794 253 1821 281 in
1844 253 1891 282 illo
1912 254 2064 291 recipiatur
2077 276 2084 288 ,

1239 299 1287 327 sed
1319 301 1452 335 tanquam
1483 298 1632 326 obtectam.
1665 299 1696 327 Et
1720 300 1851 336 quoniam
1881 303 2025 337 respectus
2056 303 2084 329 et

1238 345 1376 373 emanatio
1397 352 1462 373 vere
1484 345 1665 381 reperiuntur
1686 345 1714 373 in
1729 345 1845 380 divinis,
1861 346 1925 374 hinc
1940 349 1993 381 est,
2009 347 2084 384 quod

1239 392 1285 420 illa
1306 392 1444 420 emanatio
1466 392 1568 420 dicitur
1600 392 1636 420 ad
1667 392 1877 421 similitudinem
1900 393 2084 423 emanationis

1239 438 1379 466 causalis.
1401 438 1453 466 Sed
1475 438 1628 466 similitudo
1651 438 1751 466 localis
1766 439 1949 476 processionis
1972 439 2008 468 ibi
2029 448 2084 468 non

1239 485 1312 513 cadit
1332 485 1383 513 nisi
1406 485 1571 521 longinque3
1593 488 1620 513 et
1641 485 1703 513 ideo
1725 485 1819 514 Graeci
1843 486 1949 522 decepti
1971 489 2044 515 sunt.

1320 531 1351 559 Et
1371 531 1406 560 ad
1428 531 1514 565 illud,
1545 531 1620 568 quod
1645 532 1785 568 processio
1819 532 1912 560 localis
1934 535 1976 561 est
1998 533 2087 569 perfe-

1240 577 1323 610 ctior;
1345 577 1504 612 dicendum,
1525 578 1600 614 quod
1622 577 1763 614 processio
1785 577 1885 606 locatis
1907 586 2017 615 semper
2038 579 2085 607 ha-

1240 624 1286 652 bet
1306 624 1543 660 imperfectionem
1558 624 1733 652 coniunctam
1755 624 1810 653 de³
1825 625 1931 653 ratione
1950 625 2069 653 nominis
2076 635 2084 659 3

1239 678 1294 698 non
1316 670 1354 699 sic
1376 670 1540 707 oriyt'natis.
1558 671 1588 698 Et
1603 678 1702 699 verum
1717 674 1774 705 est,
1789 671 1865 708 quod
1880 671 2028 708 perfectior
2043 673 2084 700 est

1240 717 1424 751 inte1·motus;
1441 717 1489 746 sed
1504 718 1645 754 processio
1660 717 1687 745 in
1703 717 1804 746 divinis
1818 726 1873 746 non
1888 718 1954 747 dicit
1967 721 2084 753 motum,

1240 763 1288 792 sed
1309 763 1444 800 originem
1466 763 1524 792 sine
1546 767 1624 792 motu
1653 766 1679 792 et
1702 764 1868 798 mutatione,
1896 764 1968 793 sicut
1999 772 2085 801 supra

1239 809 1344 838 dictum
1367 812 1409 838 est
1429 810 1464 838 de
1485 809 1686 846 generatione‘.

1083 922 1343 958 SOHOLION.

398 1039 412 1061 l.
430 1039 495 1061 Ratio
510 1037 666 1067 processionis
683 1038 705 1059 in
723 1037 833 1059 creaturis
850 1036 950 1058 continet
971 1035 1120 1058 essentialiter
1141 1035 1181 1057 du-

337 1079 420 1107 plicem
438 1080 575 1105 respectum,
594 1077 641 1098 scil.
659 1076 688 1098 ad
706 1077 829 1098 terminum
854 1081 869 1097 ιι
894 1081 940 1104 quo
958 1077 980 1097 et
1004 1074 1033 1097 ad
1058 1075 1180 1097 terminum

336 1117 368 1140 ad
383 1123 459 1147 quem.
477 1117 503 1138 Ili
521 1118 639 1144 respectus
656 1122 698 1143 per
719 1121 743 1137 se
769 1115 854 1136 nullam
879 1114 1004 1141 important
1028 1113 1181 1141 imperfectio-

336 1162 404 1184 nem,
422 1155 483 1178 unde
500 1156 567 1177 eliani
585 1155 606 1176 in
624 1154 708 1176 divinis
726 1154 780 1181 poni
798 1155 901 1181 possunt.
920 1153 1061 1175 secundario
1087 1158 1143 1174 vero
1160 1154 1182 1174 et.

336 1201 378 1223 per
395 1194 501 1216 accidens
518 1194 525 1220 t
539 1202 548 1213 u
562 1194 605 1215 hoc
622 1193 641 1215 ei
659 1192 758 1220 accidit,
772 1200 781 1211 n
803 1194 827 1213 ut
844 1191 896 1213 dicit
915 1191 937 1213 S,
950 1191 1050 1219 Doctor)
1063 1191 1180 1219 processio

336 1235 357 1256 in
375 1234 485 1256 creaturis
502 1234 611 1261 importat
627 1232 823 1260 imperfectiones,
848 1236 932 1258 nempe
957 1234 1005 1253 tum
1031 1231 1181 1252 mutationem

336 1280 376 1296 seu
388 1276 477 1295 motum
495 1272 600 1301 principii
612 1278 627 1294 α
639 1277 698 1301 quo,
718 1274 766 1294 tum
779 1271 947 1298 elongationem
960 1270 1049 1292 termini
1062 1269 1093 1292 ad
1104 1275 1180 1299 quem.

336 1312 382 1334 Hae
399 1311 583 1339 imperfectiones
607 1309 696 1332 excludi
722 1309 807 1331 debent
832 1315 844 1330 a
870 1309 1018 1336 processione
1040 1309 1063 1330 in
1088 1308 1180 1330 divinis.

336 1349 399 1373 Circa
418 1350 475 1371 hanc
493 1349 661 1371 distinctionem
678 1351 700 1370 et
717 1348 783 1370 aliam
802 1348 823 1369 in
841 1347 906 1369 solut.
930 1347 959 1369 ad
977 1346 997 1369 t.
1023 1347 1122 1374 positam
1140 1347 1181 1369 cfr.

337 1388 397 1411 Alex.
415 1388 462 1410 Hal.
477 1406 481 1412 .
499 1388 521 1410 S.
540 1394 561 1416 p.
579 1388 593 1410 l.
611 1394 633 1416 q.
652 1387 689 1409 43.
707 1393 737 1409 m.
757 1386 777 1408 4.
795 1387 817 1408 in
836 1392 898 1414 corp.

1209 1391 1211 1404 l

1300 1035 1322 1057 lt.
1340 1034 1460 1057 Conclusio
1478 1035 1576 1063 pertinet
1587 1034 1617 1057 ad
1634 1034 1712 1057 fidem.
1725 1034 1770 1057 Cfr.
1783 1035 1843 1057 Alex.
1863 1034 1925 1062 Hal.,
1946 1035 1988 1057 loc.
2006 1035 2042 1057 cit.
2054 1046 2087 1051 —

1238 1074 1304 1101 Scot,
1318 1079 1359 1101 pro
1372 1074 1414 1095 hac.
1425 1076 1447 1096 ct
1459 1073 1551 1096 duabus
1567 1080 1631 1102 seqq.
1645 1074 1667 1095 in
1680 1073 1750 1095 Oxon.
1764 1076 1786 1096 et
1797 1074 1889 1102 Report.
1903 1074 1939 1095 hic
1952 1080 1973 1102 q.
1992 1073 2053 1096 1.-
2062 1074 2084 1096 S.

1238 1113 1333 1140 Thom.‚
1352 1113 1388 1134 hic
1404 1118 1426 1141 q.
1450 1112 1466 1134 1.
1484 1118 1503 1134 a.
1523 1112 1531 1134 rl
1546 1119 1551 1140 ;
1569 1112 1590 1134 S.
1609 1112 1622 1134 l.
1642 1119 1663 1140 q.
1682 1111 1718 1134 27.
1736 1118 1756 1134 a.
1775 1112 1795 1134 sl.
1813 1112 1879 1134 —B.
1891 1111 1983 1140 Albert.,
1997 1112 2010 1134 l.
2023 1112 2084 1134 Sent.

1238 1151 1259 1174 d.
1279 1152 1286 1173 .1
1298 1152 1314 1173 l.
1333 1158 1352 1173 a.
1374 1152 1391 1179 l,
1409 1151 1430 1173 S.
1449 1157 1470 1179 p.
1490 1151 1504 1173 l.
1522 1153 1548 1173 tr.
1566 1151 1588 1173 7.
1606 1157 1628 1180 q.
1647 1151 1683 1173 31.
1701 1157 1732 1173 m.
1751 1150 1771 1173 4.
1789 1162 1821 1167 -
1845 1151 1902 1173 Petr.
1924 1157 1936 1173 a
1963 1150 2030 1179 Tan,
2048 1151 2085 1173 hic

1237 1197 1259 1219 q.
1281 1191 1298 1212 l.
1316 1197 1336 1213 a.
1355 1191 1375 1212 rl.
1392 1202 1424 1207 —
1441 1190 1547 1213 Rich-ard.
1566 1197 1578 1212 a
1597 1190 1669 1218 Med,
1688 1190 1724 1212 hic
1741 1196 1762 1218 q.
1783 1190 1803 1212 sl.
1820 1202 1851 1206 —
1868 1189 1943 1218 AEgid.
1961 1190 1995 1218 R„
2008 1190 2051 1212 luc.
2063 1190 2083 1212 sl.

1237 1230 1310 1257 princ.
1327 1235 1349 1257 q.
1372 1229 1388 1251 1.
1405 1241 1437 1245 -
1453 1229 1522 1251 Ilenr.
1540 1228 1621 1256 Gand.,
1639 1228 1668 1250 de
1686 1229 1729 1251 hac
1746 1231 1767 1251 et
1784 1235 1833 1257 seq.
1851 1229 1872 1251 S.
1890 1235 1910 1251 a.
1929 1229 1965 1250 61.
1983 1235 2006 1257 q.
2024 1229 2044 1251 2.
2062 1235 2084 1251 n.

1237 1269 1258 1290 6.
1276 1275 1324 1297 seq.
1342 1280 1373 1284 —-—
1390 1268 1507 1297 Durand.,
1526 1269 1562 1290 hic
1579 1275 1601 1297 q.
1620 1269 1640 1290 l.
1658 1280 1689 1284 —
1706 1268 1799 1295 Dionys.
1817 1267 1909 1296 Carth.,
1927 1268 1964 1290 hic
1981 1274 2002 1296 q.
2021 1269 2042 1290 2,
2053 1280 2086 1284 -

1236 1307 1297 1334 Bicl,
1316 1308 1330 1330 l.
1349 1308 1408 1330 Sent.
1427 1308 1448 1329 d.
1471 1307 1503 1329 14.
1522 1314 1544 1336 q.
1563 1308 1583 1329 l.
1845 1314 1859 1326 ι·-

1099 1485 1262 1523 QUAESTIO
1283 1486 1312 1514 ΙΙ.

825 1573 929 1601 Uti-tom
947 1572 1094 1609 processio
1116 1572 1247 1609 Spiritus
1267 1570 1364 1599 sancti
1383 1570 1421 1598 sz't
1440 1571 1598 1608 penei-(tcto.

415 1683 541 1712 Secundo
565 1683 726 1720 quaerItur,
758 1684 855 1710 utrum
888 1681 1028 1718 processio
1060 1680 1179 1717 Spiritus

337 1730 423 1758 sancti
444 1730 479 1758 sit
500 1729 649 1765 generatio.
671 1729 702 1757 Et
723 1728 798 1766 quod
820 1736 891 1761 non,
914 1727 1034 1756 videtur.

417 1777 441 1803 l.
473 1776 642 1812 Augustinus
674 1775 708 1804 de
740 1775 873 1803 Trinitate
904 1774 1013 1802 decimo
1044 1773 1178 1810 quinto⁵z

343 1823 440 1851 «Sicut
462 1823 527 1851 Filio
548 1825 670 1859 praestat
692 1821 841 1850 essentiam
863 1821 921 1849 sine
943 1820 1001 1848 ullo
1022 1819 1099 1848 initio
1114 1822 1181 1848 tem-

338 1869 412 1906 poris
432 1873 459 1908 et
480 1869 538 1898 sine
559 1869 617 1897 ulla
639 1868 791 1897 mutatione
817 1867 973 1904 generatio,
996 1866 1033 1895 ita
1064 1865 1179 1903 Spiritui

337 1919 430 1945 sancto
451 1916 590 1953 processio
605 1926 630 1943 »ς
653 1923 719 1952 ergo
741 1915 763 1943 si
785 1923 839 1943 non
861 1917 902 1943 est
924 1914 997 1942 idem
1012 1913 1088 1950 quod
1103 1920 1180 1950 prae-

337 1966 391 1991 stat
410 1963 557 1991 essentIam
579 1962 690 1991 duabus
712 1961 839 1999 personis
860 1965 910 1990 etc.

415 2011 440 2037 2.
462 2009 544 2043 Item,
567 2009 618 2038 hoc
640 2009 732 2045 ipsum
754 2008 866 2036 videtur
889 2007 1018 2035 ratione:
1050 2006 1116 2044 quia
1137 2014 1180 2043 ge-

314 2056 440 2085 .neratio
463 2059 505 2085 est
525 2056 663 2084 emanatio
685 2055 841 2084 secundum
863 2054 979 2082 modum
1004 2053 1180 2082 fecunditatis

335 2106 466 2137 naturae;
488 2103 552 2137 sed,
574 2103 645 2131 sicut
672 2110 758 2139 snpra
790 2101 940 2139 probatum
962 2100 1038 2134 est⁶,
1060 2099 1180 2137 Spiritus

335 2153 446 2178 sanctus
468 2149 592 2186 procedit
613 2157 663 2186 per
685 2149 799 2177 modum
821 2147 994 2176 liberalitatis
1015 2149 1042 2175 et
1063 2146 1178 2174 amoris:

335 2205 401 2234 ergo
422 2205 476 2225 non
497 2199 661 2233 generatur:
694 2203 761 2232 ergo
795 2194 936 2231 generatio
962 2202 1016 2222 non
1047 2196 1088 2221 est
1120 2201 1180 2229 pro·
1208 2203 1209 2206 ¹

335 2251 429 2272 cessio.

414 2289 439 2317 3.
462 2289 543 2323 ltem,
565 2289 634 2317 nihil
655 2296 745 2317 unum
766 2288 824 2317 exit
850 2295 865 2315 a
897 2287 1008 2316 duobus
1041 2286 1179 2315 similibus

335 2344 385 2373 per
406 2336 478 2364 viani
502 2335 686 2372 generationis
696 2336 714 2369 ⁷,
736 2335 786 2363 nisi
809 2334 880 2363 alter
902 2334 937 2362 sit
951 2336 982 2362 ut
997 2336 1085 2370 pater,
1109 2332 1179 2360 alter

1236 1679 1339 1717 cipium
1361 1679 1521 1716 passivum;
1554 1679 1602 1708 sed
1635 1679 1755 1715 Spiritus
1787 1683 1899 1708 sanctus
1920 1680 2047 1717 procedit
2068 1688 2084 1709 a

1236 1726 1348 1755 duobus
1369 1726 1519 1754 similibus:
1542 1734 1608 1762 ergo
1637 1726 1659 1755 si
1690 1734 1741 1762 per
1773 1726 1847 1754 viam
1879 1727 2083 1763 generationis,

1235 1773 1305 1801 alter
1326 1776 1368 1801 est
1389 1773 1413 1801 ei
1436 1775 1467 1801 ut
1487 1775 1579 1809 pater,
1599 1772 1670 1801 alter
1691 1775 1722 1801 ut
1744 1775 1852 1807 mater;
1874 1773 1949 1810 quod
1970 1773 2083 1801 omnino

1236 1819 1393 1848 absurdum
1414 1822 1464 1848 est.

1315 1866 1342 1894 [ι.
1366 1866 1444 1900 ltem,
1467 1865 1550 1894 Filius
1576 1868 1617 1895 est
1649 1873 1700 1894 sua
1732 1866 1873 1903 generatio
1904 1869 1931 1894 et
1963 1866 2083 1903 Spiritus

1237 1916 1349 1941 sanctus
1371 1915 1412 1941 est
1434 1921 1485 1941 sua
1506 1912 1661 1949 processio:
1685 1920 1752 1949 ergo
1774 1913 1797 1941 si
1827 1912 1979 1950 procedere
2011 1915 2084 1941 esset

1237 1959 1379 1996 generari,
1401 1959 1520 1996 Spiritus
1535 1962 1647 1988 sanctus
1662 1963 1735 1988 esset
1749 1959 1832 1988 Filius
1846 1959 1871 1994 ⁹3
1893 1959 1942 1988 sed
1963 1959 2082 1996 Spiritus

1237 2009 1349 2035 sanctus
1371 2006 1496 2043 procedit
1526 2014 1542 2034 a
1574 2005 1640 2034 Filio
1668 2008 1695 2034 et
1726 2005 1829 2035 dicitur
1857 2006 1977 2043 Spiritus
2009 2005 2081 2040 Filii,

1237 2053 1309 2082 sicut
1340 2053 1423 2081 Filius
1457 2052 1560 2081 dicitur
1591 2053 1692 2081 Patris:
1719 2060 1786 2089 ergo
1807 2053 1830 2081 si
1852 2053 1935 2082 Filius
1956 2061 2011 2082 non
2041 2055 2083 2082 est

1238 2099 1331 2133 Pater,
1353 2107 1403 2128 nec
1424 2099 1543 2136 Spiritus
1565 2102 1678 2128 sanctus
1692 2102 1734 2128 est
1750 2099 1846 2128 Filius:
1869 2108 1935 2137 ergo
1956 2107 2007 2128 nec
2022 2107 2083 2137 pro—

1237 2145 1324 2174 cessio
1346 2148 1387 2174 est
1409 2146 1558 2182 generatio.

1314 2192 1438 2221 Coxrna:
1456 2193 1477 2220 l.
1490 2192 1516 2220 In
1530 2192 1574 2221 his
1589 2192 1767 2221 inferioribus
1782 2193 1923 2230 generatio
1934 2196 1976 2221 est
1990 2194 2082 2221 motus

1236 2239 1271 2266 ad
1293 2238 1489 2273 substantiam,
1511 2239 1586 2267 unde
1608 2239 1749 2276 generatio
1770 2242 1812 2268 est
1830 2239 2001 2268 substantiae
2021 2247 2082 2276 pro

1208 2285 1209 2290 ¹
1236 2285 1360 2320 ductio⁰g
1382 2285 1431 2314 sed
1452 2286 1592 2322 processio
1607 2286 1726 2323 Spiritus
1745 2286 1832 2315 sancti
1851 2288 1893 2314 est
1911 2286 2081 2315 substantiae

335 2386 366 2412 ut
387 2386 488 2417 mater,
503 2383 573 2411 alter
588 2385 619 2410 ut
634 2382 802 2419 principium
824 2381 959 2414 activum,
975 2380 1046 2408 alter
1060 2382 1091 2408 ut
1106 2379 1179 2416 prin·
1207 2373 1210 2397 ἶ

1237 2332 1295 2361 sive
1316 2332 1473 2369 hypostasis
1495 2332 1656 2369 productio:
1679 2340 1746 2369 ergo
1767 2335 1809 2361 est
1830 2333 1979 2369 generatio

1316 2380 1341 2406 2.
1364 2378 1430 2407 ltem
1440 2402 1447 2412 ,
1467 2387 1610 2415 (cycnei-arc
1632 2379 1670 2407 sic
1685 2379 1818 2408 definitur
1833 2387 1849 2407 a
1864 2379 2034 2408 Damasceno
2048 2378 2080 2406 ¹⁰:

398 2508 405 2521 ¹
423 2508 524 2535 Supple:
542 2508 687 2532 terminatur:
706 2507 755 2529 Vat.
774 2513 827 2529 cnm
845 2506 896 2528 cod.
914 2512 939 2528 cc
957 2506 986 2528 ad
1006 2506 1065 2527 hanc
1090 2505 1180 2533 supplo-

336 2547 419 2568 tionem
436 2546 558 2568 tollendam
576 2547 657 2568 omittit
668 2547 695 2574 et,
711 2546 775 2574 quod
791 2545 926 2573 praefigitur
943 2545 1067 2572 particulae
1078 2543 1119 2571 ita,
1139 2543 1179 2566 sed

335 2588 412 2607 contra
430 2586 569 2613 antiquiores
586 2585 654 2606 codd.
672 2588 694 2607 et
710 2584 746 2606 ed.
769 2585 785 2606 l.

396 2624 406 2638 ⁴2
423 2624 496 2652 Aliqui
515 2624 581 2646 codd.
600 2627 624 2645 ut
640 2623 684 2645 BT
696 2623 713 2645 Y
731 2629 784 2645 cum
802 2623 838 2645 ed.
862 2624 866 2645 Ι
888 2623 977 2645 addunt.
993 2622 1033 2646 sic.

397 2662 406 2677 3
424 2663 571 2685 Restituimus
589 2669 616 2684 ex
634 2669 689 2684 mss.
707 2665 728 2684 et
745 2663 781 2684 ed.
804 2663 808 2684 1
831 2661 864 2684 (Ie.

398 2700 407 2715 ⁴
424 2701 479 2723 Dist.
497 2703 517 2723 1³.
536 2708 558 2730 q.
581 2702 597 2723 1.

398 2740 408 2754 5
425 2739 478 2767 Cap.
497 2740 533 2762 26.
553 2746 574 2762 n.
593 2739 636 2767 47,
655 2740 676 2761 in
696 2745 742 2768 quo
760 2742 820 2761 textu
844 2739 889 2761 sido
914 2740 1069 2768 antiquiorum
1087 2745 1141 2761 mss.
1159 2741 1179 2760 ct

336 2779 372 2800 ed.
395 2779 400 2800 1
412 2797 417 2806 ,
430 2780 583 2801 consentiente
595 2779 631 2801 cd.
644 2785 741 2806 operum
754 2779 875 2806 Augustini
886 2797 890 2806 ,
904 2779 1026 2806 posuimus
1037 2777 1068 2801 ila
1079 2778 1127 2800 loco
1139 2776 1179 2800 sic.

399 2817 408 2832 ὅ
425 2817 479 2839 Dist.
502 2818 534 2839 lO.
552 2824 572 2840 a.
595 2818 612 2839 t.
630 2824 651 2846 q.
674 2818 768 2839 [012.

399 2856 409 2870 ⁷
425 2856 486 2878 Multi
504 2856 570 2879 codd.
597 2859 621 2878 ut
637 2854 681 2878 ΑΓ,
691 2857 707 2877 (ἰ
718 2856 775 2878 llll.
786 2856 801 2885 lt
813 2856 827 2877 S
838 2856 855 2877 T
866 2856 883 2878 U
895 2856 913 2877 Y
924 2857 939 2877 Z
965 2859 1007 2878 otc.
1033 2861 1085 2877 cum
1111 2855 1147 2877 cd.
1170 2855 1176 2876 1

337 2900 458 2923 perperam
476 2896 581 2917 omittunt
597 2901 640 2924 per
657 2894 718 2917 viam
730 2894 895 2924 yeneratsmzte.

1300 2504 1309 2518 s
1326 2503 1381 2526 Cod.
1400 2503 1417 2525 O
1435 2504 1552 2531 superflue
1570 2504 1649 2526 addit:
1667 2503 1708 2526 scd
1723 2503 1800 2526 Filius
1813 2510 1859 2527 non
1871 2505 1905 2527 est
1915 2503 2019 2534 Spiritus
2030 2509 2083 2526 san-

1237 2544 1288 2565 ctus
1304 2549 1346 2565 nec
1362 2549 1373 2565 c
1390 2548 1502 2565 conuerso
1512 2551 1521 2571 ‚·
1538 2548 1593 2571 erqo
1610 2542 1731 2572 aenei-atio
1754 2548 1803 2566 ‘non
1820 2543 1855 2565 cst
1870 2541 1987 2572 processio
2012 2548 2054 2565 nec
2070 2548 2082 2565 e

1236 2587 1356 2604 converso.

1300 2619 1308 2631 ⁹
1325 2620 1369 2642 Cl'r.
1387 2621 1492 2647 A1·ist.ot.,
1512 2621 1538 2642 V.
1557 2620 1623 2647 Phys.
1642 2623 1692 2642 text.
1721 2620 1741 2642 7.
1767 2627 1831 2649 seqq.
1858 2621 1885 2649 (c.
1913 2620 1940 2649 l.)
1966 2623 1988 2642 et
2014 2620 2027 2642 Ι.
2053 2620 2082 2642 de

1236 2660 1317 2681 Gener.
1335 2663 1356 2681 et
1373 2662 1474 2686 corrupt.
1492 2661 1542 2681 text.
1566 2659 1597 2680 11.
1621 2665 1685 2687 seqq.
1703 2659 1731 2688 (c.
1758 2659 1797 2687 3.).
1821 2671 1853 2675 —
1878 2659 1928 2681 Mox
1954 2660 2002 2682 Vat.
2028 2665 2081 2681 cnm

1237 2698 1287 2720 eod.
1305 2704 1330 2719 cc
1347 2700 1424 2719 contra
1442 2698 1498 2719 alios
1515 2697 1582 2719 codd.
1599 2700 1621 2719 et
1638 2698 1673 2720 cd.
1697 2698 1702 2719 1
1723 2697 1854 2721 secundum
1870 2696 2014 2727 hypostasim
2032 2697 2081 2719 loco

1236 2736 1284 2759 sice
1301 2735 1439 2766 hypostasis.

1299 2775 1318 2789 ¹⁰
1336 2775 1395 2797 Libr.
1414 2776 1427 2797 l.
1446 2775 1474 2797 <to
1492 2775 1545 2797 Fido
1562 2775 1651 2798 orthod.
1669 2781 1688 2797 c.
1707 2776 1736 2797 8:
1754 2775 1874 2797 Generatio
1886 2775 1980 2804 quidem
1998 2776 2020 2796 in
2038 2776 2081 2797 hoc

1236 2815 1350 2842 consistit,
1369 2818 1392 2836 ut
1409 2821 1436 2837 ex
1462 2815 1576 2842 gissnontis
1592 2814 1717 2837 substantia
1743 2815 1819 2842 proles
1839 2815 1943 2836 eiusdem
1969 2820 2021 2836 cum

1236 2856 1319 2882 guento
1335 2853 1475 2876 substantiae.
1493 2853 1641 2881 producatur.
1658 2865 1690 2870 -
1707 2854 1776 2875 Paulo
1793 2854 1849 2875 infra
1868 2853 1903 2875 ed.
1930 2853 1935 2874 1
1957 2856 2008 2880 post
2030 2852 2080 2882 Spi-

1236 2892 1297 2915 ritus
1314 2892 1375 2914 addit
1393 2893 1497 2915 sanctus.

2050 2815 2081 2842 si·

2095 2200 2124 2219 Ad
2137 2200 2212 2224 opposi-

2118 2226 2163 2242 turn.
