2253 3317
1 1039 3 1068 4
16 1044 148 1063 Fundamenta.

673 117 756 147 DiST.
779 119 833 147 XV.
855 118 881 146 P.
904 119 920 146 l.
943 118 1015 147 ART.
1038 119 1153 148 UNICUS
1174 120 1309 156 QUAEST.
1332 120 1370 148 [lt.
1837 122 1893 151 263

152 198 227 228 venit
247 198 282 227 ad
304 196 488 226 habitandum
507 196 536 224 in
550 198 713 233 peccatore,
729 203 792 224 cum
808 195 897 232 gratia
912 195 996 224 datur

151 245 196 274 ei:
217 252 284 281 ergo
304 246 355 272 etc.
378 242 473 271 Minor
494 244 577 279 patet,
598 241 707 270 Ioannis
724 241 833 270 decimo
853 241 994 279 quarto¹z

152 291 200 320 Ad
220 298 286 319 eum
306 290 453 318 veniemus
473 291 524 318 etc.

231 337 256 366 3.
279 337 361 370 Item,
382 336 478 365 missio
499 337 628 364 connotat
648 334 777 363 effectum
802 334 830 362 in
851 337 997 368 creatura,

153 384 202 414 sed
223 383 321 420 regula
337 382 347 398 ²
378 385 432 417 est,
453 382 528 420 quod
549 389 631 411 omne
659 388 760 410 nomeu
791 383 942 409 connotans
962 381 998 409 ef-

151 430 255 459 fectum
280 429 383 458 dicitur
413 428 616 458 essentialiter:
647 435 714 465 ergo
745 427 855 461 missin,
887 427 997 464 passive

152 477 240 511 dicta,
261 476 364 505 dicitur
394 475 577 504 essentialiter
589 486 596 509 3
627 474 677 503 sed
707 474 782 511 quod
813 473 997 503 essentialiter

152 523 255 553 dicitur
276 522 404 552 convenit
425 522 473 550 toti
495 521 640 550 Trinitati:
662 528 729 558 ergo
750 523 801 549 etc.

231 570 258 598 [ι.
278 569 355 603 116111,
377 569 490 606 quando
510 568 616 605 aliquid
637 568 767 603 mittitur,
792 567 912 596 mittitur
932 575 998 596 cum

153 625 186 646 eo
206 624 288 646 omne
323 615 398 653 quod
420 615 443 643 ei
459 615 468 630 ³
488 614 711 652 inseparabiliter
739 617 780 643 est
801 614 997 649 coniunctum;

154 663 202 691 sed
224 662 304 691 Pater
324 664 366 691 est
387 661 610 698 inseparabiliter
631 660 797 689 coniunctus
824 659 908 688 Filio:
930 667 998 696 ergo

152 708 265 746 quando
285 708 406 736 mittitur
427 707 528 742 Filius,
549 707 669 736 mittitur
690 710 718 735 et
738 707 826 735 Pater.

233 756 257 783 5.
279 754 365 788 Item,
386 754 500 782 mittere
519 756 547 782 et
567 753 645 781 mitti
664 756 714 781 aut
734 756 800 782 sunt
814 753 939 790 aequalis
953 761 999 781 no-

154 800 286 835 bilitatis,
307 803 356 829 aut
377 808 441 829 non.
466 800 493 828 Si
524 799 676 838 aequalis:
708 807 775 837 ergo
806 807 862 836 qua.
891 800 998 828 ratione

154 847 257 877 dicitur
276 847 389 876 mittere
410 847 445 876 (16
466 846 558 881 Patre,
580 846 678 875 eadem
706 846 812 875 ratione
844 849 871 875 et
901 846 999 880 mitti,-

154 894 176 923 si
191 894 200 909 ⁴
221 893 406 932 inaequalis:
428 901 494 930 ergo
515 893 627 922 mittens
647 895 689 921 651
704 892 793 921 maior
813 892 916 922 misso:
932 900 999 930 ergo

155 940 238 969 Filius
259 943 300 968 est
321 940 475 977 inaequalis
496 939 578 968 Patri.

232 986 364 1015 CONTRA:
390 987 413 1014 1.
435 985 606 1022 Augustinus
627 985 750 1014 secundo
771 985 806 1014 de
821 985 953 1014 Trinitate
969 985 997 1013 ⁶:

161 1034 266 1062 «Pater
287 1040 426 1070 nusquam
448 1032 550 1069 legitur
571 1032 674 1061 missus
689 1043 716 1066 ’¹3
731 1032 780 1061 sed
794 1040 848 1060 non
864 1032 999 1061 debemus

154 1080 260 1117 aliquid
291 1086 417 1108 asserere
447 1078 482 1108 de
503 1079 578 1113 Deo,
609 1078 684 1115 quod
715 1086 771 1107 non
795 1078 932 1107 habemus
963 1086 999 1107 ex

155 1126 314 1163 Scriptura:
336 1133 403 1162 ergo
424 1125 495 1153 mitti
516 1132 571 1153 non
592 1125 720 1153 convenit
741 1125 789 1153 toti
811 1125 946 1153 Trinitati.

233 1173 258 1200 9..
280 1172 363 1206 Item,
384 1171 554 1208 Augustinus
570 1171 580 1184 ὅ
601 1170 686 1205 dicit,
707 1171 783 1208 quod
804 1171 883 1199 Pater
903 1170 1001 1200 absur-

156 1219 269 1248 dissime
290 1218 392 1247 dicitur
413 1217 533 1252 missus3
555 1217 604 1246 sed
626 1225 770 1246 sermones
791 1218 848 1246 veri
865 1226 919 1246 non
935 1220 1000 1246 sunt

154 1265 366 1299 absurdissimi,
388 1265 436 1294 sed
457 1265 550 1302 potius
571 1264 650 1293 falsi:
673 1272 740 1301 ergo
761 1264 832 1293 mitti
857 1273 911 1293 non
934 1272 999 1293 vere

155 1313 257 1342 dicitur
279 1312 313 1341 de
334 1312 422 1341 Patre.
445 1345 449 1348 ,

233 1359 259 1388 3.
281 1359 363 1393 Item,
385 1358 555 1395 Augustinus
569 1359 578 1373 ⁷
599 1358 678 1392 dicit,
700 1358 774 1395 quod
800 1358 871 1387 mitti
896 1361 938 1388 est
959 1367 1001 1387 co-

155 1406 246 1443 gnosci
269 1413 330 1434 esse
351 1405 387 1433 ab
407 1405 481 1440 alio;
503 1405 552 1434 sed
572 1405 653 1433 Pater
674 1412 728 1433 non
750 1405 925 1441 cognoscitur
939 1412 1000 1433 esse

154 1452 190 1481 ab
210 1452 282 1481 alio:
304 1460 371 1489 ergo
392 1452 472 1480 Pater
494 1460 548 1480 non
569 1451 697 1480 mittitur.

233 1499 260 1527 lt.
282 1499 358 1533 Item,
370 1506 452 1527 omne
474 1498 576 1527 mobile
597 1497 743 1527 reducitur
764 1498 799 1526 ad
818 1497 961 1527 immobile
975 1498 999 1533 ⁸,

155 1553 222 1582 ergo
234 1545 368 1574 missibile
379 1544 415 1573 ad
427 1544 612 1573 immissibile:
625 1552 692 1581 ergo
703 1544 731 1572 in
742 1544 844 1573 divinis
854 1547 895 1573 est
906 1544 1001 1581 aliqua

156 1600 274 1629 persona
296 1591 487 1625 immissibilis,
509 1591 558 1620 sed
579 1599 633 1620 non
655 1591 707 1620 nisi
728 1591 825 1620 Pater:
848 1599 914 1628 ergo
935 1595 986 1620 etc.

463 1677 698 1698 CONCLUSIO.

186 1747 299 1780 Missio,
318 1747 436 1784 passive
456 1750 592 1784 accepta,
613 1747 780 1776 nullatenus
802 1746 863 1775 dici
880 1750 971 1783 potes(

499 1794 533 1822 (Ze
554 1794 652 1822 Patre.

237 1873 415 1901 Rssspcmnm:
438 1872 611 1906 Dicendum,
632 1871 708 1909 quod
722 1871 826 1906 missio,
841 1871 912 1900 sicut
926 1873 1001 1908 patet

155 1927 193 1948 ex
215 1919 321 1948 ratione
342 1918 487 1955 Augustini
508 1920 535 1947 61
556 1918 657 1947 melius
678 1918 750 1946 infra
771 1917 876 1955 patebit
889 1917 913 1949 ⁹,
932 1925 1002 1946 56111-

221 2028 228 2042 ¹
249 2027 312 2050 Vers.
331 2028 367 2050 23.

220 2066 229 2081 2
247 2066 296 2088 Vat.
315 2072 368 2088 cum
386 2066 436 2088 cod.
454 2072 480 2088 cc
497 2065 529 2088 itu
547 2065 597 2088 loco
613 2065 713 2096 regula,
731 2066 773 2088 sed
790 2066 865 2088 obstat
881 2066 1003 2088 auctoritas

157 2105 254 2127 aliorum
271 2104 338 2127 codd.
356 2108 377 2127 et
393 2105 429 2127 ed.
449 2105 469 2127 ι1.
487 2105 537 2127 Mox
557 2108 609 2132 post
628 2110 696 2127 omne
716 2111 743 2127 ex
763 2105 869 2134 pluribus
889 2104 957 2127 codd.
979 2107 1004 2127 ut

158 2143 233 2165 11Μῖ
251 2149 277 2165 aa
295 2143 327 2165 bb
345 2143 363 2164 ff
377 2149 430 2165 cum
448 2143 483 2165 ed.
506 2143 510 2164 1
533 2143 660 2166 adiecimus
676 2149 778 2172 nomen,
798 2143 862 2172 quod
878 2146 900 2166 et
911 2144 968 2165 infra
980 2144 1003 2164 in

157 2182 307 2210 responsione
325 2181 422 2204 liabetur
439 2181 468 2204 ab
485 2181 594 2204 omnibus
610 2188 665 2204 mss.
686 2182 741 2205 Dein
759 2182 795 2205 ed.
821 2183 829 2203 ·1
851 2183 937 2205 notans
954 2182 1003 2204 1060

156 2221 296 2244 connotans.

221 2258 231 2273 3
248 2259 279 2281 Ex
291 2265 346 2281 mss.
359 2262 382 2281 et
393 2258 429 2281 ed.
441 2259 449 2280 sl
463 2259 625 2287 supplevimus
634 2259 734 2282 indebite
743 2261 855 2282 omissum
864 2259 891 2288 ai,
903 2262 926 2282 et
936 2260 1004 2287 paulo

159 2299 193 2320 ins
193 2304 216 2320 ra
224 2300 275 2326 post
282 2297 423 2321 coniunctus
430 2298 583 2325 expunximus
588 2304 650 2327 cum,
660 2299 710 2321 1060
716 2300 782 2321 cuius
789 2299 839 2321 cod.
847 2299 877 2321 W
883 2299 945 2327 ponit
953 2297 1003 2328 ipsi.

224 2335 230 2348 ⁴
249 2338 314 2363 Vnt,
333 2337 438 2364 plurimis
455 2343 509 2359 mss.
527 2340 548 2359 et
565 2337 601 2359 ed.
621 2338 628 2359 1
650 2338 833 2366 refragantibus,
851 2337 915 2360 addit
930 2338 970 2360 est.

222 2376 231 2390 ⁵
248 2375 303 2404 Cap.
322 2375 342 2398 5.
361 2382 382 2397 n.
401 2376 421 2398 8.
440 2375 498 2398 Vide
516 2377 552 2398 hic
569 2376 599 2399 lit.
617 2376 728 2405 Magistri,
747 2383 765 2399 6.
785 2377 805 2399 2.

222 2412 230 2425 ⁶
248 2414 310 2436 Libr.
329 2414 364 2436 tv.
376 2414 405 2436 de
415 2414 477 2436 Trin.
491 2420 509 2436 6.
520 2414 557 2436 211.
567 2420 588 2436 n.
602 2414 642 2443 32;
652 2414 706 2437 vide
719 2415 756 2437 hic
765 2415 824 2437 iniit.
831 2415 938 2443 Magistri,
951 2420 970 2437 c.
983 2415 1004 2437 9.

222 2453 232 2467 ⁷
250 2453 311 2476 Libr.
320 2453 356 2475 lV.
365 2453 394 2475 de
404 2453 466 2475 Trin.
476 2459 496 2475 c.
510 2454 546 2475 20.
556 2460 577 2476 n.
586 2454 623 2482 2&
632 2454 686 2476 vide
695 2454 732 2476 hic
741 2455 763 2476 in
773 2454 802 2476 lit.
815 2454 921 2482 Magistri,
931 2460 950 2476 6.
960 2454 1005 2476 7-9.

223 2491 232 2506 Β
249 2491 294 2514 Csr.
312 2492 416 2519 Aristot.,
435 2492 488 2514 Vlll.
506 2492 573 2519 Phys.
591 2494 643 2515 text.
662 2492 698 2515 34.
721 2499 786 2521 seqq.
805 2492 835 2521 (6.
853 2493 891 2521 5.).
908 2505 940 2510 -—
956 2493 1006 2515 Mox

161 2533 213 2559 post
230 2531 332 2558 primum
349 2536 405 2559 erqo
422 2531 473 2553 cod.
490 2531 509 2552 M
527 2537 580 2553 611111
604 2531 640 2553 ed.
667 2532 676 2553 ¹l
706 2531 782 2554 adiicit
802 2532 829 2554 et.
857 2532 924 2554 Paulo
948 2532 1005 2554 infra

160 2568 206 2591 fide
223 2569 377 2596 plurimorum
394 2574 448 2591 mss.
465 2571 487 2590 et
503 2568 556 2591 edd.
575 2570 583 2590 11
597 2587 601 2597 ,
620 2569 648 2597 4,
667 2569 680 2591 5
698 2569 858 2592 substituimus
869 2569 952 2599 aliqua.
963 2576 1006 2598 pro

162 2608 238 2630 minus
255 2610 308 2635 apto
326 2606 382 2629 alia.

224 2645 234 2660 “³
251 2646 342 2674 Quncst.
361 2652 408 2674 seq.
427 2646 448 2667 in
461 2652 524 2673 corp.
537 2649 559 2668 et
570 2646 599 2668 ad
612 2647 632 2669 3.
644 2658 676 2663 —
687 2647 737 2669 Mox
748 2648 850 2669 nonnulli
863 2647 931 2669 codd.
943 2650 968 2669 ut
980 2654 1005 2669 aa

160 2684 194 2707 bb
212 2685 225 2706 sl
243 2690 297 2706 cum
314 2684 349 2706 ed.
369 2684 377 2705 11
399 2683 426 2707 de
443 2684 493 2706 1060
505 2690 543 2708 cm.
558 2688 579 2707 et
596 2685 648 2707 dein
666 2683 717 2707 cod.
736 2686 755 2707 Y
771 2689 822 2714 post
834 2685 1007 2709 emanationem

160 2724 297 2751 explicativc
314 2722 378 2744 addit
391 2722 491 2751 passive.

227 2761 246 2776 ¹⁰
264 2762 293 2783 Ex
312 2761 480 2790 antiquioribus
496 2767 550 2783 mss.
563 2764 585 2783 et
596 2761 632 2784 ed.
646 2761 654 2783 ¹l
671 2762 798 2785 adiecimus
809 2768 908 2792 semper,
922 2766 943 2785 et
955 2769 1007 2785 mox

163 2804 216 2828 post
238 2800 319 2823 missio
337 2806 381 2828 ope
399 2800 500 2828 plurium
518 2806 572 2822 mss.
590 2802 616 2822 ut
631 2800 677 2822 ΑΗ
688 2801 719 2822 liti
732 2801 749 2822 T
760 2801 780 2823 V
797 2807 824 2823 aa
841 2801 873 2823 hb
885 2802 903 2823 ss
917 2801 1007 2829 supple·

161 2839 240 2861 vimus
256 2838 363 2868 passirc,
384 2844 429 2866 qua
446 2838 542 2860 lectione
559 2839 634 2860 omnis
656 2838 794 2867 ambiguitas
819 2840 910 2862 tollitur.
936 2839 976 2861 Ed.
996 2840 1003 2861 1

159 2878 243 2899 omittit
261 2878 362 2905 primum
381 2876 479 2905 passive.

1052 203 1101 232 per
1122 196 1179 225 duo
1200 197 1283 226 habet
1304 205 1339 226 ex
1361 206 1412 227 suo
1432 198 1573 228 intellectu
1585 222 1592 233 ,
1617 199 1721 228 scilicet
1745 200 1892 228 emanatio-
1907 206 1971 232 »tisino
1986 211 2035 225 com·

1052 250 1116 272 nem
1143 247 1171 272 et
1204 245 1452 274 manifestationem
1482 254 1532 283 per
1562 246 1699 276 effectum.
1731 248 1802 284 Quia
1828 229 2034 285 ergopieemurauo.

1053 289 1185 326 importat
1205 298 1315 328 semper
1330 291 1351 307 ¹⁰
1372 293 1574 322 emanationem
1595 293 1704 330 passive
1724 294 1819 322 missio
1836 302 1896 331 pas-

1053 336 1111 365 sive
1132 336 1223 372 dicta,
1244 337 1309 366 hinc
1329 341 1386 372 est,
1408 339 1483 376 quod
1514 347 1578 368 cum
1609 340 1688 368 Pater
1712 339 1824 368 omnino
1854 348 1895 369 ca-

1054 385 1113 412 reat
1133 383 1288 421 principio,
1309 385 1384 421 quod
1405 385 1440 414 de
1461 386 1521 422 ipso
1541 386 1619 415 nullo
1639 386 1725 425 modo
1736 389 1826 424 potest
1840 386 1894 415 dici
1908 392 2011 411 ennensi».

1054 430 1149 458 missio
1169 431 1295 467 passiva3
1310 431 1385 460 unde
1403 439 1457 460 non
1472 432 1621 466 invenitur,
1635 435 1662 461 et
1676 432 1698 461 si
1713 432 1893 465 inveniretur.

1053 479 1126 505 esset
1146 479 1279 514 tanquam
1300 477 1369 506 falsa
1383 481 1410 506 et
1424 478 1501 507 velut
1511 478 1664 516 impropria
1684 479 1849 516 exponenda
1861 479 1892 507 ¹¹.

1134 524 1159 551 1.
1181 524 1207 551 2.
1228 523 1267 551 Ad
1288 523 1357 552 illud
1384 532 1450 561 ergo
1480 525 1555 562 quod
1587 525 1716 554 obiicitur
1745 526 1837 563 primo
1867 529 1895 554 et
1915 531 1986 558 Soiutio
1995 537 2027 555 01³-

1054 569 1177 598 secundo
1192 569 1224 603 ¹²,
1245 570 1320 606 quod
1341 570 1436 599 missio
1456 574 1498 600 est
1518 572 1658 609 perceptio
1678 572 1714 600 ab
1735 572 1876 601 intellectu
1888 596 1894 607 ,
1906 556 2014 578 'mmmm'

1053 615 1098 644 vel
1119 615 1281 644 inhabitatio
1301 616 1336 645 de
1357 624 1447 651 novo3
1468 617 1636 652 dicendum,
1658 618 1732 655 quod
1753 626 1807 646 non
1829 619 1895 647 dicit

1054 664 1140 689 totam
1161 661 1296 691 rationem
1316 663 1473 698 missionis,
1495 664 1544 693 sed
1565 664 1656 693 solum
1676 673 1693 693 a
1706 667 1785 702 parte
1801 665 1895 693 termi-

1054 708 1087 736 ni
1107 708 1138 736 in
1154 708 1174 723 ¹³
1194 717 1299 746 quem;
1317 709 1392 738 unde
1413 709 1495 739 debet
1515 710 1580 739 addi
1601 711 1735 740 cumillis
1749 712 1894 740 emanatio

1054 754 1092 783 ab
1113 754 1193 788 alim
1214 758 1241 783 et
1260 758 1327 784 tunc
1347 764 1402 784 11011
1424 756 1504 785 valet.

1134 801 1159 830 3.
1181 801 1220 830 Ad
1242 801 1310 830 illud
1332 802 1407 839 quod
1427 803 1556 832 obiicitur
1584 804 1672 838 tertio,
1696 805 1771 841 quod
1798 812 1896 833 6011110-

1055 848 1123 876 161Η
1144 847 1282 883 effectum,
1303 856 1369 885 ergo
1390 851 1431 877 est
1455 850 1617 884 essentiale3
1639 850 1805 886 dicendum,
1821 851 1895 888 quod

1055 902 1156 923 nomen
1177 898 1328 923 connotans
1348 895 1477 924 effectum
1491 899 1540 924 aut
1555 896 1621 925 dicit
1636 896 1726 925 solum
1738 900 1896 934 respectum

1055 941 1090 970 ad
1111 941 1241 970 effectum
1253 964 1260 976 ,
1282 944 1308 970 61
1329 944 1395 970 111116
1409 944 1451 971 651
1465 950 1536 979 pure
1550 943 1714 978 essentiale,
1729 946 1761 972 ut
1775 952 1877 972 creare
1887 954 1897 977 ,-

1055 990 1104 1016 aut
1125 987 1191 1016 dicit
1212 987 1295 1016 etiam
1316 995 1381 1016 cum
1401 988 1454 1017 hoc
1474 992 1632 1026 respectum
1663 989 1699 1018 ad
1729 997 1896 1027 personam,

1055 1037 1082 1063 et
1096 1034 1135 1062 sic
1149 1036 1239 1071 potest
1260 1041 1320 1062 esse
1341 1034 1493 1069 notionale‚
1514 1035 1585 1064 sicut
1603 1044 1705 1064 creare
1718 1045 1773 1073 per
1787 1036 1897 1065 Filium

1056 1080 1142 1109 solius
1150 1082 1192 1108 est
1199 1080 1295 1108 Patris.
1307 1080 1350 1109 Sic
1361 1082 1402 1109 est
1413 1080 1447 1109 de
1458 1080 1510 1109 1106
1531 1081 1606 1117 quod
1617 1085 1658 1111 est
1670 1082 1756 1116 mitti,
1767 1082 1833 1119 quia
1842 1090 1898 1111 non

1056 1126 1122 1155 dicit
1141 1129 1250 1155 tantum
1271 1127 1506 1164 comparationem
1527 1128 1604 1157 missi
1622 1129 1657 1157 ad
1672 1129 1869 1166 suscipientem
1877 1129 1898 1145 ¹⁵

1055 1173 1204 1207 effectum,
1225 1173 1275 1202 sed
1296 1173 1379 1202 etiam
1400 1174 1435 1202 ad
1457 1174 1634 1212 principium.
1655 1176 1795 1212 Significat
1809 1176 1896 1211 enim,

1056 1221 1148 1257 ipsum
1170 1227 1230 1248 esse
1251 1220 1287 1248 ab
1307 1220 1362 1248 alio
1382 1222 1409 1249 et
1430 1220 1457 1249 in
1478 1221 1582 1256 alium;
1605 1223 1631 1250 et
1652 1222 1691 1251 sic
1710 1225 1785 1259 patet
1805 1222 1883 1251 illud.

1135 1267 1161 1295 [1.
1183 1266 1222 1294 Ad
1243 1266 1314 1295 illud
1335 1266 1410 1303 quod
1431 1266 1578 1301 obiicitur,
1602 1268 1677 1305 quod
1702 1268 1898 1305 inseparabilia

1056 1312 1141 1341 simul
1162 1311 1331 1346 mittunturg
1353 1312 1518 1347 dicendum,
1539 1313 1614 1350 quod
1639 1313 1709 1342 illud
1737 1317 1778 1342 651
1798 1322 1898 1343 verum

1057 1359 1092 1388 de
1112 1358 1159 1387 illa
1180 1358 1324 1393 missione,
1339 1366 1410 1396 quae
1425 1362 1466 1388 est
1486 1367 1537 1396 per
1558 1360 1779 1396 separationem;
1800 1360 1849 1389 sed
1864 1360 1899 1389 de

1057 1405 1105 1433 illa
1125 1405 1274 1440 missione,
1296 1413 1368 1442 quae
1389 1408 1431 1434 est
1450 1413 1501 1442 per
1529 1406 1751 1440 distinctionem,
1782 1414 1836 1435 non
1858 1410 1899 1435 est

1057 1452 1165 1486 dicere,
1186 1452 1262 1489 quod
1284 1451 1368 1481 simul
1385 1452 1405 1466 ¹⁶
1429 1452 1575 1481 mittantur
1605 1452 1761 1481 necessario
1781 1453 1821 1481 illi
1851 1453 1899 1490 qui

1057 1498 1284 1535 distinguuntur,
1306 1498 1379 1527 sicut
1399 1506 1449 1527 nec
1471 1498 1499 1527 in
1520 1498 1575 1527 alia
1595 1498 1726 1528 missione
1751 1498 1799 1527 illa
1828 1494 1899 1536 quae

1057 1547 1233 1581 separa-ntur.
1256 1545 1287 1573 Et
1307 1545 1439 1582 quoniam
1460 1545 1540 1573 Pater
1561 1545 1741 1582 distinguitur
1767 1553 1784 1573 a
1816 1544 1898 1579 Filio,

1056 1594 1084 1620 et
1104 1591 1199 1620 missio
1220 1591 1247 1619 in
1269 1591 1371 1620 divinis
1402 1591 1469 1620 dicit
1499 1591 1721 1625 distinctionem,
1753 1591 1815 1620 ideo
1845 1599 1899 1620 non

1056 1639 1184 1674 oportet,
1205 1637 1280 1674 quod
1295 1645 1361 1666 cum
1376 1637 1495 1666 mittitur
1511 1637 1534 1653 ¹⁷
1555 1637 1656 1672 Filius,
1671 1637 1797 1666 mittatur
1811 1638 1899 1667 Pater.

1137 1685 1161 1712 5.
1183 1684 1222 1712 Ad
1244 1683 1314 1712 illud
1335 1684 1411 1721 quod
1431 1684 1561 1713 obiicitur
1574 1684 1691 1718 ultimo,
1713 1684 1788 1721 quod
1802 1692 1901 1721 aequa-

1057 1731 1091 1760 lis
1111 1730 1263 1760 nobilitatis
1277 1733 1319 1760 est
1331 1731 1410 1759 mitti
1422 1733 1454 1760 ut
1465 1731 1483 1746 ¹⁸
1497 1731 1629 1764 mittere;
1648 1731 1810 1766 dicendum,
1825 1731 1899 1768 quod

1056 1777 1135 1806 mitti
1153 1785 1209 1805 non
1229 1780 1390 1806 removetur
1411 1785 1427 1805 a
1448 1777 1527 1806 Patre
1539 1800 1546 1812 ,
1567 1777 1632 1814 quia
1653 1777 1719 1806 dicit
1750 1777 1900 1814 ignobilita-

1057 1827 1134 1858 tem,
1156 1824 1205 1853 sed
1227 1824 1291 1861 quia
1317 1824 1384 1853 dicit
1414 1824 1618 1852 emanationem
1648 1826 1675 1852 61
1702 1824 1901 1853 subauctorita-

1057 1873 1132 1904 tem,
1155 1878 1227 1907 quae
1247 1870 1376 1907 quamvis
1397 1878 1451 1899 non
1473 1870 1508 1899 sit
1528 1869 1724 1907 ignobilitatis,
1739 1872 1831 1898 tamen
1845 1877 1899 1898 non

1058 1917 1186 1945 convenit
1208 1917 1280 1945 Patri
1297 1916 1328 1944 ¹⁹.

1121 2026 1139 2040 ¹¹
1157 2026 1307 2049 Praeserenda
1325 2026 1416 2048 videtur
1436 2026 1502 2048 lectio
1527 2025 1577 2048 cod.
1604 2025 1635 2054 T,
1661 2026 1683 2048 in
1701 2032 1746 2054 qua
1770 2029 1823 2053 post
1843 2027 1903 2048 esser

1059 2066 1136 2088 addita
1152 2065 1263 2094 particula
1283 2066 1398 2094 tanquam
1415 2064 1489 2092 deest,
1508 2066 1586 2092 utpote
1604 2070 1662 2093 quae
1679 2064 1751 2087 verbo
1762 2064 1900 2094 conponenda

1059 2110 1104 2126 11011
1121 2104 1181 2126 bene
1197 2104 1330 2132 adaptatur,
1343 2109 1386 2131 pro
1403 2109 1448 2132 qua
1466 2109 1525 2125 unus
1537 2103 1622 2125 alterve
1634 2102 1705 2125 codex
1717 2102 1786 2125 habet
1796 2102 1900 2132 inquam.

1059 2140 1115 2163 Cod.
1133 2141 1153 2164 X
1171 2141 1239 2164 valde
1255 2142 1305 2163 loco
1322 2140 1392 2164 velut.
1414 2140 1469 2163 Cod.
1487 2141 1507 2163 K
1523 2140 1587 2164 velut
1611 2140 1727 2164 haeretica
1752 2139 1900 2170 reprobanda

1059 2186 1102 2208 pro
1119 2179 1182 2203 velut
1198 2179 1330 2210 impropria
1347 2179 1493 2209 exponenda.

1123 2218 1143 2233 ¹²
1158 2219 1220 2241 Licet
1236 2225 1291 2241 mss.
1309 2224 1362 2241 611111
1378 2218 1414 2241 ed.
1433 2218 1441 2240 1
1463 2219 1567 2241 omittant
1586 2218 1607 2240 ct
1623 2217 1740 2246 secundo,
1767 2218 1902 2240 retinuimus

1060 2261 1144 2286 tamen,
1162 2259 1215 2287 quia
1232 2264 1313 2280 revera
1330 2257 1360 2280 ad
1376 2257 1422 2280 duo
1440 2258 1514 2285 prima
1530 2256 1618 2279 obiecta
1635 2256 1793 2285 respondetur.

1121 2296 1141 2311 ¹³
1157 2296 1212 2319 Cod.
1231 2297 1249 2318 T
1261 2296 1299 2319 ad.
1317 2296 1340 2318 ln
1357 2296 1402 2318 fine
1419 2296 1537 2318 solutionis
1554 2295 1622 2318 codd.
1639 2294 1680 2317 LO
1698 2295 1748 2317 loco
1769 2300 1818 2317 non
1839 2294 1902 2317 valet

1061 2337 1141 2364 legunt
1150 2341 1208 2358 'uera
1219 2336 1260 2358 est.

1124 2373 1143 2388 ¹⁴¹
1161 2374 1253 2396 Plurimi
1271 2373 1338 2396 codd.
1356 2379 1409 2396 cum
1426 2373 1463 2396 ed.
1481 2373 1490 2394 4
1510 2373 1583 2396 notat.

1125 2413 1144 2428 ¹⁵
1161 2412 1215 2435 Cod.
1234 2413 1251 2434 R
1262 2411 1431 2441 susceptionem
1446 2418 1495 2435 seu.
1512 2412 1535 2434 ln
1552 2411 1597 2433 11116
1613 2412 1768 2439 responsionis
1785 2411 1830 2433 fide
1852 2412 1903 2439 plu-

1062 2453 1175 2474 rimorum
1192 2457 1246 2473 11155.
1264 2453 1286 2473 61
1302 2450 1338 2473 ed.
1358 2451 1366 2473 1
1387 2453 1439 2479 post
1449 2451 1512 2479 patet
1528 2450 1654 2472 adiecimus
1668 2449 1735 2472 illud.

1125 2490 1144 2504 1⁶
1161 2490 1298 2512 Auctoritate
1309 2490 1464 2518 antiquiorum
1475 2488 1543 2511 codd.
1555 2490 1576 2511 ct
1587 2488 1623 2510 ed.
1637 2488 1645 2510 1
1662 2488 1821 2510 substituimus
1831 2487 1904 2511 simul

1063 2535 1105 2557 pro
1122 2528 1161 2551 sic.
1179 2528 1248 2550 Paulo
1265 2530 1316 2550 ante
1333 2527 1400 2550 codd.
1417 2528 1458 2549 NR
1475 2533 1559 2550 verum
1574 2527 1624 2549 loco
1641 2526 1723 2550 dicere.
1739 2526 1794 2549 Cod.
1807 2526 1828 2549 X
1840 2533 1903 2555 prae-

1063 2567 1182 2590 cedentem
1199 2567 1380 2595 propositionem
1396 2567 1426 2589 ita
1443 2566 1545 2588 exhibet:
1562 2565 1673 2588 missione
1689 2570 1737 2588 non
1753 2566 1788 2588 est
1802 2571 1900 2593 verum,

1063 2612 1124 2636 quae
1140 2607 1175 2628 est
1186 2611 1231 2635 per
1247 2604 1430 2633 instinctionem,
1449 2610 1497 2627 non
1513 2604 1575 2627 enini
1591 2605 1625 2627 est
1640 2603 1723 2627 dicere.
1751 2603 1821 2626 Paulo
1846 2604 1903 2626 intra

1063 2644 1107 2667 sub
1124 2642 1172 2666 alia
1189 2643 1300 2666 missione
1316 2643 1415 2671 intellige
1432 2643 1505 2671 illam,
1523 2648 1584 2671 quae
1605 2642 1640 2665 est
1656 2647 1699 2671 per
1715 2640 1901 2671 separationem,

1063 2685 1085 2705 in
1103 2689 1149 2712 qua
1166 2681 1334 2712 inseparabilia
1350 2680 1423 2704 simui
1439 2682 1572 2709 mittuntur⁷
1588 2681 1699 2709 separata
1716 2686 1771 2702 vero
1788 2686 1840 2702 non.

1127 2721 1146 2736 ¹⁷
1163 2721 1212 2743 Vat.
1230 2727 1284 2743 cum
1301 2720 1416 2749 aliquibus
1427 2726 1482 2742 mss.
1494 2719 1614 2747 mittatur,
1634 2718 1675 2741 sed
1690 2719 1765 2740 minus
1776 2722 1836 2747 apte.
1848 2717 1903 2741 Cod.

1065 2761 1083 2783 T
1101 2760 1122 2783 si
1138 2760 1187 2782 loco
1205 2765 1266 2782 cum.
1285 2759 1334 2781 Mox
1351 2762 1403 2787 post
1420 2758 1529 2781 mittatur
1546 2757 1596 2780 cod.
1613 2757 1629 2779 Z
1647 2757 1710 2780 addit
1726 2757 1754 2779 et.

1128 2798 1147 2813 1⁸
1164 2798 1204 2820 Ed.
1225 2799 1233 2820 1
1254 2799 1275 2820 a!
1292 2798 1342 2820 loco
1358 2798 1391 2820 ut.

1128 2836 1147 2851 ¹⁹
1163 2837 1186 2858 ln
1204 2836 1255 2858 cod.
1273 2836 1291 2858 Κ
1311 2836 1402 2858 additur
1419 2835 1466 2858 inzo
1483 2835 1601 2865 repugnat
1613 2833 1756 2864 proprietati
1771 2833 1832 2862 eius,
1849 2833 1904 2863 quia

1065 2877 1136 2900 Pater
1152 2877 1185 2899 est
1200 2881 1249 2899 non
1264 2874 1294 2898 ab
1309 2874 1363 2898 alio.
