2253 3317
917 150 1020 179 BULLA
1043 150 1126 178 snm
1148 150 1190 179 IV.
1868 155 1920 183 xm

179 239 263 261 mus
287 239 332 262 ac
358 226 438 262 Deo
462 227 715 262 amicissimus
742 228 807 262 vir.
836 226 907 263 Sed
933 227 972 261 in
998 226 1169 262 Concilio
1194 226 1443 274 Lugdunensi
1469 229 1686 275 praesidens
1719 230 1920 277 omniaque

177 286 225 319 ad
250 285 321 320 Dei
346 286 498 320 laudem
523 286 709 332 dirigens,
736 286 875 321 sedatis
900 285 1098 321 discordiis
1133 286 1497 334 difficultatibusque
1536 288 1714 334 sublatis,
1750 289 1823 334 ipsi
1850 289 1920 324 Ec-

178 343 313 379 clesiae
338 345 503 379 maximo
528 344 613 379 usui
639 344 714 379 fuit
739 349 777 379 et
801 348 1031 379 ornamento.
1254 392 1260 396 ‚

271 402 290 449 ξ
317 403 370 437 11.
391 402 538 447 Quibus
555 402 667 438 rebus
685 407 812 449 aperte
830 403 1082 449 cognoscitur,
1102 403 1203 449 quod
1221 404 1354 438 statuit
1371 404 1429 438 illi
1448 403 1634 440 Dominus
1651 410 1919 441 testamentum

176 461 281 507 pacis
294 466 332 495 et
344 462 556 508 principem
575 460 667 496 fecit
684 474 781 508 eum,
800 466 843 496 ut
860 462 909 496 sit
921 461 980 495 illi
995 462 1193 496 sacerdotii
1211 462 1378 508 dignitas
1396 463 1436 497 in
1449 468 1654 510 aeternum,
1669 477 1781 511 quem
1797 465 1919 500 inanis

175 519 297 566 gloria
313 533 389 554 11011
407 520 572 565 inflavit,
591 533 667 555 non
686 520 841 554 divitiae
867 520 1122 555 sinistrorsum
1148 526 1325 567 egerunt,
1352 522 1417 556 sed
1440 522 1477 556 111
1497 521 1571 556 fide
1588 522 1820 570 lenitateque
1837 536 1918 570 per-

176 590 362 625 severans,
382 579 469 625 pius
485 579 525 613 111
543 578 682 624 Deum,
709 579 749 612 in
766 591 950 625 pauperes
969 579 1192 626 misericors,
1212 580 1333 614 iustus
1350 580 1389 614 in
1408 592 1553 627 01111163,
1572 581 1625 615 ita
1641 582 1713 616 hoc
1736 583 1918 629 corrupti—

174 637 252 672 bile
278 649 414 683 corpus
439 638 561 684 exuit,
589 642 632 672 ut
656 650 743 671 cum
768 637 953 683 Apostolo
971 637 1094 672 dicere
1111 642 1257 684 posset:
1275 638 1415 673 Bonum
1432 642 1600 674 certamen
1617 641 1760 686 certavi,
1780 653 1918 676 cursum

175 696 421 741 consummavi,
435 695 545 741 fidem
557 696 707 741 servavi,
726 696 764 730 in
781 695 913 743 reliquo
938 696 1090 743 reposita
1108 699 1156 731 est
1171 696 1258 731 mihi
1274 709 1400 732 corona
1418 698 1574 733 iustitiae
1601 698 1663 745 (II.
1691 698 1786 734 Tim.
1805 701 1837 746 4,
1857 700 1916 747 7.).

268 754 287 801 ξ
314 754 368 789 12.
395 753 467 798 Qui
501 755 571 790 etsi
597 767 643 789 ex
673 754 752 789 sola
776 755 1056 801 perseverantia
1072 759 1220 802 poterat
1245 761 1397 791 sanctus
1423 757 1539 803 credi,
1566 757 1673 792 iuxta
1690 758 1803 793 illud:
1830 758 1916 794 Esto

167 813 290 859 fidelis
305 825 410 860 usque
422 812 470 848 ad
485 816 625 848 mortem
632 841 643 859 7
662 816 694 848 et
710 813 796 848 dabo
815 813 879 848 tibi
895 825 1056 849 coronam
1074 814 1163 849 vitae
1181 814 1315 861 (Apoc.
1334 815 1365 861 2,
1387 815 1467 861 m),
1492 815 1724 863 subsequuta
1749 822 1838 852 sunt
1862 822 1917 852 ta-

174 885 260 907 men
277 876 365 918 post
381 872 500 906 vitam
517 872 638 906 multa
655 872 895 919 maximaque
913 872 1109 919 miracula,
1129 885 1225 920 quae
1244 877 1389 908 certum
1407 874 1618 909 sanctitatis
1636 875 1715 910 eius
1732 876 1916 922 praebent

173 931 358 965 indicium
375 935 412 965 et
428 943 496 965 nos
513 931 561 965 ad
574 931 694 977 ipsius
719 931 999 966 venerationem
1023 932 1227 979 inducunt,
1248 945 1361 979 quem
1379 932 1481 967 Deus
1499 933 1641 968 meritis
1658 934 1914 980 praecedenti-

172 990 243 1025 bus
269 989 524 1024 venerandum
550 990 725 1024 ostendit.
744 989 831 1036 Ipse
848 990 950 1024 enim
968 989 1070 1025 Deus
1087 990 1338 1037 omnipotens,
1362 995 1405 1026 ut
1430 1003 1517 1025 suae
1536 992 1687 1027 virtutis
1705 994 1914 1038 potentiam

172 1048 389 1083 manifestet
421 1053 458 1083 et
482 1052 630 1083 nostrae
656 1048 788 1083 salutis
815 1060 966 1083 causam
990 1049 1151 1095 pandat,
1178 1049 1309 1084 fideles
1335 1049 1475 1085 electos
1501 1062 1601 1096 suos,
1630 1063 1724 1097 quos
1762 1057 1915 1087 coronat

172 1108 211 1141 in
237 1107 368 1153 caelis,
396 1119 506 1153 saepe
532 1107 646 1141 etiam
671 1107 830 1141 honorat
855 1107 894 1141 in
920 1107 1081 1153 mundo,
1108 1107 1154 1141 ad
1182 1120 1310 1142 eorum
1336 1108 1555 1143 memoriam
1582 1109 1691 1155 signa
1716 1109 1859 1145 faciens
1877 1115 1915 1146 et

169 1166 359 1212 prodigia,
388 1177 462 1212 quo
487 1165 675 1199 haeretica
699 1166 865 1211 pra-vitas
891 1165 1164 1211 confundatur,
1192 1171 1230 1200 et
1253 1166 1347 1201 fides
1373 1167 1581 1202 orthodoxa
1605 1172 1782 1203 servetur.

262 1225 281 1271 ξ
308 1225 362 1259 13.
388 1224 551 1270 Agimus
586 1223 704 1269 igitur
729 1224 801 1270 ipsi
828 1223 907 1259 Deo
943 1229 1103 1271 quantas
1128 1237 1329 1271 possumus
1355 1226 1504 1272 gratias,
1540 1227 1641 1273 quod
1676 1240 1743 1262 nos
1777 1228 1913 1275 dignos

168 1284 332 1330 duxerit,
358 1295 426 1329 per
451 1295 545 1329 quos
570 1283 662 1317 haec
696 1282 933 1317 canonizatio
967 1283 1235 1329 celebraretur,
1271 1296 1367 1330 quae
1410 1284 1509 1331 licet,
1537 1285 1678 1320 divinis
1703 1286 1913 1322 litterarum

166 1342 421 1377 monumentis
439 1341 675 1376 exstantibus
693 1341 1054 1388 coruscantibusquc
1072 1342 1274 1388 miraculis,
1289 1343 1365 1377 iam
1383 1343 1530 1389 pridem
1552 1345 1718 1389 potuerit
1734 1345 1803 1379 rite
1820 1345 1910 1393 fieri,

166 1414 361 1448 nunquam
387 1405 513 1435 tamen
538 1400 698 1434 antehac
724 1400 786 1434 vel
810 1412 833 1434 a
857 1400 1097 1446 principibus
1122 1400 1183 1435 vel
1209 1400 1257 1435 ab
1283 1401 1368 1435 aliis
1394 1405 1500 1436 tanta
1525 1402 1725 1448 diligentia
1751 1403 1825 1438 fuit
1849 1417 1912 1451 pe-

165 1461 244 1495 tita.
270 1459 406 1494 Nostro
432 1464 600 1505 tempore
626 1459 809 1493 carissimi
834 1459 874 1493 in
905 1458 1053 1494 Christo
1079 1459 1150 1494 filii
1176 1460 1293 1494 nostri
1327 1459 1357 1494 F
1360 1460 1547 1495 redericus
1566 1460 1819 1497 Romanorum
1844 1463 1912 1497 im-

165 1523 313 1565 perator
338 1530 485 1565 semper
509 1522 710 1564 augustus,
745 1517 963 1553 Ludovicus
997 1517 1228 1553 Francorum
1263 1518 1616 1564 christianissimus,
1652 1519 1912 1557 Ferdinandus

166 1577 314 1614 Siciliae
340 1581 378 1611 et
401 1576 579 1611 Matthias
605 1575 822 1622 Hungariae
855 1589 961 1623 reges
1000 1576 1185 1623 illustres3
1213 1577 1344 1612 dilecti
1376 1590 1526 1624 quoque
1555 1578 1626 1612 filii
1660 1579 1806 1614 nobiles
1840 1581 1910 1615 viri

165 1636 386 1682 Alphonsus
416 1634 627 1681 Calabriae,
653 1634 821 1670 Ioannes
846 1634 1040 1670 Mozenico
1074 1635 1338 1682 Venetiarum,
1372 1635 1532 1671 Ioannes
1562 1636 1720 1671 Halcam
1755 1637 1910 1684 (Italico

165 1695 238 1741 leg.
267 1694 344 1730 Gio.
371 1693 542 1729 Galeazzo
561 1693 714 1739 Sforza)
740 1693 960 1740 Mediolani,
987 1698 1025 1728 et
1042 1693 1203 1729 Ioannes
1228 1694 1393 1741 Burbon,
1421 1694 1536 1729 duces
1554 1696 1739 1742 insignes,
1766 1702 1909 1743 praete—

164 1766 226 1788 rea
251 1753 423 1787 civitates
451 1751 770 1799 Florentinorum,
798 1751 1036 1797 Senensium,
1055 1752 1388 1799 Lugdunensium,
1415 1752 1682 1788 Perusinorum
1716 1759 1767 1801 et,
1808 1757 1908 1802 quod

164 1812 239 1846 tale
265 1811 373 1846 iubar
398 1811 502 1857 tulit,
530 1810 839 1857 Balneoregium,
866 1815 972 1845 tanto
998 1810 1123 1845 studio
1148 1815 1329 1858 tantaque
1354 1812 1633 1857 perseverantia
1664 1814 1855 1859 petierunt
1887 1828 1909 1849 a

164 1871 288 1916 nobis,
316 1875 359 1904 ut
383 1870 521 1904 durum
546 1873 584 1904 et
608 1869 771 1916 impium
796 1874 1015 1916 putaremus
1040 1870 1094 1904 eis
1120 1870 1159 1904 in
1185 1882 1223 1904 re
1249 1874 1328 1904 tam
1354 1870 1418 1916 pia
1442 1871 1626 1917 resistere,
1654 1884 1768 1918 quam
1794 1873 1908 1908 etiam

164 1929 234 1964 Dei
269 1929 416 1964 monitu
450 1933 576 1975 petere
611 1928 848 1963 videbantur.
883 1928 1137 1963 Accesserunt
1168 1929 1339 1963 assiduae
1374 1929 1600 1964 venerabilis
1634 1929 1759 1965 fratris
1790 1932 1906 1967 nostri

163 1988 315 2034 Iuliani,
331 1987 512 2034 Episcopi
539 1986 771 2033 Sabinensis,
799 1987 920 2033 ipsius
938 1986 1091 2022 Ordinis
1117 1986 1353 2033 Protectoris,
1382 1987 1606 2022 dilectorum
1636 2001 1786 2036 quoque
1811 1990 1906 2025 filio-

162 2060 246 2082 rum
271 2046 462 2081 Francisci
489 2045 693 2092 Samsonis,
722 2046 917 2081 Generalis
941 2045 1115 2093 Ministri,
1144 2051 1181 2080 ct
1206 2045 1308 2081 Petri
1333 2046 1379 2080 de
1404 2046 1631 2093 Rodulphis,
1651 2047 1905 2085 Procuratoris

162 2106 255 2140 dicti
282 2105 449 2151 Ordinis,
476 2117 600 2140 sacrae
626 2105 839 2151 theologiae
856 2104 1091 2151 professoris,
1119 2118 1267 2152 preces,
1296 2106 1362 2152 qui
1385 2106 1538 2140 nomine
1563 2107 1749 2152 generalis
1779 2120 1907 2143 eorum

162 2164 326 2211 Capituli
362 2164 402 2198 id
427 2168 607 2211 tanquam
638 2164 781 2198 iustum
818 2168 856 2198 et
880 2163 1053 2199 debitum
1083 2164 1342 2210 reposcebant.
1374 2164 1603 2211 Legeramus
1625 2166 1907 2201 studiosissime

162 2223 290 2259 Sancti
315 2223 428 2258 huius
453 2223 584 2260 divina
608 2223 763 2269 scripta,
784 2222 938 2269 quibus,
966 2227 1169 2269 postquam
1187 2235 1255 2269 per
1279 2227 1440 2257 aetatem
1461 2223 1608 2270 aliquid
1635 2236 1763 2270 sapere
1782 2225 1904 2271 licuit,

162 2294 308 2328 semper
332 2281 475 2317 fuimus
501 2281 688 2316 delectati.
722 2281 998 2317 Audiveramus
1026 2294 1176 2328 quoque
1201 2281 1250 2316 ab
1280 2282 1557 2329 antiquioribus
1590 2282 1781 2329 praefatae
1807 2283 1905 2319 Reli-

159 2341 284 2386 gionis
310 2340 488 2375 fratribus
514 2344 552 2375 et
576 2340 756 2386 gravibus
774 2340 928 2387 quidem
956 2340 1059 2386 viris,-
1089 2340 1191 2387 quod
1209 2345 1246 2374 et
1271 2341 1345 2387 ipsi
1370 2353 1393 2375 a
1417 2341 1622 2376 maioribus
1640 2347 1731 2376 natu
1752 2355 1905 2389 accepe—

159 2404 258 2445 rant,
292 2399 338 2433 de
365 2399 615 2434 sanctimonia
649 2399 748 2433 vitae
774 2399 854 2433 eius
889 2403 1125 2434 constantem
1152 2398 1293 2433 famam
1323 2411 1418 2445 esse,
1454 2400 1665 2434 sciebamus
1697 2401 1742 2435 de
1775 2401 1904 2436 multis

160 2458 409 2505 maximisque
434 2457 640 2503 miraculis,
660 2470 730 2492 1166
757 2462 836 2492 erat
852 2462 1050 2504 propterea
1074 2457 1176 2504 apud
1193 2470 1261 2491 nos
1279 2457 1452 2504 dubium,
1477 2459 1568 2505 quin
1588 2459 1626 2493 in
1653 2460 1903 2506 triumphanti

159 2516 330 2551 Ecclesia
353 2516 604 2562 triumpharet
627 2516 667 2550 in
694 2516 797 2551 caelo
823 2520 860 2551 et
887 2517 1166 2551 venerationem
1193 2521 1396 2551 mereretur
1421 2517 1457 2550 in
1486 2517 1603 2552 terris.

253 2575 272 2621 ξ
300 2575 353 2609 14.
381 2574 452 2610 Sed
485 2587 677 2622 memores,
705 2587 773 2610 nos
810 2575 974 2609 eundem
1007 2574 1197 2610 Minorum
1224 2574 1405 2609 Ordinem
1436 2588 1482 2609 cx
1509 2580 1597 2611 voto
1629 2576 1834 2623 ingressos,
1864 2578 1902 2612 in

159 2646 248 2680 quo,
276 2633 406 2667 divina
422 2634 619 2668 assistente
644 2634 781 2680 gratia,
809 2634 847 2668 in
866 2634 980 2668 sacris
997 2634 1134 2668 litteris
1151 2637 1189 2667 et
1205 2633 1392 2679 religiosis
1410 2634 1577 2669 moribus
1595 2638 1801 2681 utcumque
1819 2649 1902 2682 pro—

158 2691 318 2727 fecimus
352 2692 557 2738 eademque
583 2692 853 2727 ministeriatus
879 2692 1001 2727 officia
1026 2692 1275 2737 exercuimus,
1302 2696 1416 2738 atque
1442 2692 1530 2726 inde
1567 2693 1614 2727 ad
1649 2693 1902 2729 cardinalatus

158 2751 400 2796 dignitatem,
428 2751 482 2784 ita
506 2755 549 2784 ut
573 2763 639 2796 per
665 2751 881 2785 consimiles
906 2751 1045 2795 gradus
1070 2750 1117 2785 ad
1143 2750 1387 2796 pontificatus
1414 2751 1563 2785 culmen
1591 2751 1807 2787 sublevatos
1834 2765 1902 2787 nos

158 2808 288 2855 fuisse,
317 2809 541 2855 disponente
566 2808 747 2855 Domino,
775 2821 1062 2855 cognoscamus,
1082 2821 1149 2855 per
1175 2821 1268 2855 quos
1294 2809 1375 2855 ipse
1393 2809 1659 2844 Bonaventura
1684 2816 1836 2846 sanctus
1853 2812 1900 2845 ad

157 2867 427 2913 triumphantis
453 2866 1018 2902 Ecclesiae,immarcescibilem
1044 2868 1204 2914 gloriam
1223 2871 1376 2902 evectus
1401 2872 1471 2914 est,
1491 2880 1537 2902 ne
1563 2869 1609 2902 ad
1627 2869 1666 2903 id
1690 2869 1900 2904 videremur

156 2926 283 2972 potius
307 2925 507 2972 affectione
533 2926 829 2972 propria'quam
857 2926 984 2961 debita
1002 2926 1209 2960 >devotione
1235 2926 1395 2972 moveri,
1434 2939 1515 2960 eam
1541 2927 1784 2962 adhibuimus
1816 2928 1899 2962 dili-

341 2985 364 3008 S.
385 2986 470 3009 Bonan.
488 2998 519 3002 -
538 2986 603 3007 Toni.
622 2986 635 3007 1.
1769 2987 1805 3008 vu
