2253 3317
60 443 168 462 Conclusio.

810 128 891 156 DIST.
914 129 944 157 V.
966 129 1038 157 ART.
1060 129 1090 157 ll.
1112 130 1247 166 QUAEST.
1269 130 1299 158 11.
1871 137 1924 165 119

180 204 270 238 rium,
291 204 330 233 sic
351 207 451 232 natura
479 204 573 233 divina
594 205 638 233 vel
659 206 779 234 essentia
802 206 836 234 de
858 213 887 234 se
909 206 1023 243 quidem

180 250 420 279 communicabilis
447 253 500 285 est,
530 251 578 280 sed
608 252 682 288 quod
708 256 772 281 actu
793 252 1024 286 communicetur,

180 306 234 326 non
249 300 291 326 est
305 297 356 325 nisi
372 304 422 334 per
437 297 507 325 illud
519 298 593 334 quod
609 299 777 335 multiplicat
791 299 834 327 vel
846 298 988 336 plurificat
999 299 1022 327 ei

181 344 339 381 supposita;
355 344 423 372 haec
437 347 531 372 autem
546 347 588 373 est
600 345 741 381 generatio
751 346 769 373 ¹.

258 390 392 426 Quoniam
409 390 493 427 igitur
508 398 559 428 per
580 392 786 428 generationem
807 400 943 428 personae
964 392 1025 429 plu-

182 436 344 471 rificantur,
365 439 392 465 et
406 437 561 466 substantia
575 438 603 465 in
618 437 673 466 illis
688 446 741 465 non
762 441 938 473 numeratur,
959 439 1023 467 hinc

179 486 235 518 est,
257 484 332 520 quod
347 484 492 512 verissime
514 484 668 512 substantia
696 484 740 512 vel
770 484 889 513 essentia
909 493 960 522 per
981 493 1024 522 ge-

179 530 349 558 nerationem
378 530 616 564 communicatur,
645 531 711 567 quia
742 538 792 567 per
816 531 1023 567 generationem

180 576 222 610 fit,
236 578 268 604 ut
281 576 316 604 sit
330 584 386 604 una
401 577 428 604 in
443 576 580 613 pluribus.

260 624 283 650 l.
306 623 344 651 Ad
359 623 429 651 illud
452 623 527 660 quod
552 623 697 658 obiicitur,
722 624 797 661 quod
822 625 963 661 generatio
981 628 1023 653 est

18 690 21 691 .
59 675 129 694 suune
138 681 170 699 ομ
178 669 348 706 principium
363 670 571 706 distinguendi3
596 670 762 705 dicendum,
786 671 861 707 quod
881 672 1022 708 generati⁰

37 699 149 722 positorum.

179 723 230 753 per
244 724 273 744 se
287 719 329 744 est
343 716 511 753 principium
534 716 723 753 distinguendi
738 717 915 754 suppositum
929 726 945 746 a
960 726 1023 755 sup-

178 763 283 800 posito,
312 763 377 800 quia
402 763 438 791 ad
459 763 530 792 illud
554 764 722 792 terminatur
747 772 796 801 per
821 772 867 799 se;
882 765 965 793 etiam
980 768 1023 794 est

177 809 346 847 principium
362 810 586 842 communicandi
600 810 744 838 naturam²
756 819 941 846 communem,
956 812 1022 848 quia

178 855 298 884 similem
313 863 349 884 ex
365 855 458 884 simili.
473 856 526 884 Sed
541 856 672 893 quoniam
686 859 787 885 natura
801 857 828 885 in
843 857 1022 887 inferioribus

177 905 345 931 numeratur
360 903 387 931 in
401 903 561 939 suppositis,
586 903 648 931 ideo
672 906 714 932 est
738 904 906 941 principium
928 905 1023 934 distin-

177 949 281 985 guendi
295 949 378 978 etiam
404 957 560 984 commune,
575 950 623 978 sed
638 958 688 987 per
703 950 831 979 accidens
840 961 847 985 3
862 951 889 979 in
905 951 961 980 Deo
975 960 1022 980 au-

178 997 233 1023 tem
247 1003 298 1024 nec
313 999 355 1024 est
368 1004 419 1033 per
433 1004 461 1024 se
476 1004 527 1025 nec
541 1004 591 1033 per
605 996 742 1025 accidens.

256 1043 282 1070 2.
297 1042 336 1071 Ad
351 1042 422 1071 illud
436 1043 511 1079 quod
526 1043 664 1077 obiicitur,
679 1043 754 1080 quod
768 1043 860 1073 facere
874 1052 1022 1073 commune

176 1095 238 1117 esse
258 1089 286 1117 in
301 1089 353 1117 hoc
367 1092 409 1117 est
430 1089 501 1117 ratio
524 1089 741 1126 appropriandi3
766 1090 932 1125 dicendum,
946 1091 1021 1128 quod

176 1134 247 1163 illud
262 1135 347 1163 habet
364 1135 510 1164 veritatem
519 1158 526 1170 ,
551 1135 663 1172 quando
687 1143 835 1165 commune
859 1139 901 1165 est
924 1145 1023 1174 appro-

175 1181 293 1218 priabile
308 1181 352 1210 vel
377 1182 589 1219 appropriatum
603 1190 654 1219 per
668 1190 727 1210 esse
742 1182 773 1210 in
787 1182 846 1211 ltoc.
862 1183 961 1212 Divina
975 1192 1023 1212 au-

175 1231 231 1257 tem
256 1229 377 1257 essentia
400 1237 456 1258 non
480 1232 522 1258 est
546 1229 586 1258 sic
599 1230 830 1266 appropriabilis,
855 1230 899 1259 vel
924 1239 1022 1268 appro-

175 1275 266 1313 priata
281 1284 333 1313 per
354 1284 413 1304 esse
433 1276 465 1304 in
486 1274 548 1309 hoc,
573 1276 639 1312 quia
662 1284 717 1304 non
741 1279 783 1305 est
805 1277 1021 1314 appropriabilis

175 1322 268 1359 quoad
283 1322 469 1359 significatum
483 1329 534 1350 nec
548 1321 641 1358 quoad
665 1322 851 1359 suppositum,
866 1323 931 1359 quia
946 1323 1020 1352 idem

175 1368 312 1405 significat
322 1371 349 1397 et
360 1368 500 1406 supponit,
511 1369 583 1397 sicut
594 1376 681 1406 supra
694 1372 838 1398 ostensum
849 1372 891 1398 est
900 1369 925 1404 ⁸;
940 1370 1021 1407 signi-

1082 206 1193 235 ficatum
1209 210 1304 235 autem
1318 208 1378 237 eius
1393 209 1470 237 nulla
1484 211 1625 240 additione
1639 212 1829 249 distinguitur.
1855 213 1924 242 Haec

1081 253 1154 281 enim
1169 256 1211 281 est
1225 261 1306 281 vera:
1332 255 1451 283 essentia
1465 257 1552 285 Patris
1567 260 1593 285 et
1608 259 1739 293 essentia,
1754 267 1825 296 quae
1840 263 1882 288 est
1897 261 1924 289 in

1082 299 1175 333 Patre,
1190 302 1232 328 est
1246 299 1337 328 Filius.

1159 346 1207 374 Vel
1228 346 1309 374 aliter
1329 350 1420 383 potest
1441 348 1510 382 dici,
1532 350 1605 386 quod
1629 351 1720 380 facere
1741 361 1800 381 esse
1820 354 1851 381 in
1873 353 1925 382 hoc
1938 360 2065 379 A¹ias01uti0=

1080 394 1122 420 est
1143 392 1307 429 dupliciter:
1329 396 1378 421 aut
1398 394 1541 428 absolute,
1563 399 1589 424 et
1611 397 1649 426 sic
1673 401 1715 426 est
1735 400 1806 428 ratio
1827 408 1925 437 appro-

1080 439 1206 475 priandi;
1227 442 1275 467 aut
1296 439 1327 467 in
1348 441 1581 477 comparatione,
1603 446 1635 471 ut
1659 444 1730 473 illud
1760 446 1835 482 quod
1864 450 1924 475 erat

1080 485 1158 521 prius
1180 485 1207 513 in
1228 494 1294 520 uno,
1320 486 1369 514 fiat
1396 489 1490 523 postea
1520 488 1546 516 in
1574 488 1648 523 alio;
1673 494 1699 519 et
1727 491 1765 520 sic
1792 495 1833 520 est
1854 494 1924 521 ratio

1079 532 1303 561 communicandi
1332 535 1470 561 naturam.
1496 534 1549 562 Sed
1577 536 1714 572 quaedam
1746 541 1847 567 natura
1873 542 1924 574 est,

1079 585 1150 614 quae
1176 578 1357 615 distinguitur
1369 579 1377 593 ⁴
1397 579 1425 607 in
1447 581 1606 617 suppositis,
1626 585 1658 610 ut
1681 586 1749 619 puta
1769 584 1816 612 illa
1834 585 1878 613 cui
1894 586 1924 614 fit

1079 624 1192 658 additio,
1207 625 1345 661 quaedam
1360 634 1424 662 non,
1436 629 1467 654 ut
1481 627 1575 655 divina
1581 639 1588 662 ;
1603 631 1629 656 et
1644 629 1671 657 in
1693 630 1784 666 prima
1799 634 1840 659 est
1854 633 1924 660 ratio

1079 671 1302 700 communicandi
1317 675 1344 700 et
1358 672 1562 709 distinguendi,
1584 674 1611 702 in
1627 675 1721 704 divina
1742 676 1832 705 solum
1854 686 1926 707 com-

1078 717 1249 746 municandi.

1158 764 1183 792 3.
1205 764 1244 793 Ad
1266 765 1336 793 illud
1362 766 1437 802 quod
1457 766 1596 802 obiicitur,
1618 768 1702 804 quod,
1730 769 1754 797 si
1775 778 1825 806 per
1846 779 1926 807 gene-

1080 811 1215 839 rationem
1236 813 1467 848 communicatur,
1488 814 1629 850 generatio
1657 815 1841 844 substantiam
1861 817 1926 846 facit

1079 859 1288 892 communem⁵3
1308 858 1467 895 dicendum,
1483 861 1557 897 quod
1579 868 1678 890 verum
1700 866 1749 897 est,
1768 864 1924 892 secundum

1079 904 1153 940 quod
1176 912 1324 934 commune
1344 906 1451 935 ‘dicitur
1478 908 1639 936 seeundum
1660 912 1776 943 actum,
1803 910 1869 947 quia
1897 911 1925 939 in

1080 950 1224 987 pluribus,
1246 952 1295 980 sed
1315 960 1370 980 non
1391 954 1552 982 secundum
1576 955 1745 991 potentiam.
1774 957 1850 985 Unde
1875 957 1926 985 cir-

1079 998 1248 1035 cumscripta
1279 999 1468 1036 generatione.
1497 1001 1652 1030 substantia
1679 1004 1721 1031 est
1752 1004 1924 1038 communis,

1078 1043 1144 1080 quia
1164 1045 1417 1074 communicabilis
1424 1057 1435 1080 ;
1455 1047 1504 1075 sed
1530 1055 1585 1075 non
1606 1051 1648 1077 est
1672 1049 1837 1084 communis,
1859 1050 1925 1086 quia

1078 1091 1303 1120 communicata.

1155 1138 1182 1166 lt.
1203 1138 1241 1166 Ad
1257 1138 1328 1167 illud
1349 1140 1424 1176 quod
1439 1140 1580 1175 obiicitur,
1602 1141 1675 1178 quod
1692 1142 1762 1171 illud
1784 1143 1859 1180 quod
1873 1151 1924 1180 per

1078 1185 1284 1221 generationem
1305 1186 1398 1221 datur,
1413 1190 1576 1223 generatum
1597 1188 1760 1224 dicendum,
1781 1190 1857 1227 quod
1877 1191 1925 1219 fal-

1077 1239 1141 1259 sum
1161 1235 1215 1260 est:
1231 1232 1297 1269 quia
1315 1234 1457 1270 yenerari
1470 1234 1536 1263 dicit
1554 1235 1767 1272 productionem
1782 1239 1809 1265 et
1830 1237 1925 1266 distin-

1077 1278 1206 1313 ctionem,
1226 1279 1275 1307 sed
1296 1279 1397 1308 εἰαῑὶο6
1418 1280 1485 1309 dicit
1505 1282 1700 1311 auctoritatem
1724 1286 1751 1311 et
1771 1284 1924 1312 communi-

1077 1324 1228 1359 cationem3
1253 1328 1280 1354 et
1304 1327 1436 1363 quoniam
1460 1335 1511 1364 per
1538 1330 1744 1365 generationem
1768 1330 1924 1360 substantia

1076 1379 1131 1399 non
1152 1371 1343 1409 distinguitur,
1363 1375 1493 1410 quamvis
1513 1376 1750 1405 communicetur:
1771 1385 1838 1414 ergo
1852 1380 1903 1407 etc.

917 1491 1178 1528 SOHOLION.

237 1610 252 1633 1.
270 1611 330 1633 Scot.
349 1611 396 1638 (hic
412 1617 435 1639 q.
454 1611 485 1638 2.)
503 1610 621 1639 observat,
642 1610 705 1640 quod
730 1611 793 1634 aliud
815 1614 849 1634 est
870 1612 957 1641 aliquid
979 1619 1022 1641 per

175 1649 348 1675 generationem
365 1648 555 1676 communicare,
574 1649 635 1671 aliud
658 1656 700 1677 per
716 1650 815 1672 eandem
832 1651 919 1679 aliquid
934 1651 1022 1681 produ-

176 1691 242 1709 cere:
260 1686 383 1714 productio
400 1687 463 1709 emm
479 1687 546 1709 insert
562 1688 647 1710 realem
670 1688 839 1711 distinctionem
855 1689 914 1711 inter
934 1689 1023 1717 produ-

176 1728 266 1748 centem
283 1729 305 1748 et
322 1726 475 1755 productum,
494 1732 539 1749 non
556 1733 613 1749 vero
630 1729 816 1750 communicatio
834 1728 936 1750 Essentia
952 1729 1024 1756 igitur

175 1765 254 1787 divina
272 1771 314 1787 nec
331 1769 455 1793 generatur
473 1772 514 1788 nec
531 1766 667 1794 producitur
691 1773 733 1789 nec
750 1767 927 1795 multiplicatur,
945 1770 1022 1790 tamen

176 1804 305 1827 secundum
334 1811 414 1827 omnes
436 1806 556 1834 theologos
578 1805 776 1829 communicatur.
803 1807 926 1829 Terminus
948 1807 1022 1829 totalis

179 1844 332 1871 generationis
349 1844 371 1865 in
389 1844 437 1866 Deo
454 1846 488 1866 est
504 1844 590 1872 Filius,
608 1847 630 1866 et
647 1844 725 1866 relatio
746 1845 805 1866 inter
829 1848 978 1873 generantem
1001 1849 1024 1868 et

175 1885 311 1910 generatum
328 1885 363 1905 est
379 1883 446 1905 realis
463 1889 517 1905 cum
534 1883 589 1905 reali
607 1883 760 1905 distinctione.
778 1883 824 1906 Sed
841 1885 899 1906 inter
920 1890 1023 1907 commu-

1078 1613 1192 1635 nicantem
1210 1616 1233 1635 et
1248 1614 1460 1642 communicatum,
1478 1614 1541 1643 quod
1558 1618 1593 1638 est
1608 1617 1706 1638 essentia
1722 1616 1809 1645 divina,
1827 1623 1872 1639 non
1889 1620 1923 1640 est

1078 1652 1145 1674 realis
1162 1653 1255 1681 relatio,
1273 1658 1315 1675 neo
1332 1653 1375 1674 alia
1392 1653 1508 1676 distinctio
1525 1654 1568 1676 nisi
1590 1654 1720 1677 secundum
1742 1656 1862 1678 rationem.
1879 1655 1923 1678 Csr.

1078 1691 1136 1713 intra
1154 1691 1176 1713 d.
1195 1692 1231 1714 19.
1250 1698 1272 1719 p.
1289 1691 1313 1713 ll.
1331 1698 1353 1720 q.
1372 1692 1393 1713 2.
1409 1692 1432 1714 in
1449 1698 1513 1720 corp.
1531 1695 1553 1714 et
1570 1692 1599 1714 ad
1617 1694 1643 1721 2,
1660 1695 1683 1715 et
1699 1693 1721 1715 d.
1740 1693 1776 1716 34.
1789 1701 1811 1723 q.
1824 1695 1844 1717 2.
1857 1695 1886 1717 ad
1898 1694 1921 1723 7,

1078 1732 1100 1751 et
1116 1729 1171 1751 ibid.
1189 1736 1211 1758 q.
1230 1730 1250 1752 rl.

1140 1768 1163 1790 ll.
1181 1768 1240 1790 lnter
1257 1769 1364 1797 antiquos
1375 1769 1528 1792 scholasticos
1545 1775 1591 1791 non
1608 1771 1753 1799 invenimus,
1766 1772 1805 1800 qui
1816 1772 1922 1799 explicite

1079 1807 1138 1829 hanc
1154 1808 1312 1835 quaestionem
1325 1810 1431 1836 tractent,
1444 1811 1535 1836 praeter
1552 1809 1576 1831 B.
1591 1809 1684 1837 Albert.,
1697 1811 1733 1832 bic
1745 1817 1764 1832 a.
1779 1811 1798 1833 l.
1810 1823 1842 1827 —
1852 1811 1922 1833 chr.

1078 1845 1166 1874 Gand.,
1185 1847 1207 1868 S.
1225 1852 1244 1868 a.
1263 1847 1300 1868 60.
1318 1853 1340 1875 q.
1355 1847 1374 1869 l.
1388 1854 1408 1869 n.
1422 1848 1459 1870 57.
1471 1850 1493 1870 et
1509 1854 1574 1877 seqq.
1585 1860 1617 1865 —
1627 1849 1685 1871 Petr.
1698 1849 1830 1878 Aureolum,
1843 1851 1880 1872 hie
1897 1857 1919 1879 q.

1079 1885 1100 1906 5.
1117 1897 1149 1901 —
1164 1885 1219 1907 Eam
1237 1887 1309 1914 tangit
1326 1886 1396 1915 scot„
1414 1887 1457 1909 hic.
1475 1894 1496 1916 q.
1515 1888 1535 1909 2.

757 1992 855 2021 DUBIA
876 1992 969 2021 CIRCA
991 1993 1155 2022 LITTERAM
1177 1994 1338 2023 MAGISTRI.

542 2109 611 2137 Dim.
632 2109 650 2136 l.

252 2201 281 2229 In
303 2204 382 2238 parte
403 2201 456 2230 ista
481 2201 607 2230 incidunt
636 2202 823 2231 dubitationes
844 2203 919 2231 circa
949 2203 1018 2232 litte-

173 2255 251 2282 ram,
272 2250 300 2276 et
322 2248 414 2284 prima
435 2248 571 2276 dubitatio
592 2251 634 2277 est
654 2248 688 2277 de
709 2248 865 2277 rationibus
886 2249 1016 2286 Magistri.

174 2294 242 2322 Nam
260 2294 364 2331 prima
386 2295 446 2323 eius
467 2295 539 2323 ratio
566 2294 644 2323 ducit
671 2295 707 2323 ad
728 2295 781 2323 hoc
804 2295 1017 2331 inconveniens,

174 2340 280 2369 scilicet
300 2341 390 2378 quod,
406 2341 427 2369 si
444 2341 564 2369 essentia
585 2344 768 2377 generaretur
780 2349 797 2369 a
811 2341 906 2376 Patre,
928 2350 1019 2371 essen-

174 2387 212 2415 tia
239 2390 392 2424 poneretur
422 2395 474 2424 pro
505 2387 638 2422 relativo3
658 2391 685 2416 et
705 2387 774 2416 haec
804 2388 876 2417 ratio
904 2390 1018 2426 ponitur

172 2433 226 2462 ibi:
249 2434 315 2462 Ideo
336 2442 394 2462 non
424 2437 466 2462 est
495 2434 667 2468 dicendum,
700 2435 777 2472 quod
806 2435 898 2463 Pater
916 2436 1019 2473 yenuit

1073 2109 1206 2138 divinam
1228 2111 1390 2139 essentiam.
1413 2112 1467 2140 Sed
1488 2112 1541 2141 hoc
1563 2112 1674 2141 nullum
1696 2113 1808 2143 videtur
1829 2115 1921 2144 incon-

1074 2158 1196 2186 veniens.
1218 2158 1245 2185 Si
1267 2158 1341 2186 enim
1362 2159 1452 2196 magis
1478 2160 1609 2188 convenit
1629 2161 1749 2189 essentia
1770 2170 1834 2190 cum
1856 2170 1920 2199 sup-

1073 2204 1172 2240 posito,
1193 2212 1279 2241 quam
1310 2205 1470 2234 universale
1492 2214 1556 2234 cum
1579 2206 1729 2243 singulari3
1751 2208 1774 2236 si
1802 2216 1857 2237 non
1878 2212 1920 2238 est

1073 2250 1285 2286 inconveniens,
1306 2252 1382 2289 quod
1403 2253 1562 2281 universale
1590 2256 1711 2290 ponatur
1724 2254 1732 2267 ⁷
1755 2263 1807 2291 pro
1827 2256 1920 2293 singu-

1074 2297 1139 2331 lari,
1154 2305 1204 2326 nec
1219 2301 1261 2326 est
1275 2299 1487 2334 inconveniens,
1509 2300 1584 2336 quod
1599 2300 1718 2329 essentia
1731 2305 1852 2338 ponatur
1866 2311 1918 2339 pro

1074 2343 1199 2372 relativo.

1152 2391 1327 2420 Responnsso:
1350 2392 1521 2427 Dicendum,
1543 2393 1619 2430 quod
1646 2394 1669 2422 si
1693 2394 1817 2423 essentia
1838 2402 1920 2432 pone-

1074 2440 1152 2466 retur
1173 2446 1225 2475 pro
1246 2438 1375 2473 relativo,
1398 2442 1470 2468 esset
1491 2439 1703 2475 inconveniens,
1725 2449 1781 2469 non
1802 2449 1818 2469 a
1838 2444 1918 2478 parte

236 2572 244 2587 ¹
262 2573 318 2596 Cod.
336 2573 354 2596 Ο
372 2573 434 2596 addit
451 2575 473 2596 et
484 2574 613 2603 processio.

236 2612 246 2626 ²
263 2612 292 2634 Ex
310 2613 477 2641 antiquioribus
494 2619 549 2636 mss.
566 2614 692 2636 adiecimus
714 2614 800 2643 etiam,
820 2616 878 2638 sicut
902 2618 924 2638 et
948 2617 1017 2644 paulo

174 2650 231 2672 infra
249 2651 294 2673 fide
311 2657 366 2673 mss.
384 2655 406 2674 et
422 2652 457 2674 ed.
476 2653 484 2674 ¹l
506 2652 607 2675 similem
622 2653 782 2676 substituimus
799 2655 849 2677 loco
864 2654 1017 2678 consimilem.

235 2689 245 2704 ³
262 2690 302 2713 Hie
319 2697 340 2712 a.
359 2691 379 2712 t.
396 2697 418 2719 q.
437 2692 457 2713 t.
476 2691 505 2713 ad
522 2692 543 2713 2.

236 2728 245 2743 ⁴
262 2729 312 2751 Vat.
331 2729 460 2758 dividitur,
478 2730 519 2752 sed
542 2730 629 2759 absque
651 2732 783 2754 auctoritate
807 2738 862 2754 mss.
888 2735 911 2755 et
934 2732 970 2755 ed.
997 2733 1017 2755 sl.

174 2767 243 2790 Paulo
261 2771 313 2795 post
331 2768 382 2791 cod.
400 2769 407 2790 Ι
424 2768 542 2798 quaedam
559 2775 619 2798 quae
635 2776 683 2792 non
705 2770 860 2800 distinquitur
876 2771 926 2793 loeo
951 2777 1018 2801 quae-

172 2805 230 2829 dam
246 2813 301 2835 non,
321 2810 343 2830 et
360 2814 412 2830 mox
430 2808 481 2830 eod.
500 2808 529 2830 W
546 2811 598 2836 post
615 2808 693 2831 solum
709 2811 791 2837 repetit
806 2809 875 2833 ratio.

236 2845 246 2860 ⁵
262 2846 291 2868 lta
304 2846 368 2869 multi
381 2846 447 2869 codd.
460 2849 484 2869 ut
495 2846 699 2870 CLOSVWXY
711 2850 753 2870 etc.
766 2855 819 2871 cum
831 2849 867 2871 ed.
881 2850 902 2877 fl,
914 2850 950 2871 alii
962 2856 1018 2872 vero

174 2886 199 2905 ut
210 2883 300 2905 AFGH
308 2884 314 2905 l
322 2885 340 2906 T
351 2885 367 2906 Z
379 2887 420 2907 etc.
433 2885 496 2915 quod
506 2885 527 2908 si
537 2885 656 2915 ¹ueneratio
674 2887 832 2910 communicat
847 2886 1017 2918 substantiam,

1072 2577 1132 2606 facit
1146 2584 1303 2601 communem.
1321 2579 1372 2601 Vat.
1390 2579 1582 2602 communicatur
1603 2579 1749 2608 substantia,
1765 2580 1794 2610 fit
1813 2587 1859 2610 per
1882 2588 1918 2611 ye-

1074 2617 1222 2640 ner-ationem
1239 2618 1371 2641 communis
1388 2617 1528 2641 substantia.

1137 2656 1147 2671 ⁶
1164 2656 1271 2678 Mendum
1289 2657 1340 2679 Vat.
1357 2657 1419 2680 ratio
1443 2664 1487 2686 pro
1511 2657 1574 2681 datio
1597 2665 1623 2681 ex
1648 2665 1703 2682 mss.
1728 2661 1869 2683 correximus
1896 2664 1918 2684 et

1074 2695 1143 2722 paulo
1160 2695 1218 2716 intra
1235 2695 1280 2717 fide
1298 2695 1365 2718 codd.
1383 2696 1586 2725 BDFHIPQTY
1603 2698 1652 2720 loco
1677 2698 1734 2727 quia
1758 2698 1917 2721 substituimus

1074 2734 1095 2756 et
1112 2733 1238 2763 quoniam,
1259 2734 1311 2756 licet
1327 2735 1363 2756 alii
1380 2736 1466 2764 antiqui
1483 2735 1551 2758 codd.
1577 2738 1602 2758 ut
1625 2736 1825 2759 AEGKSWXZ
1851 2744 1877 2759 ee
1901 2737 1920 2759 ff

1075 2779 1128 2794 cum
1145 2772 1181 2795 ed.
1201 2773 1208 2794 4
1231 2773 1306 2795 solum
1322 2773 1422 2796 habeant
1438 2773 1566 2803 quoniam,
1586 2775 1627 2797 sed
1643 2776 1720 2797 minus
1736 2775 1802 2798 bene.

1137 2811 1147 2826 ⁷
1164 2812 1215 2833 Vat.
1233 2818 1286 2834 cum
1303 2812 1355 2834 eod.
1373 2819 1398 2835 cc
1415 2818 1470 2836 cum
1486 2813 1623 2836 universale
1641 2814 1756 2843 ponitur,
1775 2815 1815 2837 sed
1840 2815 1916 2837 minus

1075 2850 1133 2872 bene
1150 2852 1171 2872 et
1189 2853 1266 2872 contra
1284 2851 1339 2873 allos
1356 2851 1439 2880 codd.,
1457 2858 1557 2880 quorum
1575 2855 1650 2875 tamen
1667 2854 1743 2882 aliqui,
1761 2855 1846 2876 retenta
1863 2859 1916 2882 par-

1076 2889 1143 2911 ticula
1161 2888 1231 2918 quod,
1250 2889 1330 2917 legunt
1344 2890 1442 2920 ponitur
1458 2891 1508 2914 loco
1520 2892 1634 2920 ponatur.
