2253 3317
336 153 424 183 txxx

334 234 502 261 discrepantem
527 231 677 261 praeberent,
703 237 762 260 qnae
789 231 864 258 primo
881 233 975 258 aspectu
1002 229 1064 256 salsa,
1081 229 1117 251 vel
1136 234 1180 251 non

336 279 488 308 intelligibilis,
509 280 545 301 vel
563 279 643 301 saltem
669 284 680 300 a
706 278 784 299 Latino
802 282 909 299 sermone
930 275 1057 298 abhorrens
1082 279 1104 298 et
1130 275 1184 297 ideo*

335 326 455 349 reiieienda
473 325 540 348 nobis
558 324 686 347 ridebatur.
699 324 745 346 Sed
756 324 897 346 accuratiore
909 323 1056 352 inquisitione
1073 322 1181 350 instituta,

335 374 453 401 apparuit,
471 372 578 395 codicum
595 371 715 394 lectionem
728 376 778 392 esse
792 371 916 398 genuinam
928 373 997 398 atque
1009 369 1100 397 penitus
1111 368 1182 396 expli-

335 429 353 442 c.
363 421 380 442 ri
397 420 499 442 simulet
516 418 609 447 probari
627 424 670 440 usu
688 416 796 446 loquendi
810 416 845 439 illa
857 418 930 438 aetate
948 416 969 438 in
987 415 1072 438 scholis
1089 415 1178 437 usitato.

336 467 357 487 tn
375 466 475 494 atitiqtit's
490 465 551 487 enim
568 463 715 486 versionibus
731 468 829 491 operum
847 462 979 490 Aristotelis
996 462 1046 483 sive
1058 467 1069 483 a
1088 461 1182 483 Boethio

335 513 463 535 secundum
489 515 573 534 textum
595 512 722 540 Graecum,
748 511 797 533 sive
814 509 843 532 ab
869 510 918 532 aliis
941 509 1070 533 secundum
1096 512 1182 532 textum

337 560 459 583 Arabicum
477 560 554 588 tactis,
568 560 589 581 in
601 559 777 582 Commentariis
794 558 902 580 Averrois
918 557 955 579 vel
972 557 1102 579 ⁴&vicennae
1115 556 1182 578 simili

336 608 442 630 latinitate
458 607 587 635 expressis,
605 607 626 628 in
644 605 771 628 Summulis
788 605 979 634 philosophorum
1005 603 1041 626 vel
1067 603 1183 631 theologo·

337 660 388 676 rum
405 654 534 676 coaetaneis
551 653 582 677 (v.
601 659 623 681 g.
642 652 699 675 Petri
715 652 819 680 Hispani)
837 652 968 674 invenimus
979 650 1074 673 easdem
1091 649 1182 672 dicendi

336 701 446 723 toi-mulas
470 706 539 728 saepe
564 699 690 727 barbaras,
716 700 815 728 quaein
833 698 929 721 saeculis
946 696 1143 726 subsequentibus
1160 697 1182 719 in

336 748 419 770 st-tiotis
435 747 573 776 frequentari
591 749 716 769 cessarunt.
734 746 791 768 Hinc
808 746 829 767 in
847 744 976 768 iunioribus
996 743 1123 771 codicibus,
1142 742 1182 765 sed

336 796 460 823 praecipue
482 795 504 817 in
529 793 676 822 editionibus,
699 799 743 815 non
762 798 814 815 raro
838 798 978 820 suppressae
1004 793 1057 813 sunt
1073 794 1182 819 tanquam

335 842 462 870 obsoletae,
475 842 547 864 immo
558 841 653 863 vitiosae
665 844 686 862 et
698 839 820 868 absurdae,
833 841 857 861 ut
866 839 951 861 scilieet
960 839 1002 860 hac
1012 838 1099 860 ratione
1111 839 1184 859 textus

335 898 346 912 a
365 890 425 912 vitiis
442 888 535 911 infinitis
551 890 696 918 purgaretur.
715 887 850 914 Exemplum
867 885 941 908 videri
958 888 1033 913 potest
1057 883 1185 906 benevolus

337 937 405 959 tector
422 936 444 958 in
462 936 506 958 hoe
523 936 537 957 l.
560 938 623 957 tomo
640 940 662 962 p.
685 934 718 961 l3,
742 936 793 955 nota
810 933 832 955 7.
849 935 871 955 et
889 939 911 961 p.
929 931 982 960 357,
1001 936 1053 954 nota
1071 931 1097 958 8,
1115 931 1184 959 (quae

337 983 433 1006 retertur
449 982 477 1005 ad
496 983 570 1010 prima
587 981 659 1004 verba
678 981 775 1009 paginae
792 979 926 1009 sequentis).
944 979 989 1001 Nos
1005 981 1082 1001 autem
1105 978 1186 1006 primi-

337 1031 406 1052 tivam
424 1030 531 1052 codicum
549 1029 677 1056 lectionem,
696 1028 747 1050 licet
763 1028 840 1050 minus
853 1027 957 1049 usitatam
970 1029 992 1048 et
1003 1025 1139 1053 elegantem,
1154 1030 1186 1047 re-

338 1077 453 1099 stituimus
469 1080 491 1098 et
508 1075 612 1098 eiusdem
630 1075 805 1102 explicationem
822 1073 851 1096 ad
868 1073 955 1095 calcem
967 1072 1117 1095 subiecimus.
1135 1072 1186 1094 lure

340 1125 453 1146 affirmare
472 1128 609 1151 possumus,
628 1122 682 1144 nihil
700 1127 741 1144 nos
758 1121 779 1143 in
798 1123 857 1143 textu
877 1120 899 1142 S.
917 1120 1021 1142 Dos-toris
1038 1120 1133 1148 proprio
1150 1125 1183 1142 ar-

341 1172 407 1193 bitrio
432 1174 540 1198 mutasse,
557 1169 597 1192 sed
615 1169 691 1192 omnia
709 1169 737 1191 ad
757 1173 861 1191 normam
879 1167 986 1190 codicum
1008 1170 1030 1189 et
1046 1166 1185 1195 editionum,

339 1218 445 1240 adhibitis
467 1218 558 1240 criticae
580 1217 633 1240 artis
658 1216 759 1244 regulis,
776 1216 864 1238 sincere
882 1214 1051 1242 atmoderate,
1074 1217 1185 1243 quantum

340 1266 400 1287 nous
417 1264 519 1292 dederit,
537 1264 648 1291 exegisse.

402 1312 424 1334 ln
449 1310 597 1334 recensendis
622 1309 758 1339 lectionibus
783 1308 925 1331 varianzibus
950 1314 996 1330 uon
1023 1307 1187 1336 adoptavimus

339 1363 446 1387 systema,
459 1358 584 1380 novissime
601 1356 764 1384 introductum,
777 1355 878 1384 ponendi
890 1361 960 1384 quarn
973 1355 1085 1383 plurimas
1097 1354 1187 1376 varian-

340 1412 373 1429 tes
390 1406 498 1428 lectiones
514 1405 682 1432 cuiuscumque
701 1403 785 1425 valoris
802 1402 831 1425 ad
849 1402 946 1430 calcem,
965 1403 994 1424 ita
1007 1405 1031 1424 ut
1048 1402 1125 1424 lectori
1144 1402 1186 1430 ipsi

341 1454 482 1482 relinquatur
509 1457 575 1480 onus,
604 1450 703 1479 eligendi
727 1450 770 1473 sibi
802 1457 841 1473 eas
859 1442 921 1479 quae
944 1450 1040 1478 placent.
1067 1449 1183 1479 Quidquid

340 1501 367 1522 sit
384 1499 413 1521 de
431 1498 524 1521 utilitate
541 1498 610 1520 huius
627 1496 729 1519 methodi
746 1497 768 1518 in
786 1495 850 1518 libris
867 1495 896 1518 ad
914 1496 1032 1518 historiam
1054 1499 1077 1518 et
1093 1496 1187 1524 philolo-

339 1548 401 1575 giam
420 1544 601 1574 pertinentibus,
619 1550 664 1566 non
681 1549 754 1571 pauca
772 1546 833 1565 certe
844 1542 997 1569 adversantur
1014 1543 1065 1565 usui
1082 1542 1187 1565 eiusdem

341 1595 361 1615 iu
378 1592 475 1616 edendis
491 1591 602 1620 operibus
623 1591 645 1613 S.
667 1590 848 1613 Bonaventurae.
871 1590 1036 1613 Consuluimus
1056 1590 1085 1613 de
1103 1591 1145 1613 hac
1163 1597 1188 1613 re

342 1641 453 1668 plurimos
469 1640 491 1661 in
516 1642 568 1662 arte
590 1639 665 1661 critica
691 1638 793 1661 eruditos
815 1639 878 1660 viros
895 1638 976 1666 ltaliae,
994 1638 1077 1660 Galliae
1095 1641 1117 1660 et
1135 1638 1188 1661 Get·-

342 1689 442 1715 maniae‚
460 1693 559 1716 quorum
578 1686 672 1710 consilio
688 1687 808 1715 antiquum
826 1688 927 1713 systema
944 1685 1060 1708 editorum
1078 1686 1188 1708 Maurino—

342 1741 392 1758 rum
411 1734 583 1764 insubstantia
609 1734 757 1761 retinuimus,
776 1732 876 1755 notando
901 1736 977 1755 tamen
1001 1732 1094 1761 plures,
1117 1739 1188 1762 quam

342 1783 384 1810 ipsi
401 1782 480 1810 solent,
499 1782 613 1804 variantes
630 1780 749 1809 lectiones,
767 1780 809 1802 sed
825 1779 904 1802 verbis
920 1779 1075 1809 brevissimis,
1088 1783 1110 1803 et
1121 1781 1189 1803 ratio-

342 1836 393 1852 nem
419 1830 487 1852 etiam
513 1831 603 1852 nostrae
620 1829 736 1851 electionis
754 1828 775 1850 in
794 1827 849 1850 locis
866 1828 960 1850 maioris
977 1828 1086 1850 momenti
1108 1828 1188 1851 saltem

342 1876 471 1899 indicando.

404 1923 555 1945 Nihilominus
573 1928 625 1944 eum
643 1921 751 1944 standum
768 1924 829 1943 esset
844 1921 972 1943 auctoritati
989 1920 1110 1948 codicum.
1129 1921 1189 1944 lucu-

343 1971 413 1992 lenter
430 1970 548 1998 apparuit,
567 1971 598 1991 tot
615 1969 752 1991 mutationes
776 1967 837 1996 (licet
853 1973 922 1996 saepe
939 1967 1017 1996 quoad
1034 1974 1128 1990 sensum
1146 1969 1191 1990 sint

343 2017 437 2038 minoris
455 2016 574 2044 momenti)
598 2016 620 2038 in
646 2018 706 2038 textu
730 2021 782 2037 esse
807 2015 925 2037 faciendas
941 2018 1010 2044 atque
1028 2019 1059 2038 tot
1075 2016 1190 2038 variantes

342 2064 372 2086 ad
389 2064 475 2086 calcem
493 2063 624 2091 ponendas,
642 2067 667 2085 ut
684 2065 790 2085 notarum
808 2063 934 2091 frequentia
952 2063 1054 2091 legentes
1071 2063 1146 2085 taedio
1158 2063 1190 2085 at*—

343 2111 410 2133 ticere
427 2113 495 2139 atque
512 2110 583 2132 nimio
600 2115 697 2131 numero
709 2110 828 2137 signorum
841 2110 862 2131 in
881 2112 941 2131 textu
959 2112 1024 2131 notas
1040 2109 1189 2132 indicantium

343 2157 422 2179 oeulos
446 2156 574 2179 eorundem
599 2155 715 2178 offendere
741 2155 898 2178 debueritnus.
922 2155 949 2178 Ut
966 2156 1001 2177 his
1025 2156 1091 2178 malis
1112 2156 1189 2185 aliquo

344 2203 413 2227 modo
431 2204 559 2227 remedium
585 2209 732 2232 pararemus,
749 2202 828 2232 primo
850 2202 928 2230 plures
945 2205 1010 2225 notas
1026 2203 1122 2232 criticas,
1140 2209 1190 2231 spe-

343 2255 429 2274 ctantes
454 2250 484 2273 ad
509 2251 587 2279 plures
609 2250 680 2272 lineas
701 2249 845 2278 aliquatenus
867 2250 925 2272 inter
946 2255 971 2272 se
994 2255 1122 2278 connexas,
1145 2250 1190 2273 sub

311 2300 318 2307 “
344 2304 390 2320 uno
407 2297 537 2326 eodemque
554 2303 651 2319 numero
676 2297 852 2324 coniunximus,
870 2297 898 2318 ita
917 2299 992 2319 tainen
1004 2315 1009 2325 ,
1034 2301 1059 2320 ut
1084 2297 1190 2320 divorsae

344 2344 451 2366 lectiones
467 2344 516 2365 sine
533 2342 665 2365 difficultate
682 2343 778 2364 inveniri
796 2343 890 2370 possint.

406 2389 528 2418 Secundo,
548 2396 602 2412 eum
620 2390 641 2412 in
668 2389 788 2412 codicibus
813 2389 926 2417 plurimae
951 2390 1059 2412 lectiones
1076 2390 1191 2412 variantes

345 2438 489 2460 inveniantur
506 2437 527 2459 in
545 2439 631 2459 textum
649 2435 807 2464 recipiendae,
825 2442 885 2465 quae
902 2437 997 2459 niinoris
1014 2439 1068 2459 sunt
1079 2438 1190 2459 momenti

345 2489 364 2506 et
378 2485 424 2507 iere
435 2484 596 2512 indifferentes,
608 2487 677 2512 atque
689 2489 735 2512 quo
752 2484 827 2511 magis
839 2486 892 2505 sunt
904 2484 1004 2506 minutae
1013 2489 1041 2506 eo
1053 2484 1192 2513 frequentio-

346 2539 381 2554 res
393 2534 526 2559 occurrunt,
544 2536 743 2559 supervacaneum
755 2534 777 2553 et
794 2531 871 2553 lectori
883 2531 1005 2553 molestum
1017 2531 1093 2553 visum
1105 2534 1150 2559 est,
1162 2531 1191 2554 de

345 2581 378 2601 tis
395 2582 417 2601 et
442 2579 470 2601 de
493 2579 618 2601 mutatione
642 2578 663 2600 in
682 2581 742 2600 textu
760 2578 816 2600 tacta
835 2584 928 2606 semper
945 2578 1086 2600 mentionem
1110 2578 1191 2600 facere.

346 2626 482 2649 Uniusmodi
512 2630 565 2648 sunt
593 2626 790 2655 frequentissimae
822 2624 1016 2654 transpositiones
1050 2624 1175 2647 verborum
1186 2643 1192 2653 ‚

346 2672 439 2701 quando
457 2673 552 2694 minime
568 2677 662 2694 sensum
679 2672 805 2699 attingunt3
824 2672 877 2693 item
896 2670 1043 2701 repetitiones
1064 2671 1192 2694 earundem

348 2719 510 2746 particularum
528 2720 561 2746 et,
582 2718 628 2746 cet,
647 2717 695 2741 sice
716 2721 758 2740 etc.
780 2720 803 2740 et
824 2717 889 2740 verbi
907 2719 942 2741 est
958 2718 993 2740 vel
1011 2718 1069 2740 sunt
1084 2718 1106 2739 in
1124 2718 1192 2745 loc-is,

349 2766 386 2787 ubi
405 2765 469 2787 facile
485 2765 587 2793 suppleri
611 2768 719 2793 possunt,
743 2771 764 2787 ν.
789 2771 811 2793 g.
835 2767 886 2793 post
902 2764 1047 2793 notandum,
1066 2763 1193 2793 1111131119ιή-

348 2812 417 2840 (lum,
431 2811 571 2840 ‹licendum-
583 2813 635 2835 item
647 2811 781 2835 substitutio
798 2811 945 2840 quarundam
957 2811 1121 2839 particularum
1133 2811 1194 2833 eius—

349 2860 401 2881 dem
414 2859 598 2887 significationis,
610 2866 633 2881 v.
647 2866 668 2887 g.
682 2859 729 2887 vel,
744 2860 797 2887 aut,
811 2864 852 2886 ac,
867 2859 900 2886 et,
921 2864 975 2887 nec,
988 2864 1063 2888 neque
1074 2861 1097 2881 et
1109 2858 1194 2886 praeci-

349 2912 394 2933 pue
412 2911 479 2935 erqo,
498 2905 578 2935 iqitttr.
591 2905 687 2929 Codices
699 2906 793 2935 quidem
806 2906 913 2928 meliores
924 2905 1075 2928 differentiani
1093 2905 1193 2934 aliquam

348 2955 406 2976 inter
417 2959 481 2983 erqo,
500 2953 564 2982 quod
581 2954 627 2975 sere
645 2955 774 2975 constanter
786 2956 838 2980 post
849 2953 987 2980 praemissas
1003 2955 1054 2974 ante
1071 2951 1194 2974 conclusio-

1087 148 1329 179 PROLEGOMENA

1239 233 1291 249 nem
1304 230 1402 255 ponunt,
1415 231 1437 250 et
1448 226 1523 257 tylem*
1539 227 1671 256 observant,
1684 229 1724 251 sed
1737 228 1848 251 editiones
1860 229 1993 257 saepissime
2006 229 2027 250 in
2041 229 2084 251 hoe

1239 274 1381 296 dissentiunt.
1399 274 1460 296 ldem
1478 274 1602 297 dicendum
1619 274 1649 297 de
1666 275 1781 304 aliquibus
1797 275 1890 304 verbis,
1908 282 1968 305 quae
1985 276 2006 297 in
2025 275 2085 297 eodi-

1239 319 1304 343 eibus
1321 321 1397 343 minus
1413 324 1519 349 accurate
1536 322 1627 349 seriptis
1643 321 1774 350 frequenter
1791 322 1827 344 vel
1845 321 1930 344 dubiae
1947 323 2000 344 sunt
2012 321 2085 343 lectio-

1240 368 1284 396 nis,
1302 370 1327 390 ut
1342 367 1457 397 continqit
1471 371 1494 390 et
1509 367 1623 397 convertit,
1642 368 1759 399 siqnificat
1776 371 1798 391 et
1813 368 1901 399 sionni,
1924 368 2085 400 significatum

1239 417 1261 436 et
1272 413 1406 444 siynatmn,
1423 414 1460 436 vel
1472 415 1494 437 in
1506 414 1629 437 scribendo
1646 415 1702 438 salso
1720 415 1905 444 contunduntur,
1923 418 1948 438 ut
1959 415 2004 444 liic,
2019 415 2084 445 haec,

1239 459 1289 484 hoc.
1311 460 1366 482 Fere
1392 461 1500 483 continuo
1518 461 1539 483 in
1557 461 1592 483 his
1608 464 1631 484 et
1647 461 1761 484 similibus
1777 462 1836 484 inter
1852 468 1877 484 se
1894 462 1985 485 codices
2002 465 2024 484 ct
2040 461 2086 485 edi-

1240 508 1312 531 tiones
1337 508 1474 537 diserepant.
1500 508 1624 538 Postquam
1642 509 1663 531 in
1689 509 1770 537 primis
1796 508 1979 531 distinctionibus
2005 509 2086 532 harum

1239 557 1377 579 variantium
1394 560 1417 580 et
1434 557 1565 579 mutationis
1581 557 1603 578 in
1622 559 1682 579 textu
1705 557 1776 579 sactae
1801 557 1921 586 aliquoties
1947 557 2087 583 mentionem

1241 603 1346 632 fecimus,
1364 603 1473 632 deinceps
1489 603 1519 626 de
1536 604 1580 626 hoe
1596 603 1708 626 siluimus.
1727 604 1830 626 Attamen
1848 603 1902 626 nihil
1920 604 1969 626 sine
1992 592 2089 627 auetori-

1240 652 1284 672 tate
1301 650 1408 673 codicum
1425 651 1627 674 commutavimus.

1303 698 1374 720 Etiam
1392 698 1413 720 in
1431 698 1502 720 modo
1519 697 1602 720 citandi
1614 698 1722 720 Vaticana
1740 698 1815 721 differt
1830 699 1965 727 sae-pissime
1982 705 1994 721 a
2007 698 2089 721 codici-

1241 745 1295 773 bus,
1312 745 1421 773 ponendo
1438 751 1461 767 v.
1479 751 1501 773 g.
1518 745 1565 768 Per
1576 744 1737 775 Anqustmum
1754 745 1790 768 vel
1807 744 1895 769 dicitur*
1911 744 1940 768 ab
1955 744 2089 775 Auqustino

1240 798 1284 820 pro
1295 791 1351 815 dicit
1362 791 1517 821 Augustinus.
1537 791 1599 814 idem
1616 791 1677 814 valet
1692 792 1770 821 quoad
1788 792 1864 815 titulos
1880 793 2048 821 quaestionum,
2066 793 2088 815 in

1241 838 1327 868 quibus
1343 838 1424 861 eadem
1442 838 1569 861 omittendo
1586 838 1623 861 vet
1640 838 1748 861 addendo
1765 838 1837 861 verba
1854 845 1924 867 saepe
1941 839 2016 862 differt
2027 845 2038 861 a
2051 845 2090 862 co—

1241 885 1342 914 dicibus;
1360 892 1420 915 quos
1437 888 1512 908 tamen
1530 886 1665 915 sequimur,
1683 886 1738 915 qnin
1756 886 1778 908 in
1791 892 1915 914 progressu
1927 886 2005 914 operis
2022 886 2090 908 huius

1241 933 1373 955 mutationis
1391 933 1530 955 mentionem
1548 932 1666 955 faciamus.

1306 979 1424 1001 Monemus
1441 979 1535 1007 insuper
1552 979 1671 1007 lectorem,
1690 985 1731 1001 nos
1748 982 1877 1002 constanter
1892 979 2036 1008 primitivum
2054 986 2091 1002 or-

1243 1026 1320 1048 dinem
1332 1026 1432 1054 partium
1444 1025 1607 1052 Commentarii
1620 1027 1752 1049 restituisse.
1765 1026 1799 1049 Ad
1811 1027 1938 1055 quamlibet
1952 1028 2013 1050 enim
2025 1027 2091 1050 Lom-

1243 1074 1309 1097 bardi
1326 1074 1494 1097 distinctionem
1511 1074 1695 1097 Commentarius
1717 1077 1762 1097 tres
1780 1077 1856 1103 partes
1878 1074 1995 1098 distinctas
2011 1075 2090 1104 habet,

1243 1124 1265 1143 et
1282 1121 1376 1150 quidem
1394 1121 1438 1143 hoc
1449 1121 1536 1144 ordine.
1556 1121 1631 1143 Primo
1648 1121 1698 1143 loco
1711 1122 1803 1149 ponitur
1815 1120 1893 1144 brevis
1904 1120 1986 1145 divisio
2000 1122 2090 1151 temtus,

1244 1174 1288 1196 qua
1301 1171 1323 1191 et
1335 1171 1394 1191 totus
1406 1168 1463 1191 liber
1475 1168 1642 1191 Sententiarum
1660 1170 1682 1191 et
1692 1174 1846 1198 unaquaeque
1858 1158 1971 1191 distinctio
1981 1170 2002 1191 in
2015 1172 2092 1198 partes

1243 1216 1391 1244 dividuntur;
1404 1215 1488 1238 deinde
1499 1219 1629 1245 sequuntur
1645 1215 1723 1244 plures
1739 1215 1768 1238 de
1780 1216 1822 1238 hae
1834 1216 1928 1238 materia
1945 1216 2092 1246 quaestiones

1244 1270 1255 1286 a
1274 1264 1296 1286 S.
1314 1264 1411 1286 Doctore
1428 1264 1560 1292 propositae
1576 1266 1598 1287 et
1614 1263 1712 1291 solutae,
1737 1269 1798 1292 quae
1820 1262 1929 1287 tractatio
1955 1263 2093 1293 plerumque

1243 1311 1401 1335 subdividitur
1418 1312 1439 1334 in
1457 1311 1516 1333 duas
1532 1311 1568 1333 vel
1585 1311 1653 1333 etiam
1672 1314 1717 1333 tres
1734 1310 1882 1341 quaestiones
1897 1310 2041 1341 principales
2053 1309 2093 1339 (ab

1243 1358 1370 1381 editoribus
1388 1358 1517 1380 nominatae
1534 1360 1587 1380 sunt
1603 1357 1722 1385 articuli),
1737 1364 1797 1387 quae
1808 1358 1891 1381 iterum
1903 1357 2018 1381 ordinarie
2035 1357 2094 1381 duas

1243 1406 1279 1428 vel
1297 1406 1375 1434 plures
1392 1406 1538 1434 quaestiones
1555 1405 1666 1433 speciales
1677 1405 1799 1427 continent.
1818 1405 1895 1428 Tertio
1907 1407 1929 1427 et
1946 1405 2026 1428 ultimo
2043 1405 2093 1428 loco

1244 1456 1373 1483 sequuntur
1394 1451 1551 1476 dubitationes
1574 1451 1785 1481 (quemadmodum
1803 1451 1833 1474 ab
1851 1456 1944 1475 auctore
1967 1454 2093 1481 vocantur)

1244 1501 1294 1523 sive
1310 1499 1382 1523 (lubia
1399 1501 1458 1523 circa
1476 1499 1547 1522 verba
1565 1499 1601 1522 vel
1619 1500 1754 1522 sententiam
1776 1499 1889 1528 Magistri,
1908 1505 1968 1529 quae
1985 1506 1996 1522 a
2014 1499 2035 1522 S.
2054 1500 2096 1522 Bo—

1245 1551 1371 1571 naventura
1394 1547 1515 1570 solvuntur
1532 1547 1637 1570 diffusius
1656 1552 1727 1576 quam
1750 1546 1779 1568 ab
1803 1546 1852 1569 aliis
1874 1546 2095 1570 commentatoribus

1245 1595 1349 1618 eiusdem
1367 1594 1425 1617 tibi-i.
1443 1594 1505 1617 Hanc
1527 1595 1616 1616 tertiam
1633 1596 1722 1622 partem
1740 1593 1831 1616 codices
1846 1593 1956 1622 incipiunt
1980 1593 2095 1617 ordinarie

1246 1643 1280 1665 his
1302 1641 1391 1664 verbis:
1409 1641 1437 1664 ln
1454 1641 1523 1670 parte
1539 1640 1585 1663 ista
1605 1642 1661 1663 sant
1682 1639 1838 1663 dubitationes
1861 1639 1925 1664 circa
1948 1639 2051 1663 litteram
2074 1641 2097 1664 et

1244 1689 1323 1720 primo
1340 1688 1435 1719 quidem
1456 1687 1580 1711 dubitatur
1601 1687 1745 1717 (quaeritur)
1768 1690 1810 1710 etc.
1833 1688 1879 1710 lam
1904 1687 2094 1717 observavimus,

1245 1736 1322 1759 locum
1334 1738 1356 1758 et
1367 1735 1471 1758 ordinem
1489 1735 1572 1757 horum
1585 1733 1710 1757 dubiorum
1722 1734 1743 1756 ln
1756 1733 1895 1757 editionibus
1912 1737 2025 1757 mutatum
2037 1740 2095 1758 esse.

1246 1783 1268 1805 ln
1286 1782 1385 1805 editione
1396 1782 1471 1810 prima
1483 1774 1669 1809 Norimbergensi
1685 1780 1749 1809 1491,
1762 1786 1816 1803 eum
1828 1779 1885 1803 liber
1897 1780 1954 1803 Petri
1971 1780 2095 1803 Lombardi

1247 1830 1296 1860 (qui
1313 1831 1335 1852 in
1353 1828 1472 1852 codicibus
1488 1827 1651 1851 Commentarii
1668 1829 1691 1851 et
1707 1824 1787 1856 primis
1798 1827 1864 1850 editis
1882 1827 1958 1856 deest)
1976 1827 2096 1851 Commen-

1247 1877 1304 1900 tario
1321 1876 1497 1904 adiungeretur,
1514 1875 1555 1897 ista
1573 1874 1643 1897 dubia
1661 1874 1691 1897 ad
1709 1875 1837 1903 marginem
1855 1877 1929 1897 textus
1950 1875 2050 1903 Magistri
2066 1875 2095 1898 ita

1247 1925 1319 1953 posita
1336 1926 1402 1951 sunt,
1420 1925 1445 1945 ut
1460 1922 1602 1952 quibusdam
1619 1922 1691 1950 signis
1708 1921 1779 1944 verba
1800 1921 1961 1950 indicarentur,
1984 1921 2014 1944 ad
2036 1928 2096 1951 quae

1246 1971 1366 2000 explicatio
1385 1969 1510 1993 dubiorum
1523 1969 1631 1997 retertur,
1649 1969 1740 1992 omissis
1752 1971 1775 1991 et
1790 1969 1859 1992 titulis
1871 1968 1997 1992 dubiorum
2013 1972 2035 1992 et
2046 1976 2096 1992 ver-

1247 2018 1285 2041 bis
1294 2018 1394 2046 Magistri
1406 2023 1418 2040 a
1429 2017 1450 2039 S.
1464 2017 1549 2039 Bonav.
1559 2016 1668 2044 repetitis.
1682 2015 1727 2038 Sed
1740 2018 1817 2044 postea
1828 2015 1864 2038 ed.
1874 2016 1976 2038 Romana
1988 2022 2025 2038 an.
2037 2016 2095 2039 1569

1247 2068 1269 2088 et
1279 2067 1330 2093 post
1338 2070 1389 2087 eam
1399 2064 1511 2087 editiones
1522 2063 1579 2086 aliae
1591 2066 1676 2085 textum
1689 2062 1788 2090 Magistri
1797 2061 1827 2084 ab
1836 2062 1884 2084 istis
1895 2061 2056 2085 additamentis
2067 2061 2097 2084 ad

1247 2112 1376 2139 marginem
1398 2111 1477 2138 positis
1493 2109 1630 2137 liberarunt;
1650 2111 1724 2131 tamen
1747 2108 1783 2130 illa
1800 2107 1870 2130 dubia
1888 2114 1931 2130 suo
1954 2108 2029 2136 primo
2046 2108 2096 2130 loeo

1248 2164 1292 2180 non
1310 2158 1468 2185 restituerunt,
1486 2156 1528 2179 sed
1547 2155 1679 2178 immediate
1699 2157 1751 2183 post
1766 2154 1904 2177 divisionem
1925 2156 1998 2177 textus
2016 2161 2097 2183 posue-

1247 2208 1307 2233 runt,
1325 2210 1367 2227 nec
1383 2204 1460 2233 aliquo
1478 2204 1542 2226 titulo
1554 2202 1583 2225 ab
1595 2202 1677 2225 eadem
1694 2202 1808 2225 divisione
1825 2204 1998 2231 separaverunt,
2011 2207 2053 2224 nee
2064 2202 2097 2224 eis

1247 2251 1383 2279 originarios
1400 2250 1475 2272 titulos
1492 2249 1529 2272 vel
1546 2249 1705 2277 inscriptiones
1722 2249 1810 2276 integre
1826 2248 1980 2276 restituerunt,
1997 2247 2038 2270 sed
2054 2254 2096 2276 pro

1247 2297 1312 2320 libitu
1324 2297 1374 2320 aliis
1390 2296 1470 2319 verbis
1481 2296 1655 2324 suppleverunt.
1672 2295 1719 2317 Hae
1730 2295 1888 2317 immutatione
1900 2294 1993 2322 plurimi
2007 2300 2097 2317 errores

1247 2345 1269 2367 in
1287 2345 1424 2373 posteriores
1446 2343 1558 2365 editiones
1574 2343 1726 2370 irrepserunt,
1750 2347 1794 2364 non
1817 2347 1870 2364 raro
1892 2347 1986 2363 sensum
2008 2344 2098 2369 pertur-

1247 2392 1334 2419 bantes,
1357 2391 1394 2413 vel
1410 2391 1491 2412 saltem
1508 2390 1564 2412 falso
1586 2389 1680 2411 citantes
1706 2388 1807 2417 aliquam
1829 2389 1964 2410 sententiam
1982 2390 2098 2417 utsupra

1249 2439 1309 2465 (scil.
1327 2439 1348 2460 in
1366 2437 1553 2467 quaestionibus)
1571 2437 1617 2459 iam
1634 2436 1730 2464 dictam,
1748 2442 1808 2465 quae
1826 2438 1901 2458 tamen
1914 2437 1975 2459 iuxta
1991 2436 2097 2459 ordinem

1248 2487 1331 2508 harum
1352 2485 1479 2507 editionum
1497 2485 1519 2506 in
1541 2483 1691 2513 sequentibus
1707 2483 1882 2512 quaestionibus
1904 2483 1994 2511 legitur.
2012 2482 2098 2506 Omnes

1248 2535 1325 2555 autem
1343 2531 1434 2554 codices
1451 2534 1474 2553 et
1489 2531 1557 2553 etiam
1574 2530 1746 2559 antiquissimae
1763 2529 1874 2553 editiones
1892 2530 1976 2553 habent
1992 2530 2097 2553 ordinem

1249 2584 1319 2607 supra
1331 2577 1426 2605 dictum,
1444 2583 1514 2606 quern
1532 2583 1574 2600 nos
1591 2582 1643 2599 cum
1661 2577 1757 2605 integris
1774 2577 1843 2599 titulis
1858 2576 1983 2600 dubiorum
2000 2577 2099 2600 restitui-

1249 2631 1309 2648 mus.
1321 2624 1469 2653 Supertluum
1481 2626 1558 2646 autem
1570 2625 1636 2651 esset,
1645 2623 1707 2645 hunc
1719 2623 1822 2645 omnium
1840 2622 1946 2645 codicum
1959 2628 2098 2645 consensum

1249 2675 1271 2695 et
1287 2673 1345 2694 hanc
1362 2671 1488 2693 editionum
1506 2671 1659 2693 recentiorum
1681 2670 1832 2692 differentiam
1849 2676 1976 2699 earumque
1998 2670 2051 2692 vitia
2069 2669 2098 2692 ad

1249 2718 1338 2747 singula
1357 2717 1426 2741 dubia
1444 2720 1529 2740 notare.
1548 2717 1580 2740 Sit
1597 2718 1640 2740 hoc
1658 2717 1745 2739 dictum
1762 2717 1831 2740 semel
1850 2723 1892 2745 pro
1909 2723 2009 2745 semper.

1314 2766 1373 2788 llaec
1390 2767 1466 2787 autem
1484 2770 1555 2794 quam
1573 2765 1594 2786 S.
1617 2764 1702 2786 Bonav.
1724 2764 1816 2792 scripsit
1836 2766 1909 2786 textus
1931 2763 2100 2786 Sententiarum

1250 2813 1369 2841 explicatio
1392 2812 1445 2834 tanti
1465 2812 1582 2834 aestimata
1602 2813 1647 2838 est,
1666 2813 1689 2833 ut
1710 2816 1722 2832 a
1739 2810 1853 2832 nonnullis
1872 2809 2099 2838 separatimpluries

1250 2860 1362 2887 exscripta
1388 2859 1430 2885 sit,
1456 2858 1522 2880 cuius
1547 2857 1679 2885 exemplum
1702 2856 1815 2879 habemus
1836 2857 1857 2878 in
1883 2855 1962 2878 codice
1983 2856 2050 2883 signo
2067 2855 2098 2877 dd

1250 2907 1333 2927 notato.
1351 2904 1377 2927 D.
1396 2904 1486 2932 Pelt-ier,
1504 2905 1544 2933 qui
1561 2904 1598 2926 ed.
1611 2904 1761 2926 Parisiensem
1773 2903 1873 2931 curavit,
1885 2904 2057 2930 commemorat,
2076 2904 2101 2924 ut

1251 2951 1357 2980 diximus,
1375 2951 1492 2980 quendam
1510 2950 1626 2979 codicem,
1643 2951 1683 2979 qui
1700 2952 1722 2973 et
1739 2951 1789 2978 ipse
1801 2948 1876 2972 *dubia
1894 2948 1973 2971 habuit
1995 2951 2102 2976 separata
