2253 3317
724 124 806 152 DIST.
830 124 871 152 xl.
892 123 964 151 ΛΒΤ.
988 122 1103 152 UNICUS
1124 123 1258 159 QUAEST.
1280 123 1297 150 Ι.

145 211 212 232 111115
224 203 409 232 communicat
424 202 516 239 genito
530 210 585 230 nou
606 204 714 230 tantum
730 201 922 234 substantiam,
938 200 987 229 sed

146 249 228 277 etiam
250 251 356 282 actum,
377 247 423 284 qui
447 250 563 276 naturae
585 247 669 284 geniti
690 255 745 276 non
766 250 918 284 repugnat;
940 245 989 274 sed

144 298 223 324 actus
244 294 368 332 spirandi
390 302 444 322 non
473 298 609 331 repugnat
631 294 709 328 Filio,
736 293 801 330 quia
821 293 931 321 nullum
953 300 989 321 ex

145 342 197 370 hoc
218 340 413 370 inconveniens
435 340 577 377 sequitur,
603 340 625 368 si
647 340 744 376 spiret:
772 347 838 376 ergo
860 339 883 367 si
910 339 989 367 Pater

146 388 220 416 hunc
234 390 328 415 actum
340 387 347 401 ¹
366 387 391 415 ei
413 394 467 414 non
482 386 680 420 communicat,
702 386 786 414 Filius
800 393 855 413 non
875 389 916 413 est
930 392 991 421 per-

145 434 215 462 fecta
237 434 335 470 imago.

224 481 250 507 7.
271 479 352 513 Item,
367 479 419 507 hoc
434 478 528 515 ipsum
542 478 698 507 ostenditur
713 477 949 510 auetoritatibus,
964 479 992 505 et

146 526 236 564 primo
251 525 414 554 auctoritate
429 525 549 562 Apostoli
569 525 605 553 ad
631 524 739 553 Galatas
757 527 857 561 quarto
869 523 890 551 ²:
914 523 993 551 Misit

149 573 224 601 Deas
245 572 390 609 Spiritum
412 572 483 600 Filii
501 571 552 599 sai
571 574 638 605 etc.;
659 579 726 608 ergo
751 579 814 599 cum
836 571 915 598 Pater
937 578 991 597 non

146 619 238 647 mittat
258 618 391 655 Spiritum
412 618 465 646 nisi
480 618 551 651 Filii,
573 618 647 646 idem
666 620 708 646 651
721 616 841 653 Spiritus
862 616 950 644 Patris
965 618 992 644 et

148 665 219 699 Filii;
241 665 289 693 sed
304 665 365 693 eius
380 667 421 693 est
442 663 573 701 Spiritus,
595 672 611 692 a
626 672 681 701 quo
702 663 839 700 procedit:
856 671 922 700 ergo
937 663 993 699 Spi-

146 712 219 740 ritus
234 714 346 740 sanctus
360 711 486 748 procedit
499 719 516 739 a
530 711 609 739 Patre
623 714 650 739 et
665 710 739 738 Filio.
755 710 788 738 Si
806 710 902 743 dieas,
917 709 990 746 quod

147 767 202 787 non
223 757 359 795 sequitur,
381 757 447 794 quia
467 765 522 785 non
543 757 646 785 dicitur
667 756 751 789 Filii,
780 756 846 793 quia
867 755 994 792 procedit

148 814 168 834 a
188 805 267 839 Filio,
289 804 338 833 sed
359 804 424 841 quia
445 807 487 832 est
508 804 538 831 in
559 803 639 832 Filio:
662 811 728 840 ergo
752 803 850 831 eadem
872 802 993 836 ratione,

147 860 211 881 cum
232 851 316 879 Filius
337 851 372 879 sit
393 850 420 878 in
445 850 550 887 Spiritu
574 853 676 881 sancto.
704 852 794 886 potest
825 849 879 877 dici
910 848 993 877 Filius

148 898 233 927 Filius
254 897 374 934 Spiritus
395 897 482 925 sancti
495 896 513 924 Β.

227 945 253 972 8.
275 944 354 977 Item,
376 943 483 971 loannis
504 942 612 971 decimo
640 941 774 979 quinto&
807 942 916 977 «Quem
944 949 994 977 eqo

149 990 264 1018 mittam
284 989 364 1017 vobis
378 998 398 1017 a
419 989 510 1017 Patre.
525 988 670 1025 Spiritum
689 988 860 1016 veritatis».
881 987 921 1015 Ex
942 987 994 1015 hoe

148 1036 277 1074 arguitur
299 1035 349 1064 sic:
371 1035 467 1063 nullus
482 1034 566 1062 mittit
580 1035 681 1068 alium,
696 1034 747 1062 nisi
764 1034 865 1062 habeat
879 1032 996 1061 auctori-

149 1085 233 1111 tatem
255 1089 340 1118 super
355 1081 448 1114 illum:
469 1081 565 1109 nullus
585 1084 678 1109 autem
698 1080 782 1108 habet
802 1079 995 1108 auctoritatem

150 1137 235 1166 super
256 1129 359 1162 alium,
380 1128 432 1156 nisi
453 1127 559 1164 aliquid
580 1127 685 1155 tribuat
705 1126 746 1159 ei:
768 1126 817 1155 sed
837 1126 915 1154 nulla
936 1133 996 1162 per-

150 1184 218 1204 sona
244 1175 342 1203 tribuit
369 1174 454 1208 alii⁵,
480 1174 532 1202 nisi
559 1173 594 1201 ab
622 1174 682 1210 ipsa
710 1173 857 1210 procedat:
886 1180 952 1208 ergo
979 1180 996 1200 a

150 1221 253 1258 primo,
275 1220 394 1257 Spiritus
414 1222 527 1248 sanctus
547 1219 672 1256 procedit
699 1227 716 1247 a
736 1219 810 1247 Filio.
838 1218 872 1247 Si
896 1218 995 1250 dicas,

151 1267 226 1304 quod
247 1275 263 1295 a
277 1267 343 1295 Filio
364 1266 482 1295 mittitur
497 1274 533 1294 ex
555 1269 680 1302 tempore
698 1268 776 1294 etex
797 1268 921 1301 tempore
936 1271 997 1301 pro-

151 1314 238 1348 cedit,
259 1317 374 1342 eontra:
401 1313 486 1341 Filius
507 1321 562 1341 non
590 1312 653 1341 ideo
675 1312 759 1340 habet
787 1311 995 1344 auctoritatem,

152 1361 217 1397 quia
231 1361 327 1394 mittit,
349 1360 398 1388 sed
413 1360 475 1388 ideo
496 1359 590 1393 mittit,
611 1358 676 1395 quia
691 1358 775 1386 habet
789 1357 995 1386 auctoritatem:

151 1414 218 1443 ergo
239 1410 303 1435 ante
317 1406 401 1434 habet
421 1406 632 1439 auctoritatem,
653 1412 738 1442 quam
752 1405 843 1433 mittat
861 1407 997 1440 tempora-

153 1453 229 1482 liter:
251 1460 318 1489 ergo
332 1455 481 1489 antequam
503 1452 593 1480 mittat
608 1451 808 1488 temporaliter,
829 1457 942 1479 necesse
957 1452 999 1478 est

152 1499 286 1536 Spiritum
308 1502 434 1528 sanctum
456 1499 607 1536 procedere
628 1506 645 1526 a
666 1498 744 1526 Filio:
767 1505 833 1534 ergo
854 1500 905 1525 616.

234 1547 259 1574 9.
282 1546 365 1579 Item,
386 1545 495 1574 Ioannis
516 1545 624 1574 decimo
645 1544 755 1573 sexto⁶:
778 1543 828 1572 Ille
848 1552 893 1571 me
914 1542 1000 1571 clari-

154 1592 265 1630 ficabit,
287 1592 358 1630 qaia
379 1592 413 1620 cle
432 1600 494 1620 meo
516 1591 645 1629 accipiet.
667 1592 707 1620 Ex
722 1592 774 1620 hoc
796 1591 924 1627 arguitur
946 1590 998 1618 sle:

154 1639 281 1676 quisquis
301 1642 343 1668 est
364 1647 445 1668 omne
466 1639 541 1676 quod
562 1639 658 1673 habet,
679 1642 721 1667 est
734 1646 816 1667 omne
837 1638 911 1674 quod
932 1637 999 1666 acci-

153 1686 207 1722 pit:
229 1686 277 1714 sed
298 1686 417 1722 Spiritus
439 1688 565 1719 sanctus,
586 1693 650 1714 cum
666 1685 700 1713 sit
714 1685 789 1713 Deus
807 1692 916 1713 summe
938 1683 1000 1712 sim-

154 1732 235 1769 plex,
256 1735 298 1761 est
312 1740 393 1760 omne
408 1732 483 1769 quod
504 1732 600 1766 habet,
615 1739 682 1768 ergo
696 1739 778 1759 omne
792 1731 867 1767 quod
888 1730 998 1766 accipit:

155 1786 221 1815 ergo
243 1779 263 1807 si
286 1778 385 1815 accipit
406 1778 511 1815 aliquid
527 1778 563 1806 ab
584 1778 692 1814 aliquo.
715 1777 814 1814 accipit
834 1777 929 1810 esse⁷3
951 1776 999 1804 sed

155 1833 172 1853 a
192 1833 247 1862 quo
268 1824 368 1861 accipit
389 1832 462 1859 esse,
482 1824 580 1853 abillo
601 1824 740 1861 procedit:
762 1831 828 1860 ergo
850 1823 872 1851 si
893 1822 999 1858 aliquid

155 1871 254 1908 accipit
274 1879 291 1899 a
311 1871 391 1903 Filio,
413 1870 539 1908 procedit
559 1878 576 1898 a
597 1870 670 1898 Filio.
693 1869 726 1898 Si
739 1869 836 1902 dicas,
858 1867 933 1905 quod
954 1874 1000 1894 ac-

155 1918 250 1954 cipere
271 1917 341 1946 illud
362 1920 404 1946 est
424 1917 628 1954 temporaliter,
648 1920 715 1945 tunc
736 1916 865 1944 obiicitur
880 1922 916 1943 ex
938 1914 999 1946 1106,

156 1964 222 2001 quia
242 1972 323 1993 omne
354 1964 429 2001 quod
451 1964 641 2001 temporaliter
659 1962 758 1999 accipit
778 1960 883 1997 aliquid
898 1960 933 1988 ab
953 1959 1000 1987 ali-

156 2019 212 2048 quo
224 2010 243 2046 ⁸,
264 2014 398 2045 mutatur,
419 2014 471 2040 etc.

1830 124 1897 151 211·

1361 208 1573 229 conctusm.

1087 293 1216 330 Spiritus
1236 296 1358 321 sanctus
1375 293 1507 330 procedit
1527 302 1546 322 a
1569 294 1659 322 Patre
1680 297 1706 322 ct
1725 303 1744 322 a
1766 293 1850 321 Filio.

1126 386 1297 415 Responnno:
1322 386 1488 418 Dicendum.
1502 387 1591 423 quod,
1606 387 1677 415 sicut
1691 389 1833 415 ostensum
1849 390 1890 415 651
1903 392 2011 411 Conclusio>

1046 432 1259 460 auctoritatibus
1286 434 1313 460 et
1334 432 1504 465 rationibus,
1525 432 1590 461 fidei
1614 433 1717 461 veritas
1738 436 1794 465 est,
1816 433 1891 470 quod

1047 479 1166 516 Spiritus
1188 481 1300 507 sanetus
1321 479 1447 515 procedit
1468 487 1484 507 a
1504 479 1583 507 Patre
1605 483 1633 508 et
1654 479 1726 508 Filio.

1126 526 1164 554 Ad
1180 525 1388 562 intelligentiam
1403 528 1496 554 autem
1512 526 1716 554 controversiae
1731 526 1891 555 Latinorum

1047 574 1074 599 et
1089 572 1258 600 Graecorum
1279 574 1306 599 et
1320 571 1473 608 originem⁹
1494 571 1554 600 eius
1578 572 1732 600 notandum
1746 575 1800 606 est,
1815 572 1890 609 quod

1048 618 1121 646 circa
1148 617 1355 655 processionem
1376 617 1495 655 Spiritus
1517 618 1603 646 sancti
1625 618 1659 646 de
1680 618 1746 646 Filio
1773 621 1814 647 est
1835 618 1891 647 duo
1915 623 2033 650 Cognitioet

1049 664 1238 698 considerare,
1260 663 1364 692 scilicet
1378 664 1488 692 articuli
1503 664 1693 701 cognitionem
1716 668 1743 693 et
1767 665 1892 693 eiusdem
1902 647 2030 688 ιιῖἷῗῗῑῗῗυῗῗ

1049 710 1149 747 cogniti
1167 709 1387 747 professionem.
1410 711 1438 739 ln
1452 711 1543 747 primo
1558 713 1619 739 orta
1631 711 1650 726 ¹⁰
1666 714 1707 740 est
1722 712 1891 745 differentia,

1048 757 1076 784 in
1098 756 1221 785 secundo
1242 757 1438 785 controversia.

1130 803 1258 840 Coynitio
1279 806 1373 831 autem
1389 803 1474 831 huius
1494 803 1603 831 articuli
1619 804 1832 832 fundamentum
1847 804 1894 832 ha-

1049 849 1096 877 bet
1110 858 1126 877 a
1137 849 1289 886 Scriptura,
1304 849 1459 886 profectum
1472 849 1516 878 vel
1531 850 1734 878 incrementum
1749 858 1764 878 a
1779 850 1893 885 ratione,

1050 895 1098 923 sed
1127 895 1391 924 consummationem
1407 895 1427 908 ¹¹
1451 903 1466 923 a
1489 895 1663 924 revelatione.
1685 896 1713 924 ln
1735 896 1893 933 Scripturae

1050 941 1213 970 auctoritate
1236 941 1331 970 Graeci
1353 944 1379 970 et
1404 942 1490 969 Latini
1517 942 1691 976 conveniunt,
1717 950 1788 979 quae
1820 942 1893 976 dicit,

1051 986 1184 1023 Spiritum
1205 990 1332 1016 sanctum
1347 996 1405 1016 csse
1427 988 1498 1016 Filii
1512 991 1538 1016 et
1558 988 1636 1016 milti
1648 997 1667 1016 a
1689 988 1782 1023 Filio;
1803 989 1852 1017 sed
1867 989 1894 1016 in

1050 1033 1165 1061 ratione
1185 1036 1211 1062 et
1231 1034 1403 1062 revelatione
1424 1034 1564 1063 differunt.

1129 1079 1158 1107 ln
1178 1080 1292 1108 ratione
1311 1080 1426 1118 quidem
1447 1080 1629 1118 intelligendi.
1645 1081 1713 1109 Nam
1738 1088 1801 1109 cum
1828 1080 1896 1109 Scri·
1910 1088 2035 1115 ,Didiam-ntia

1051 1129 1135 1163 ptura
1148 1127 1222 1156 dicat
1235 1127 1270 1161 ¹²,
1282 1127 1415 1164 Spiritum
1429 1130 1554 1156 sanctum
1565 1128 1732 1164 procedere,
1751 1128 1847 1156 Graeci
1861 1127 1896 1156 ad
1909 1113 2035 1158 ffitellirgssffle

1052 1173 1263 1210 intelligendum
1277 1173 1319 1202 usi
1342 1176 1407 1202 sunt
1421 1174 1475 1202 alio
1496 1174 1579 1202 modo
1601 1176 1628 1202 et
1642 1174 1696 1203 alia
1715 1174 1896 1202 similitudine
1909 1158 1983 1200 ἓέιῗὲῗε.
1995 1163 2036 1181 ¹³¹⁰'

1052 1220 1251 1258 processionis,
1272 1220 1327 1248 alio
1353 1220 1435 1248 modo
1458 1220 1552 1248 Latini.
1579 1220 1644 1248 Nam
1667 1228 1731 1249 cum
1757 1220 1897 1257 processio

1053 1266 1162 1295 dicatur
1182 1266 1210 1294 in
1231 1266 1367 1294 creaturis
1388 1269 1480 1294 motus
1511 1266 1611 1294 localis
1629 1266 1664 1294 ab
1684 1274 1740 1294 uno
1762 1267 1788 1294 in
1810 1266 1896 1294 alium

1053 1315 1080 1341 et
1101 1313 1210 1341 dicatur
1230 1316 1324 1341 motus
1338 1312 1469 1341 causalis
1490 1313 1574 1341 unius
1588 1320 1624 1341 ex
1637 1313 1655 1327 ¹³
1670 1313 1732 1346 alio,
1748 1312 1843 1341 Graeci
1858 1312 1896 1340 in-

1053 1358 1223 1387 tellexerunt
1247 1358 1451 1395 processionem
1480 1358 1571 1395 primo
1596 1358 1694 1392 modo,
1723 1358 1760 1386 ab
1787 1366 1845 1386 uno
1867 1358 1898 1386 in

1054 1404 1163 1438 alimm-
1184 1405 1271 1432 Latini
1292 1412 1360 1432 vero
1374 1404 1497 1433 secundo
1518 1405 1608 1433 modo.
1626 1405 1656 1433 Et
1677 1405 1703 1432 in
1726 1405 1778 1433 hoc
1796 1404 1897 1433 melius

1054 1451 1253 1479 intellexerunt
1267 1450 1353 1478 Latini
1368 1458 1452 1486 quam
1468 1450 1572 1484 Graeci,
1587 1450 1653 1486 quia
1665 1454 1898 1487 comparaverunt

1054 1497 1259 1533 processionem
1281 1499 1422 1525 aeternam
1443 1496 1613 1533 processioni
1634 1497 1723 1533 magis
1744 1497 1883 1533 spirituali
1890 1508 1897 1531 3

1055 1547 1082 1572 et
1103 1544 1165 1572 ideo
1186 1543 1274 1579 magis
1296 1542 1410 1571 51111111Η
1434 1546 1680 1579 comparaverunt,
1695 1547 1721 1572 et
1736 1544 1775 1572 sic
1789 1544 1897 1572 melius.

1134 1589 1284 1622 Similiter,
1313 1589 1456 1625 Scriptura
1484 1589 1549 1618 111611
1562 1590 1591 1624 ¹⁵,
1610 1590 1743 1626 Spiritum
1771 1593 1899 1619 sanctum
1923 1598 2037 1625 nem-quoad

1052 1646 1106 1673 per
1126 1636 1316 1673 spirationem
1337 1636 1498 1672 procedere.
1521 1636 1552 1664 Et
1572 1644 1636 1665 cum
1658 1637 1765 1673 duplex
1787 1637 1822 1665 sit
1847 1637 1900 1674 spi·
1908 1623 2035 1645 ⁵⁹¹¹²²¹⁰¹¹⁹m'

1057 1683 1135 1716 ratio,
1156 1681 1260 1710 scilicet
1278 1681 1369 1717 slatus
1390 1682 1543 1710 exterioris
1563 1685 1590 1711 et
1604 1683 1717 1711 amoris
1738 1683 1898 1716 interioris,

1056 1728 1151 1757 Graeci
1167 1730 1400 1765 comparaverunt
1412 1728 1544 1765 Spiritum
1560 1729 1701 1765 spirationi
1722 1728 1812 1765 flatus
1829 1734 1899 1758 (exte-

1055 1774 1161 1808 rz‘orz's;
1183 1774 1232 1802 sed
1260 1774 1347 1802 Latini
1368 1774 1510 1811 spirationi
1539 1775 1652 1803 amoris
1678 1775 1843 1804 interioris:
1872 1778 1899 1804 et

1057 1821 1118 1849 ideo
1134 1821 1219 1849 Latini
1234 1820 1347 1854 melius,
1363 1821 1429 1857 quia
1443 1821 1624 1858 spiritualiori
1639 1824 1666 1850 et
1685 1822 1811 1850 similiori
1826 1823 1899 1851 simi-

1057 1866 1166 1895 litudini
1188 1869 1362 1903 aptaverunt.

1135 1912 1285 1946 Similiter,
1297 1921 1361 1941 cum
1373 1914 1516 1951 Scriptura
1530 1914 1612 1949 dicat,
1623 1914 1756 1951 Spiritum
1771 1918 1897 1943 sanctum

1056 1959 1207 1996 procedere
1222 1962 1253 1987 ut
1266 1968 1374 1988 nexam
1388 1963 1415 1988 61
1430 1961 1662 1995 communionem,
1677 1964 1704 1989 et
1718 1961 1824 1998 duplex
1838 1969 1898 1998 pos-

1057 2005 1092 2034 sit
1113 2013 1174 2034 esse
1195 2013 1298 2039 nexus,
1320 2006 1364 2034 vel
1387 2006 1458 2035 sicut
1477 2006 1605 2035 mediam
1627 2007 1744 2043 iungens
1759 2016 1846 2035 unum
1861 2007 1899 2042 ¹⁵,

1922 1922 1966 1940 116111
1975 1923 2037 1945 quoad

1911 1950 1984 1964 nexum.

221 2135 228 2149 ¹
246 2135 320 2164 Aliqui
338 2135 405 2157 codd.
423 2138 447 2157 ut
463 2136 481 2157 G
491 2135 511 2156 Χ
521 2134 537 2155 Ζ
554 2134 590 2156 vel
607 2132 675 2156 habet
685 2133 765 2155 actum
776 2137 853 2161 quem,
867 2131 904 2153 vel
916 2134 941 2153 ut
952 2130 997 2152 KT

157 2172 227 2197 habet
242 2175 323 2197 actum
339 2176 367 2197 et.

222 2213 232 2227 ²
249 2213 314 2235 Vers.
332 2213 353 2235 6.

219 2251 229 2266 ³
246 2252 296 2274 Vat.
313 2258 366 2274 cum
384 2251 499 2280 aliquibus
515 2256 569 2272 mss.
586 2249 668 2271 omittit
684 2248 753 2271 semel
771 2247 862 2275 Filius,
888 2247 929 2269 sed
946 2253 1000 2269 cona

159 2293 191 2312 tra
208 2290 264 2312 alios
281 2290 348 2312 codd.
366 2292 390 2312 ut
401 2290 419 2311 Α
429 2289 444 2310 F
452 2290 469 2311 G
479 2289 498 2310 H
507 2289 525 2309 Κ
535 2288 554 2309 Μ
565 2287 583 2308 Τ
594 2287 612 2309 V
624 2289 666 2308 etc.
678 2292 732 2308 cum
744 2285 779 2308 ed.
794 2286 814 2308 l.

220 2328 229 2343 ⁴
247 2329 312 2351 Vers.
331 2329 371 2355 26,
389 2329 411 2350 in
428 2333 474 2356 quo
492 2328 550 2348 textu
568 2327 646 2348 contra
668 2325 790 2353 Vulgatam
815 2327 837 2347 et
858 2325 998 2352 antiquiores

161 2367 228 2390 codd.
245 2368 327 2389 omittit
344 2367 392 2389 Vat.
409 2372 423 2388 α
441 2365 526 2392 Patre,
545 2365 612 2386 sicuti
628 2367 651 2386 61
667 2364 736 2392 paulo
753 2365 805 2391 post
821 2362 857 2385 bis
874 2363 943 2385 habet
961 2369 999 2385 su-

157 2411 206 2435 pra
223 2406 272 2428 loco
288 2411 366 2434 super.

221 2444 231 2458 ⁵
247 2444 262 2465 E
280 2442 442 2465 vetustioribus
459 2448 513 2464 mss.
534 2443 557 2463 et
572 2441 608 2463 ed.
636 2441 644 2463 >l
666 2441 826 2469 supplevimus
852 2440 911 2462 male
932 2440 999 2461 omis-

159 2487 211 2503 sum
228 2480 276 2503 alii.

220 2519 230 2533 ⁶
248 2519 311 2541 Vers.
332 2517 365 2540 lii.
383 2530 414 2535 —
430 2518 487 2545 Mox,
509 2517 702 2540 consentientibus
727 2518 825 2545 antiquis
849 2523 903 2539 mss.
921 2519 943 2538 61
962 2516 999 2538 ed.

164 2559 168 2580 Ι
184 2576 188 2585 ,
207 2558 328 2586 posuimus
344 2556 387 2579 hoo
404 2563 446 2584 pro
463 2562 517 2586 qao.

221 2595 231 2610 ⁷
249 2595 321 2617 Codd.
338 2602 367 2617 aa.
382 2595 414 2617 bb
430 2595 539 2617 adiiciunt
555 2594 585 2617 ab
601 2594 651 2618 illo.

222 2633 232 2648 ¹³
249 2634 312 2655 Unus
329 2634 413 2655 alterve
431 2633 481 2655 cod.
499 2636 522 2655 ut
540 2634 555 2655 S
571 2632 625 2656 alio.

221 2672 231 2687 ⁹
248 2673 322 2701 Aliqui
338 2672 406 2694 codd.
423 2675 448 2694 ut
464 2672 564 2700 HPQY
581 2671 687 2701 originis.

223 2711 242 2725 ¹0
259 2711 401 2739 Reliquimus
417 2717 469 2732 cum
487 2711 537 2733 Vat.
555 2717 581 2733 ac
598 2711 634 2733 ed.
653 2711 661 2733 l
682 2713 705 2733 et
721 2711 835 2739 aliquibus
857 2717 911 2733 mss.
929 2712 998 2738 orta,

160 2750 210 2772 licet
225 2750 301 2771 maior
318 2755 371 2777 pars
387 2748 455 2770 codd.
473 2755 526 2770 cum
542 2748 595 2770 edd.
614 2749 641 2776 2,
660 2749 672 2770 3
683 2767 688 2776 ,
707 2748 736 2777 4,
754 2749 783 2777 5,
801 2749 814 2770 6
832 2749 931 2771 habeant
942 2750 998 2777 tota,

160 2788 223 2817 quod
241 2788 317 2809 minus
334 2787 446 2809 contextui
464 2786 634 2814 correspondet.

224 2826 241 2840 ¹¹
260 2827 383 2855 Sequimur
400 2826 478 2853 plures
494 2824 562 2848 codd.
575 2828 598 2848 01
610 2825 625 2847 F
634 2826 652 2847 H
661 2826 668 2847 1
678 2826 697 2847 K
707 2826 722 2847 P
732 2826 776 2854 QT
789 2830 830 2848 etc.
843 2830 865 2848 et
876 2826 913 2848 ed.
927 2826 934 2847 l
951 2826 1001 2848 loco

161 2864 362 2888 conservationem
378 2864 486 2893 ponendo
503 2863 744 2892 consummationem,
761 2865 824 2893 quod
841 2868 862 2886 61
874 2864 1001 2892 gradationi

1054 2130 1214 2152 membrorum
1231 2130 1350 2152 divisionis
1366 2132 1388 2152 et
1404 2130 1512 2153 subnexis
1529 2132 1603 2158 magis
1620 2131 1790 2159 correspondet.
1809 2130 1864 2153 Cod.
1877 2131 1898 2153 X

1054 2168 1263 2199 confirmationem.
1285 2169 1354 2191 Paulo
1379 2169 1436 2191 infra
1461 2172 1513 2197 post
1537 2169 1678 2192 conueniunt
1702 2169 1769 2192 codd.
1795 2171 1853 2192 inter
1875 2176 1899 2192 56

1053 2208 1203 2233 dissentiunt:
1222 2209 1295 2230 maior
1312 2214 1366 2235 pars
1383 2214 1463 2230 eorum
1482 2211 1506 2230 ut
1522 2208 1843 2230 ACFGlLORSVWXZ
1856 2212 1898 2231 etc.

1054 2252 1096 2274 pro
1113 2252 1174 2276 quae
1191 2246 1260 2268 babet
1276 2245 1349 2275 quia;
1367 2246 1444 2274 plures
1462 2246 1544 2268 deinde
1561 2249 1585 2268 ut
1605 2246 1661 2268 Cli.
1672 2246 1717 2268 ΟΒ
1743 2246 1824 2269 domni
1850 2247 1899 2268 loro

1055 2284 1117 2308 dicit.

1118 2323 1137 2337 ¹²
1153 2323 1257 2345 Nonnulli
1275 2323 1340 2345 codd.
1364 2326 1388 2345 ut
1404 2323 1475 2345 AST
1488 2324 1507 2345 V
1518 2323 1538 2345 X
1564 2330 1590 2345 aa
1616 2324 1691 2345 minus
1709 2329 1811 2351 congrue
1836 2323 1899 2346 Nam

1055 2362 1182 2391 Scriptura
1198 2362 1258 2385 dicit.
1277 2363 1346 2384 Paulo
1363 2362 1419 2384 infra
1437 2363 1501 2384 multi
1523 2362 1590 2384 codd.
1617 2368 1669 2384 111111
1695 2363 1731 2384 cd.
1757 2363 1763 2384 l
1793 2364 1900 2385 omittunt

1056 2400 1127 2423 verbu
1145 2402 1166 2423 et
1181 2400 1237 2423 alia.

1118 2439 1137 2454 ¹2
1153 2439 1225 2462 Codd.
1244 2445 1270 2461 aa
1287 2439 1319 2461 bb
1337 2438 1373 2461 ab.

1119 2477 1137 2492 ¹⁴
1155 2478 1210 2500 Cod.
1228 2478 1246 2500 K
1266 2477 1395 2500 secundum
1412 2477 1546 2505 veritatem,
1561 2478 1611 2499 cod.
1624 2479 1643 2500 V
1655 2477 1785 2500 secundum
1797 2477 1900 2500 rationes

1055 2523 1098 2544 pro
1115 2515 1193 2539 simili.

1120 2555 1138 2569 ¹⁵
1155 2555 1222 2577 Sacra
1240 2555 1356 2582 Scriptura
1374 2555 1481 2576 canonica
1500 2555 1542 2576 1106
1555 2560 1599 2576 11011
1613 2555 1667 2577 dicit
1681 2555 1795 2582 expressis
1807 2554 1897 2581 vorbis,

1056 2594 1097 2616 sed
1113 2594 1220 2621 implicite
1231 2597 1253 2615 et
1270 2599 1296 2614 ex
1308 2593 1341 2615 Ss.
1355 2593 1446 2615 Pati-uni
1464 2594 1654 2620 interpretatione.
1667 2593 1711 2615 (111.
1724 2593 1747 2615 d.
1764 2594 1796 2615 10.
1810 2600 1829 2615 a.
1843 2594 1863 2615 2.
1876 2600 1898 2622 q.

1057 2633 1077 2654 3.
1090 2635 1112 2654 et
1124 2633 1144 2660 2,
1157 2636 1179 2654 61
1191 2632 1227 2653 hic
1239 2631 1268 2653 nd
1285 2631 1305 2653 5.
1318 2643 1349 2647 —
1360 2631 1409 2653 Mox
1427 2631 1472 2653 fide
1489 2631 1614 2653 multorum
1631 2637 1685 2653 mss.
1709 2634 1733 2653 111
1750 2631 1767 2652 Α
1777 2631 1792 2652 F
1801 2632 1818 2652 G
1828 2631 1846 2653 H
1856 2631 1875 2653 K
1885 2631 1899 2652 S

1057 2671 1075 2693 T
1086 2671 1114 2692 W
1125 2671 1145 2693 X
1155 2671 1173 2692 Y
1183 2671 1198 2692 Z
1215 2673 1257 2692 616.
1275 2673 1297 2692 61
1307 2670 1343 2692 611.
1360 2671 1366 2692 1
1387 2670 1547 2692 substituimus
1563 2669 1594 2692 Et
1604 2675 1658 2693 oum
1675 2670 1726 2691 loco
1738 2669 1784 2692 Sed
1796 2676 1858 2697 (uim,
1878 2672 1900 2692 et

1057 2710 1125 2738 paulo
1142 2709 1198 2731 infra
1216 2709 1416 2738 comparaverunt
1432 2715 1475 2736 pro
1491 2709 1638 2737 comparant.
1666 2709 1759 2736 Propter
1784 2709 1898 2736 repetitio-

1057 2755 1109 2770 nem
1126 2748 1252 2770 vorborum
1277 2747 1349 2776 slatus
1374 2746 1499 2770 eaelerioris
1523 2748 1544 2769 et
1569 2746 1660 2769 amoris
1674 2746 1804 2769 interioris
1829 2747 1898 2775 aliqui

1057 2786 1123 2809 codd.
1142 2787 1177 2808 hic
1194 2787 1243 2808 sive
1260 2785 1385 2807 omittendo
1402 2786 1451 2807 sive
1468 2785 1620 2813 permutando
1637 2788 1778 2807 erraverunt.

1120 2825 1139 2839 ¹⁶
1156 2825 1185 2846 Ex
1202 2824 1308 2852 pluribus
1324 2830 1378 2846 mss.
1396 2827 1421 2846 ut
1437 2824 1455 2846 H
1466 2824 1510 2845 MN
1522 2824 1565 2852 DQ
1581 2830 1606 2845 aa
1626 2824 1654 2851 (T
1671 2830 1697 2845 66
1715 2824 1733 2845 Π
1746 2824 1768 2845 111
1785 2824 1898 2851 margine)

1058 2864 1184 2886 adiecimus
1200 2869 1292 2890 unum,
1312 2869 1354 2890 pro
1371 2869 1417 2891 quo
1434 2862 1470 2884 ed.
1492 2863 1498 2884 1
1521 2862 1588 2884 babet
1604 2861 1715 2884 alterum.
