2253 3317
67 704 121 727 Argg.
130 704 180 726 quod

53 727 103 746 dicat
108 727 181 745 relatio-

56 756 103 769 nem.

785 117 867 145 DIST.
883 118 934 146 VII.
949 118 1021 145 ART.
1038 118 1152 146 UNICUS
1167 118 1301 154 QUAEST.
1316 119 1333 146 I.
1876 121 1928 149 135

192 198 233 223 est
255 203 315 223 esse
337 198 363 223 et
384 201 465 231 posse
478 195 493 228 ¹,
515 197 542 222 et
564 194 685 231 potentia
706 196 731 223 et
753 194 887 228 essentia;
903 194 952 223 sed
972 202 1033 223 esse

192 243 219 269 et
239 240 359 269 essentia
379 240 407 268 in
428 239 529 268 divinis
551 239 648 268 dicunt
668 240 759 277 quid,
780 248 834 268 non
853 240 894 268 ad
908 240 1032 277 aliquid,

192 286 250 315 sive
270 294 320 322 per
342 293 371 314 se
391 285 516 319 dicatur,
543 285 600 313 sive
622 293 686 314 cum
719 286 866 319 adiunct03
888 285 963 313 unde
993 292 1033 313 es-

191 331 279 360 sentia
300 331 388 359 Patris
408 331 475 359 dicit
497 330 584 368 qaid:
606 339 673 367 ergo
694 331 756 368 pari
783 331 889 358 ratione
910 330 1033 367 potentia

191 377 350 414 generandi.

267 423 295 452 [1.
317 423 400 457 Item,
422 423 450 451 in
475 422 577 451 divinis
608 423 682 451 idem
714 426 755 451 est
785 423 940 451 secundum
971 431 1032 451 rem

187 478 272 507 posse
291 470 368 498 seire
388 473 415 498 et
435 469 521 503 velle;
542 469 590 497 sed
612 477 667 497 non
689 469 772 497 estin
795 469 897 497 divinis
918 469 1032 497 scientia

190 516 304 553 propria
325 516 383 545 sive
397 516 438 544 act
457 515 611 553 aliquast,
632 516 718 544 immo
740 516 854 544 scientia
876 515 942 544 dicit
961 515 1033 553 quid

190 565 217 591 et
247 565 289 591 est
319 562 421 596 trium,
453 562 581 590 similiter
611 564 638 590 et
659 562 802 590 voluntas:
824 569 890 598 ergo
909 561 1032 598 potentia

190 608 341 645 generandi
362 608 428 636 dicit
449 608 521 645 quid
540 608 598 636 sive
619 608 777 636 essentiam.

267 655 319 683 SED
340 663 463 684 CONTRA:
489 657 512 683 ι1.
536 654 663 691 Magister
685 655 750 683 dicit
765 655 793 683 in
815 654 919 688 littera,
941 657 969 683 et
987 655 1033 682 ha-

189 702 272 731 betur
286 702 377 739 primo
392 702 514 739 capitulo
525 702 552 729 3:
575 702 656 730 Posse
677 709 811 739 generare
826 710 881 730 non
895 704 937 730 est
951 709 1032 738 posse

189 742 310 785 aliquid,
332 756 398 785 ergo
419 757 474 776 non
499 748 565 777 dicit
586 748 674 786 quid;
695 751 722 777 et
743 748 809 777 dicit
831 748 903 786 quid
923 748 966 777 vel
989 748 1032 776 ad

190 795 321 833 aliquid.-
343 803 409 833 ergo
430 798 481 824 etc.

269 843 295 870 2.
316 842 401 875 Item,
422 842 529 870 ratione
543 841 700 870 ostenditur
715 842 768 870 sic:
784 842 923 878 potentiae
937 842 1032 871 distin-

181 890 314 925 guuntur
335 895 385 925 per
406 890 485 916 actus
498 888 522 915 ⁴:
546 895 612 924 ergo
644 888 666 916 si
697 892 782 916 1101113
803 889 941 925 potentiae
965 889 1031 917 dicit

187 933 275 971 quid,
296 936 324 962 et
340 933 488 970 poterium
516 937 543 962 et
571 934 594 962 si
616 934 682 962 dicit
702 934 743 962 act
762 934 895 972 aliquid,
917 937 983 963 tunc
1004 937 1031 963 et

187 980 309 1018 potentia
330 980 466 1009 similiter.
488 981 542 1009 Sed
562 983 670 1009 constat
684 981 759 1017 quod
779 989 922 1018 qenerare
943 982 971 1010 in
992 981 1031 1010 di-

187 1026 259 1055 vinis
289 1034 345 1055 non
376 1027 441 1055 dicit
472 1027 562 1065 quid,
584 1027 633 1056 sed
665 1027 706 1055 ad
726 1027 853 1065 aliquid:
882 1035 949 1064 ergo
981 1035 1030 1056 nec

184 1068 269 1111 posse
290 1081 433 1110 generare.

266 1119 291 1148 3.
313 1120 397 1155 Item,
418 1121 548 1157 quamvls
573 1121 601 1149 in
631 1121 768 1149 creaturis
789 1121 919 1149 differant
940 1121 1030 1150 virtus

187 1169 214 1195 et
245 1167 388 1203 operatio,
420 1170 513 1195 tamen
541 1167 569 1195 in
597 1167 654 1196 Deo
678 1167 752 1196 idem
774 1170 851 1201 sunt,
873 1168 945 1196 sicut
969 1167 1030 1196 vult

187 1212 335 1249 Dionysius
346 1213 371 1242 ⁵:
393 1221 460 1250 ergo
480 1213 508 1241 in
523 1213 580 1241 Deo
595 1213 669 1241 idem
684 1216 726 1242 est
743 1222 829 1250 posse
847 1222 990 1250 ymwrare
1004 1216 1031 1242 et

187 1267 347 1296 pateream
368 1259 416 1288 sed
436 1267 579 1296 generare
599 1259 627 1287 in
648 1259 749 1288 divinis
770 1260 836 1288 dicit
856 1260 896 1288 ad
916 1260 1031 1297 aliquid

186 1307 214 1334 et
234 1313 290 1333 non
311 1305 397 1343 quid:
420 1313 486 1342 ergo
507 1305 635 1334 similiter
652 1314 745 1342 posse.

264 1352 291 1381 [ι.
314 1352 396 1387 Item,
419 1348 506 1381 Pate?
519 1355 633 1389 generat
653 1356 680 1381 et
700 1355 791 1390 potest
811 1360 959 1390 generare:
981 1356 1030 1381 aut

186 1405 253 1435 ergo
274 1398 336 1427 ideo
356 1401 464 1435 potest,
496 1399 562 1435 quia
587 1402 701 1435 generat
713 1410 720 1433 ;
741 1402 790 1428 aut
815 1399 877 1428 ideo
898 1401 1028 1436 generat,

186 1444 252 1481 quia
273 1447 371 1481 potest.
394 1445 505 1473 Constat
526 1445 601 1481 quod
623 1453 677 1473 non
699 1446 761 1474 ideo
775 1447 865 1482 potest
886 1453 1029 1482 generare,

185 1491 251 1529 quia
272 1494 403 1528 generat:
426 1499 492 1528 ergo
514 1491 576 1520 ideo
597 1495 726 1528 generat,
754 1491 820 1529 quia
840 1494 930 1528 potest
950 1499 1030 1528 gene-

186 1546 250 1567 rare
262 1539 282 1566 ⁶.
313 1539 340 1566 Si
371 1546 438 1575 ergo
466 1539 536 1567 ratio
562 1539 669 1576 proprii
694 1539 777 1567 debet
807 1546 868 1567 esse
898 1539 1028 1576 propria,

184 1593 252 1622 ergo
272 1585 395 1621 potentia
416 1585 567 1622 generandi
588 1586 671 1614 debet
691 1593 752 1614 esse
766 1586 881 1623 propria
888 1596 896 1620 3
917 1588 944 1614 et
958 1586 1028 1614 nihil

184 1634 227 1660 est
241 1632 388 1669 proprium
410 1632 437 1660 in
452 1632 570 1668 divinis,
584 1632 637 1661 nisi
657 1633 732 1670 quod
755 1633 821 1662 dicit
835 1633 876 1661 ad
895 1632 1026 1671 aliquid:

185 1687 252 1716 ergo
270 1682 322 1708 etc.

272 1727 297 1754 5.
329 1726 412 1760 Item,
444 1726 534 1755 omnis
564 1727 687 1763 potentia
717 1727 821 1761 activa,
853 1734 925 1764 quae
957 1728 1028 1757 inest

156 1801 160 1804 ,
185 1774 349 1806 creaturae,
378 1772 449 1801 inest
477 1773 634 1801 secundum
664 1773 773 1810 aliquas
798 1774 968 1803 conditiones
996 1776 1028 1804 si-

185 1818 241 1847 ve'
269 1818 471 1855 proprietates,
498 1822 530 1847 ut
560 1822 644 1856 patet.
666 1820 747 1848 Posse
768 1820 842 1849 enim
869 1821 1027 1851 illuminare

186 1864 256 1893 inest
287 1864 426 1893 lumInoso
457 1873 507 1902 per
533 1865 640 1899 lucem,
662 1873 743 1902 posse
764 1866 916 1895 calefacere
937 1866 1027 1895 calido

185 1918 236 1947 per
256 1910 434 1939 caliditatem.
457 1911 591 1947 Quamvis
612 1914 706 1939 autem
732 1912 854 1948 potentia
875 1912 1026 1948 generandi

183 1965 240 1986 non
261 1957 296 1985 sit
316 1958 421 1992 activa,
443 1961 535 1986 tamen
557 1958 663 1987 activae
684 1958 782 1987 similis
803 1961 858 1987 est:
881 1967 947 1996 ergo
962 1967 1026 1988 cum

186 2004 250 2032 insit
280 2004 369 2038 Patri,
399 2004 470 2033 inest
500 2012 551 2042 per
582 2005 706 2042 aliquam
741 2006 957 2042 proprietatem,
979 2006 1026 2035 illa

185 2053 279 2079 autem
295 2050 452 2087 proprietas
473 2053 522 2079 aut
536 2051 602 2080 dicit
623 2051 710 2089 quid,
731 2054 780 2079 aut
801 2052 842 2080 ad
861 2052 983 2090 aliquid.
999 2052 1024 2080 Si

185 2096 275 2134 quid:
304 2104 371 2133 ergo
385 2096 394 2110 ⁸
417 2096 488 2125 inest
508 2097 638 2125 omnihus
669 2098 810 2134 personis,
839 2100 866 2126 et
887 2098 924 2126 ita
944 2106 1026 2135 posse

184 2150 336 2179 generare,
357 2143 432 2180 quod
464 2143 609 2172 manifeste
630 2146 713 2180 negat
734 2144 877 2181 Magister:
899 2151 966 2181 ergo
988 2144 1027 2172 di-

1090 195 1126 223 cit
1148 195 1189 223 ad
1208 195 1337 232 aliquid:
1360 203 1427 232 ergo
1448 199 1475 224 et
1491 196 1627 233 potentia,
1649 205 1721 234 quae
1742 198 1813 226 inest
1834 206 1930 227 secun-

1089 240 1158 268 dum
1180 240 1271 268 illam:
1293 248 1360 278 ergo
1381 244 1433 270 etc.

1391 343 1627 365 CONCLUSIO.

1089 426 1168 453 Inter
1189 429 1246 454 tres
1267 426 1301 454 cle
1322 426 1378 455 liae
1398 436 1430 455 re
1451 428 1599 464 opiniones
1612 429 1727 458 videtur
1744 430 1928 467 probabilior

1167 480 1201 500 ea
1229 480 1303 509 quae
1333 473 1460 506 asserit,
1478 474 1640 509 potentiam
1658 476 1823 512 yenerandi
1840 476 1930 513 ,919111-

1164 517 1256 554 ficare
1277 522 1338 546 tam
1359 519 1527 547 relationem
1548 529 1638 557 quam
1650 522 1858 556 substantiam,
1879 523 1929 551 sed

1167 564 1197 592 iot
1218 568 1295 593 'recto
1316 565 1495 593 relationem.

1166 656 1341 685 RESPONDEo:
1356 657 1524 692 DIcendum,
1539 659 1615 695 quod
1629 660 1703 688 circa
1718 660 1769 689 hoc
1784 661 1927 698 problema

1088 705 1144 731 tres
1164 703 1279 731 fuerunt
1300 704 1460 740 positiones.

1165 749 1289 778 Fuerunt
1302 749 1311 762 ⁹
1333 749 1467 786 quidam,
1489 751 1537 787 qui
1559 751 1751 780 distinxerunt
1777 753 1929 790 potentiam
1941 761 2009 784 Opinio
2024 762 2040 779 1.

1086 796 1237 832 generandi
1266 796 1403 831 dicentes,
1425 797 1500 833 quod
1521 798 1643 834 potentia
1664 799 1815 834 generandi
1840 802 1930 836 potest

1087 842 1141 871 dici
1162 843 1284 879 potentia
1303 844 1403 877 vnmta,
1425 843 1470 872 vel
1491 844 1614 880 potentia
1636 844 1788 881 disposita.
1810 846 1836 873 Si
1858 846 1930 874 dica-

1087 891 1133 917 tur
1164 889 1286 925 potentia
1316 889 1416 923 macla,
1449 890 1487 918 sic
1510 891 1660 919 voluerunt
1673 891 1694 903 ¹⁰
1723 892 1832 925 dicere,
1853 893 1929 929 quod

1087 934 1153 963 dicit
1175 935 1246 972 quid
1266 938 1293 963 et
1314 935 1342 963 in
1363 936 1493 964 omnibus
1523 936 1617 965 tribus
1636 938 1764 973 personis
1786 941 1842 973 est,
1864 946 1930 975 quo-

1086 981 1160 1009 niam
1188 982 1256 1010 haec
1278 982 1400 1019 potentia
1420 982 1459 1011 sic
1481 982 1554 1011 dicta
1575 984 1755 1020 consequitur
1776 987 1906 1013 naturam
1922 996 1929 1019 3

1086 1029 1161 1057 unde
1191 1036 1255 1057 cum
1276 1031 1378 1057 natura
1398 1028 1433 1057 sit
1455 1029 1482 1057 in
1506 1029 1630 1066 qualibet
1644 1038 1779 1067 persona,
1801 1030 1928 1060 similiter

1086 1077 1113 1103 et
1132 1075 1255 1112 potentia
1276 1075 1447 1104 huiusmodi.
1469 1076 1630 1104 Secundum
1650 1080 1745 1105 autem
1766 1077 1841 1114 quod
1863 1077 1929 1107 dicit

1085 1121 1236 1158 potentiam
1258 1121 1444 1158 dispositam,
1466 1122 1531 1158 quia
1546 1130 1600 1150 non
1615 1122 1699 1151 hahet
1719 1123 1927 1161 dispositionem

1085 1175 1136 1196 nec
1156 1168 1393 1202 convenientiam,
1415 1172 1445 1196 111
1467 1171 1550 1197 exeat
1571 1169 1599 1197 in
1619 1172 1714 1198 actum
1742 1170 1928 1206 generationis
1956 1177 1961 1181 ⁴

1085 1214 1136 1243 nisi
1160 1214 1187 1242 in
1208 1215 1267 1243 sola
1287 1223 1407 1251 persona
1428 1215 1531 1249 Patris,
1553 1216 1703 1244 voluerunt
1724 1216 1831 1251 dicere,
1852 1217 1927 1254 quod

1085 1261 1152 1289 dicit
1172 1261 1213 1289 ad
1232 1261 1354 1298 aliquid.

1165 1307 1218 1336 Sed
1242 1308 1329 1336 verba
1349 1308 1430 1336 istius
1454 1308 1598 1345 positionis
1627 1317 1681 1337 non
1702 1309 1834 1338 videntur
1854 1319 1926 1339 vera
1940 1317 2066 1341 Reprobatur-

1086 1362 1136 1382 nec
1157 1362 1242 1382 sana.
1265 1354 1341 1389 Non,
1363 1354 1494 1391 inquam,
1515 1363 1606 1389 vera,
1628 1356 1760 1392 quoniam
1781 1356 1862 1385 cuius
1882 1365 1928 1394 po-

1085 1401 1173 1429 tentia·
1191 1403 1232 1428 est
1253 1401 1345 1435 nuda,
1371 1404 1435 1429 nata
1462 1404 1504 1430 est
1524 1402 1630 1438 pariter
1651 1409 1712 1431 esse
1733 1402 1881 1439 disposita3
1904 1403 1927 1432 si

1084 1454 1151 1483 ergo
1172 1446 1259 1475 trium
1272 1446 1292 1459 ¹¹
1316 1450 1357 1476 est
1377 1448 1500 1484 potentia
1521 1448 1688 1485 generandi,
1703 1451 1734 1477 ut
1749 1451 1790 1477 est
1804 1449 1925 1486 potentia

1083 1493 1178 1527 nuda,
1200 1493 1328 1522 similiter
1349 1497 1377 1522 et
1397 1494 1545 1530 disposita;
1566 1498 1593 1523 et
1614 1494 1652 1523 ita
1673 1495 1814 1532 quaelihet
1834 1498 1925 1532 posset

1084 1547 1226 1576 generare.
1249 1540 1396 1569 Praeterea
1415 1549 1469 1569 non
1485 1541 1597 1569 videtur
1618 1550 1711 1570 sana:
1733 1550 1837 1579 ponere
1851 1542 1924 1570 enim

1084 1585 1236 1623 potentiam
1258 1586 1379 1621 nudam,
1401 1595 1473 1624 quae
1505 1587 1633 1616 similiter
1654 1596 1683 1617 se
1705 1588 1789 1617 habet
1809 1589 1845 1617 ad
1865 1597 1926 1618 esse

1084 1635 1111 1661 et
1141 1641 1196 1661 non
1227 1640 1288 1661 esse
1319 1636 1449 1670 respectu
1481 1633 1682 1670 generationis,
1707 1642 1792 1671 quam
1813 1635 1925 1663 omnino

1083 1679 1273 1708 necessarium
1294 1682 1335 1708 est
1355 1687 1431 1715 esse,
1453 1688 1507 1708 non
1530 1680 1642 1709 videtur
1656 1688 1722 1709 sane
1744 1681 1849 1710 1110111111
1864 1689 1925 1710 esse

1083 1726 1141 1754 sive
1162 1726 1284 1762 proprie.

1161 1772 1284 1801 Fuerunt
1305 1772 1388 1801 etiam
1403 1772 1462 1806 alii,
1478 1773 1526 1809 qui
1548 1773 1698 1806 dixerunt,
1720 1773 1795 1810 quod
1817 1781 1881 1802 cum
1896 1773 1924 1801 in
1937 1780 2005 1804 Opinio
2017 1780 2035 1798 2.

1083 1819 1186 1847 divinis
1206 1819 1241 1847 sit
1262 1819 1336 1847 idem
1351 1827 1432 1856 posse
1454 1822 1480 1848 et
1501 1827 1576 1854 esse,
1598 1822 1625 1848 et
1645 1820 1767 1856 potentia
1788 1823 1815 1848 et
1835 1828 1925 1849 essen-

1083 1865 1135 1899 tia,
1157 1865 1248 1902 quod,
1276 1865 1515 1902 quemadmodum
1547 1866 1670 1902 potentia
1690 1869 1717 1894 et
1737 1866 1856 1894 essentia
1887 1866 1925 1894 di-

1083 1914 1150 1940 cunt
1164 1912 1251 1949 qaid,
1266 1911 1394 1940 similiter
1408 1920 1469 1941 esse
1483 1915 1510 1940 et
1525 1920 1614 1949 posse.
1631 1913 1661 1940 Et
1675 1912 1923 1949 quemadmodum,

1082 1965 1146 1986 cum
1162 1958 1224 1986 dico
1238 1958 1388 1986 essentiam
1402 1958 1490 1987 Patris
1505 1962 1531 1987 et
1545 1959 1693 1987 essentiam
1715 1958 1772 1986 Filii
1794 1961 1821 1987 et
1842 1959 1925 1995 Spiri-

1082 2007 1128 2033 tus
1150 2004 1246 2038 sancti,
1262 2005 1319 2033 sive
1334 2012 1395 2033 esse
1407 2005 1514 2033 Patrem
1525 2005 1551 2039 ¹²,
1572 2013 1633 2034 esse
1647 2005 1754 2039 Filium,
1769 2013 1830 2034 esse
1843 2005 1926 2042 Spiri-

1082 2054 1142 2079 tum
1157 2053 1293 2085 sanctum,
1304 2058 1359 2079 non
1371 2051 1433 2080 dico
1443 2051 1526 2079 aliam
1538 2052 1687 2080 essentiam
1698 2060 1748 2080 nec
1760 2052 1836 2080 aliud
1848 2060 1924 2086 esse,

1082 2098 1131 2127 sed
1152 2098 1269 2126 alterius
1290 2100 1317 2126 et
1337 2098 1469 2133 alterius3
1491 2099 1528 2127 ita
1556 2099 1668 2135 quando
1689 2098 1750 2127 dico
1770 2099 1923 2136 pot-entiam

1083 2144 1186 2179 Patris,
1208 2144 1266 2173 sive
1285 2144 1395 2173 Patrem
1417 2153 1498 2182 posse
1519 2153 1654 2181 generare
1676 2148 1702 2174 et
1723 2145 1822 2174 Filium
1843 2152 1924 2181 posse

251 2281 257 2295 ¹
277 2281 353 2303 Mutila
371 2281 420 2303 Vat.
438 2284 458 2303 et
476 2282 527 2304 cod.
545 2288 571 2304 cc
590 2282 667 2311 lectio,
685 2283 707 2304 in
725 2289 770 2311 qua
795 2284 931 2306 omittuntur
956 2283 1026 2305 verba

185 2325 241 2349 erqo
258 2319 333 2342 multo
351 2326 426 2349 usque
443 2320 472 2342 ad
489 2321 510 2343 et
525 2320 641 2350 potentia,
656 2324 798 2344 restauratur
814 2328 840 2343 ex
858 2322 1027 2350 antiquioribus

185 2364 240 2380 mss.
257 2360 280 2380 et
296 2358 333 2380 ed.
351 2359 372 2380 1.
389 2370 421 2374 ——
436 2359 469 2381 De
486 2359 561 2386 prima
578 2360 647 2382 huius
663 2361 793 2388 argumenti
805 2361 962 2388 propositione
973 2360 1028 2383 vide

185 2403 255 2425 supra
273 2396 296 2419 d.
315 2398 336 2419 2.
354 2403 376 2425 q.
397 2397 415 2419 1.
433 2403 524 2425 argum.
543 2398 564 2420 1,
581 2398 610 2420 ad
627 2404 683 2426 opp.

246 2435 256 2451 ²
273 2436 323 2458 Vat.
336 2442 389 2458 cum
401 2436 508 2465 pluribus
520 2436 587 2459 codd.
600 2439 625 2459 ut
640 2437 824 2460 HIKSUXYZ
839 2437 871 2460 bh
884 2439 903 2460 ff
918 2441 940 2460 et
956 2438 993 2461 ed.
1016 2439 1021 2461 Ι

185 2477 238 2503 post
251 2475 352 2505 propria
369 2475 433 2498 addit
449 2475 486 2499 vel
501 2475 612 2499 voluntas
627 2476 727 2506 propria
744 2480 765 2499 et
783 2479 836 2505 post
851 2476 899 2500 sive
917 2477 965 2500 Vat.
978 2478 1026 2500 sola

184 2513 291 2541 adiungit
306 2512 403 2536 scientia
430 2515 451 2536 et
475 2513 605 2542 voluntas,-
629 2515 782 2543 praeferimus
806 2517 882 2537 tamen
906 2516 1026 2538 lectionem

185 2552 283 2573 aliorum
301 2557 355 2573 mss.
373 2553 398 2573 ut
414 2551 602 2574 ACFGLORT
620 2555 662 2575 etc.
673 2571 678 2580 ,
696 2559 755 2581 quae
772 2556 795 2575 01
817 2556 923 2576 contextu
945 2554 1027 2582 proba-

186 2590 223 2610 tur
232 2606 237 2615 ,
255 2589 308 2617 quia
321 2595 388 2611 secus
399 2590 517 2617 superflue
528 2593 608 2618 postea
619 2593 744 2618 poneretur
755 2590 864 2614 similiter
874 2592 897 2614 et
907 2591 1026 2615 voluntas.

247 2626 257 2641 ³
272 2627 323 2649 Vat.
341 2630 432 2655 praeter
449 2628 518 2650 fidem
536 2634 591 2650 mss.
608 2631 631 2651 et
647 2629 683 2651 ed.
703 2629 711 2651 1
733 2631 787 2659 post
810 2630 905 2653 initium
930 2631 980 2653 loco
1005 2632 1027 2654 et

185 2663 286 2687 habetur
297 2664 378 2694 primo
396 2665 505 2695 capituto.
523 2666 573 2688 Mox
584 2667 634 2689 Vat.
647 2667 707 2689 male
718 2669 740 2689 et
751 2668 960 2691 contradicentibus
971 2675 1026 2692 mss.

184 2703 268 2725 omittit
278 2704 301 2725 et
308 2702 363 2726 dicit
374 2703 432 2733 quid
441 2703 478 2726 vel
486 2712 496 2732 ,·
508 2705 575 2731 pauci
588 2704 656 2727 codd.
668 2707 693 2727 ut
703 2705 710 2727 Ι
722 2711 748 2728 00
759 2711 802 2733 pro
813 2707 835 2728 et
845 2706 900 2728 satis
910 2706 969 2728 bene
978 2706 1025 2729 sed.

248 2740 257 2755 ⁴
275 2740 434 2764 Communiter
451 2742 562 2770 allegatur
578 2743 621 2764 hac
638 2742 667 2765 de
683 2749 708 2765 re
724 2743 823 2771 Aristot.,
840 2744 863 2765 II.
882 2744 911 2766 de
927 2745 1007 2766 Anima
1021 2762 1025 2773 ,

186 2781 237 2801 text.
255 2779 291 2802 33.
310 2780 339 2808 (c.
357 2779 401 2808 4.):
419 2780 508 2802 Priores
530 2781 591 2802 enim
615 2782 722 2809 potentiis
748 2784 812 2804 actus
835 2784 856 2805 et
882 2784 1027 2810 operationes

185 2818 314 2840 secundum
331 2820 442 2841 rationem
459 2822 523 2847 sunt;
541 2820 559 2841 si
576 2822 652 2842 autem
670 2820 717 2850 sic,
734 2820 769 2842 his
785 2820 862 2843 adhuc
886 2822 964 2849 priora
985 2828 1027 2851 op-

186 2858 260 2884 posita
278 2857 306 2885 (i.
324 2863 343 2879 e.
362 2857 474 2886 obiecta).
491 2869 522 2874 —
539 2858 588 2880 Mox
610 2859 713 2881 mutilam
730 2859 851 2881 lectionem
867 2860 918 2882 Vat.
936 2862 958 2882 et
974 2861 1026 2883 cod.

1083 2290 1120 2311 cc,
1138 2285 1159 2306 in
1177 2290 1222 2312 qua
1240 2285 1351 2306 omittitur
1367 2285 1390 2306 et
1401 2283 1521 2313 potentia,·
1538 2285 1559 2306 et
1575 2284 1597 2306 si
1613 2283 1667 2307 dicit
1683 2284 1715 2307 ad
1736 2283 1840 2314 aliquid,
1868 2285 1924 2307 tunc

1083 2321 1270 2349 redintegramus
1286 2328 1331 2350 ope
1346 2325 1475 2344 ceterorum
1488 2328 1542 2345 mss.
1560 2325 1582 2345 et
1598 2322 1634 2344 ed.
1652 2323 1673 2344 t.

1144 2359 1155 2375 ⁵
1170 2360 1232 2382 Libr.
1257 2360 1287 2383 de
1311 2359 1405 2383 Caelest.
1430 2361 1547 2383 Hierarch.
1574 2367 1593 2384 0.
1619 2362 1656 2383 11.
1681 2364 1703 2384 et
1727 2361 1757 2384 de
1781 2361 1832 2383 Div.
1858 2361 1923 2384 Nom.

1082 2404 1101 2421 0.
1120 2398 1141 2420 4.
1159 2398 1172 2427 S
1192 2399 1211 2420 I.

1145 2437 1154 2451 ⁶
1172 2437 1342 2460 Postulantibus
1358 2444 1414 2460 mss.
1432 2441 1454 2460 01
1475 2437 1512 2460 811.
1530 2439 1555 2466 ’1,
1574 2445 1616 2466 pro
1633 2438 1674 2461 sed
1689 2445 1701 2461 e
1718 2444 1830 2462 converso
1846 2439 1925 2466 posui-

1082 2482 1135 2498 mus
1151 2482 1207 2505 erqo
1224 2475 1274 2499 ideo
1290 2478 1403 2506 qenerat,
1423 2476 1480 2506 quia
1493 2478 1571 2506 potest
1585 2483 1708 2506 generare.

1144 2515 1154 2529 ⁷
1171 2515 1222 2538 Vat.
1239 2521 1293 2538 cum
1311 2515 1362 2538 cod.
1380 2522 1406 2538 cc
1422 2517 1444 2539 el
1461 2516 1511 2538 Ioco
1528 2516 1588 2544 sire,
1615 2516 1657 2539 sed
1681 2519 1759 2539 contra
1782 2517 1923 2545 antiquiores

1081 2554 1149 2576 codd.
1167 2558 1189 2576 01
1204 2554 1241 2576 811.
1260 2555 1280 2576 1.

1143 2592 1153 2607 8
1169 2593 1199 2615 Ex
1215 2592 1380 2615 vetustioribus
1397 2599 1452 2616 mss.
1468 2596 1491 2616 et
1506 2594 1543 2616 ed.
1562 2595 1570 2615 1
1592 2595 1753 2622 supplevimus
1769 2599 1833 2623 erqo.

1143 2630 1153 2645 ⁹
1169 2631 1209 2653 Ed.
1228 2631 1236 2652 1
1258 2637 1312 2653 011111
1328 2637 1375 2653 11110
1392 2632 1493 2662 alteroye
1510 2632 1561 2654 eod.
1580 2632 1643 2654 addit
1659 2632 1728 2655 enim.

1144 2669 1164 2684 ¹⁰
1180 2669 1321 2692 Faventibus
1337 2671 1436 2699 antiquis
1452 2677 1507 2693 mss.
1519 2674 1541 2693 et
1553 2671 1589 2693 ed.
1608 2672 1633 2699 1,
1650 2672 1804 2699 expunximus
1815 2671 1851 2692 hic
1863 2671 1922 2695 111318

1081 2707 1186 2730 additum
1203 2707 1279 2737 aliqui
1294 2714 1394 2737 moxque
1410 2711 1463 2736 post
1479 2708 1589 2732 omnibus
1606 2709 1733 2731 adiecimus
1750 2707 1833 2731 tribu-s.

1144 2746 1162 2760 ¹¹
1180 2745 1235 2775 Cod.
1252 2746 1272 2768 H
1288 2748 1342 2769 satis
1358 2747 1417 2769 hene
1434 2747 1498 2770 addit
1512 2753 1679 2777 personarum.

1144 2784 1164 2799 ¹²
1179 2785 1230 2807 Vat.
1248 2785 1285 2807 hic
1296 2787 1318 2807 et
1329 2788 1382 2813 post
1397 2785 1487 2809 Filium
1504 2788 1582 2808 contra
1599 2786 1712 2814 plurimos
1729 2785 1796 2808 codd.
1814 2789 1836 2808 et
1852 2785 1888 2808 ed.
1907 2785 1916 2806 1

1081 2822 1158 2845 adiicit
1180 2822 1228 2846 siue
1253 2826 1275 2845 et
1291 2824 1360 2852 paulo
1377 2824 1435 2846 infra
1451 2827 1530 2847 contra
1547 2826 1687 2853 antiqui0res
1704 2824 1771 2847 codd.
1796 2826 1818 2846 et
1842 2824 1878 2846 ed.
1904 2823 1912 2844 1

1081 2862 1163 2884 omittit
1179 2863 1201 2885 et
1216 2861 1317 2885 alterius
1334 2869 1422 2885 necnon
1440 2866 1493 2891 post
1509 2869 1624 2893 generare
1641 2863 1777 2891 particulam
1793 2863 1821 2885 et.
