2253 3317
193 462 264 487 Salutio
277 466 309 484 op-

181 487 291 508 positorum.

194 1780 225 1799 Ad
237 1779 312 1803 opposi-

323 145 361 173 84

322 223 477 252 secundum
499 223 573 260 quod
596 229 674 250 mens
695 222 771 250 novit
791 225 817 250 et
835 225 909 250 amat
925 229 973 256 se;
989 222 1111 251 secunda
1126 225 1168 251 est

322 269 349 297 in
371 270 521 301 memoria,
543 269 723 305 intelligentia
744 271 771 297 et
792 268 942 297 voluntate.
966 269 997 297 Et
1017 268 1044 297 in
1069 268 1124 297 fine
1139 268 1168 297 li-

322 316 365 344 bri
386 316 521 350 ostendit,
543 315 788 352 completissimam
813 315 949 344 rationem
964 315 1092 352 imaginis
1107 323 1167 344 esse

322 363 349 391 in
371 362 576 399 comparatione
598 362 633 390 ad
655 362 744 390 Deum
760 362 775 390 ¹.

403 410 425 437 1.
449 410 474 437 2.
498 408 524 437 3.
548 409 587 437 Ex
609 408 652 437 liis
674 411 749 445 patet
770 409 914 446 responsio
939 409 974 437 ad
995 409 1119 446 primum
1141 411 1168 438 et

322 455 477 484 secundum
499 458 526 484 et
556 455 689 484 tertium:
718 455 783 492 quia
814 455 939 492 primum
969 458 1168 492 argumentum

321 502 531 531 concedendum
551 504 605 535 est,
627 501 782 530 secundum
803 509 871 530 vero
902 501 1060 536 concludit,
1092 502 1168 539 quod

321 550 348 577 in
370 549 493 577 inferiori
514 552 594 586 parte
616 549 651 577 sit
671 548 795 582 trinitas,
817 551 844 577 et
865 548 996 583 tertium,
1017 549 1093 586 quod
1108 557 1169 578 con-

318 596 459 629 formitas3
475 595 523 624 sed
539 595 606 624 haec
623 595 712 624 soluta
728 598 802 629 sunt,
817 595 883 632 quia
898 603 952 624 non
968 598 1010 624 est
1024 603 1168 633 expressa.

398 643 424 671 [ι.
447 642 485 670 Ad
508 642 579 671 illud
601 642 677 679 qnod
698 642 829 671 obiicitur
850 642 884 671 de
905 642 1051 671 aversione
1075 650 1169 679 pecca-

318 692 421 724 torum,
443 689 608 718 solvendum
623 689 641 722 ²,
663 689 738 726 quod
759 697 814 717 non
836 689 957 717 dicimus
975 689 1124 726 imaginem
1140 689 1167 717 in

319 737 362 765 his
384 736 513 773 potentiis
535 736 690 765 secundum
712 736 922 765 conversionem
943 736 1103 771 actualem,
1118 736 1167 765 sed

320 782 562 820 aptztmlzfrzalenz,
594 790 666 819 quae
687 790 831 819 nunquam
853 782 987 820 relinquit
1011 783 1167 820 potentias:

319 830 391 858 sicut
412 829 565 867 gressibilis
586 829 669 858 etiam
685 829 787 858 dicitur
803 830 900 863 homo,
920 830 968 867 qui
984 829 1068 858 habet
1082 830 1168 867 pedes

318 879 477 911 truncatos,
498 876 627 913 quamvis
647 884 702 904 non
724 876 877 913 gradiatur.

1064 965 1188 1001 SOHO

381 1056 396 1078 l.
414 1056 532 1078 Distinctio
549 1056 643 1078 rationis
666 1056 688 1077 in
710 1058 799 1083 partem
821 1056 967 1083 superiorem
992 1058 1014 1078 et
1036 1056 1167 1078 inferiorem

318 1096 340 1117 in
358 1101 422 1122 corp.
441 1095 552 1122 accipitur
570 1101 615 1117 non
633 1101 659 1116 ex
677 1097 742 1122 parte
759 1095 832 1122 ipsius
847 1094 977 1124 potentiae,
1000 1094 1042 1117 sed
1058 1101 1085 1116 ex
1103 1097 1167 1122 parte

318 1133 412 1162 obiecti,
432 1138 546 1163 quatenus
572 1134 647 1155 anima
673 1134 762 1161 attingit
778 1133 815 1155 vel
841 1133 930 1155 obIecta
948 1133 1059 1155 exteriora
1076 1135 1098 1155 et
1114 1133 1168 1155 infe-

318 1174 378 1195 riora
389 1192 394 1201 ,
412 1173 448 1195 vel
466 1174 573 1196 interiora
591 1175 612 1195 et
624 1173 757 1201 superiora,
775 1173 824 1194 sive
836 1176 861 1195 ut
873 1172 928 1195 dicit
944 1173 967 1195 S.
984 1172 1080 1195 Doctor:
1099 1172 1167 1194 «Non

318 1216 352 1235 est
369 1213 496 1235 differentia
514 1213 557 1234 nisi
574 1211 703 1234 secundum
715 1215 834 1240 aspectum
845 1220 854 1232 ιι
865 1230 871 1239 ‚
890 1212 913 1234 ll.
931 1212 992 1234 Sent.
1009 1212 1031 1234 d.
1050 1211 1086 1234 24.
1113 1218 1127 1240 p
1153 1212 1167 1234 l.

318 1258 338 1273 a.
357 1252 378 1273 2.
396 1258 417 1280 q.
437 1252 465 1279 2.,
484 1252 523 1273 csr.
541 1252 610 1274 etiam
627 1250 714 1273 ibidem
732 1257 754 1279 p.
773 1251 796 1273 ll.
814 1257 833 1273 a.
853 1251 872 1273 ’1.
891 1257 913 1280 q.
933 1251 958 1279 l;
976 1251 1091 1280 Breviloq.
1113 1257 1134 1279 p.
1153 1250 1167 1273 l.

318 1296 337 1312 c.
352 1290 393 1317 =12;
406 1290 506 1312 ltinerar.
525 1290 619 1318 mentis,
632 1295 651 1312 c.
669 1290 686 1312 1.
703 1301 735 1306 --
751 1289 812 1311 Alex.
830 1289 887 1318 Hal„
905 1290 927 1311 S.
945 1295 968 1317 p.
986 1290 1000 1311 l.
1018 1296 1040 1318 q.
1059 1290 1079 1311 2.
1097 1296 1128 1312 m.
1147 1290 1167 1311 3.

1009 144 1261 173 SENTENTIARUM
1282 143 1341 171 LlB.
1365 143 1382 171 l.

1305 222 1329 249 5.
1352 221 1390 249 Ad
1412 220 1482 249 illud
1497 221 1572 258 quod
1588 221 1732 256 obiicitur,
1754 223 1829 259 quod
1843 231 1956 253 necesse
1971 227 2026 259 est,
2041 224 2069 253 in

1224 268 1344 304 imagine
1365 275 1532 304 cognoscens
1554 271 1580 297 et
1609 269 1749 305 cognitum
1780 270 1947 307 adaequari;
1979 271 2069 300 dicen-

1225 314 1309 348 dum,
1331 314 1406 350 quod
1428 322 1481 342 non
1504 317 1620 351 oportet,
1643 316 1783 352 cognitum
1805 316 1958 354 adaequari
1972 325 2069 354 cogno-

1224 408 1433 445 coynoset'bilz's.
1457 408 1533 437 Unde
1554 412 1663 437 tantum
1685 412 1727 438 est
1747 410 1889 447 cognitum
1914 411 1941 439 in
1972 411 2070 440 intelli-

1225 455 1333 491 gentia,
1355 458 1490 492 quantum
1516 459 1744 493 repraesentatur
1775 464 1791 485 a
1821 457 1964 485 memoria.
1990 457 2070 494 Quod

1224 504 1319 530 autem
1341 502 1503 539 simpliciter
1524 502 1697 539 adaequetur
1718 511 1773 531 non
1787 506 1914 540 oportet;
1935 503 2071 540 adaequa-

1225 551 1271 576 tur
1292 551 1394 583 tamen,
1415 549 1571 577 secundum
1593 549 1668 586 quod
1688 550 1781 578 anima
1795 550 1967 579 convertitur
1982 558 2068 587 supra

1225 603 1263 624 se.
1285 595 1361 624 Unde
1382 596 1453 624 ratio
1474 596 1602 633 imaginis
1623 597 1716 633 quoad
1737 596 1805 634 quid
1826 599 1868 625 est
1888 597 1952 634 plus
1967 597 1994 625 in
2009 604 2071 626 con-

1225 642 1352 671 versione
1373 642 1408 670 ad
1429 642 1537 677 Deum,
1559 643 1651 680 quoad
1673 643 1741 680 quid
1763 646 1804 672 est
1824 644 1888 681 plus
1910 644 1937 672 in
1959 651 2072 673 conver-

1225 689 1301 717 sione
1322 689 1431 717 animae
1452 697 1538 726 supra
1559 697 1597 718 se.
1619 689 1648 718 ln
1670 690 1849 719 conversione
1870 690 1905 719 ad
1925 690 2014 719 Deum
2030 693 2072 719 est

1226 736 1305 772 plus,
1326 735 1392 772 quia
1414 735 1477 772 plus
1498 735 1583 764 habet
1604 736 1638 765 de
1660 736 1766 765 ratione
1788 737 1941 766 venustatis
1962 740 1989 766 et
2010 745 2073 767 con-

1226 782 1391 815 formitatis;
1414 782 1440 810 in
1462 783 1642 811 conversione
1663 783 1698 812 ad
1720 792 1750 812 se
1770 784 1834 821 plus
1854 784 1938 813 habet
1964 785 1998 813 de
2030 793 2073 813 ra-

1226 829 1299 858 tione
1320 828 1613 858 consubstantialitatis
1635 832 1662 858 et
1682 830 1865 867 aequalitatis.

1198 966 1326 1002 LION.

1224 1061 1244 1077 a.
1263 1055 1284 1077 3.
1301 1067 1333 1071 -
1349 1055 1372 1077 S.
1391 1055 1490 1084 Thom.,
1508 1056 1530 1077 S.
1548 1055 1562 1077 1.
1581 1062 1603 1084 q.
1621 1055 1657 1078 79.
1677 1062 1697 1077 a.
1710 1056 1731 1078 9.
1749 1058 1771 1078 et
1791 1056 1833 1078 10.
1851 1055 1880 1078 de
1899 1056 1981 1083 Verit.,
1994 1062 2016 1085 q.
2035 1055 2072 1078 45.

1225 1100 1245 1116 a.
1264 1094 1284 1116 11.
1302 1097 1324 1116 et
1342 1095 1362 1116 2.

1288 1133 1311 1155 ll.
1330 1133 1411 1161 Quoad
1428 1134 1503 1161 ipsam
1521 1134 1692 1162 quaestionem:
1710 1133 1771 1155 Alex.
1794 1133 1856 1162 I-lal.⁷
1874 1133 1896 1155 S.
1914 1139 1936 1162 p.
1954 1133 1978 1156 ll.
1995 1140 2017 1162 q.
2036 1133 2071 1155 62.

1226 1177 1256 1194 m.
1270 1172 1290 1194 5.
1304 1178 1324 1195 a.
1342 1172 1362 1194 5.
1380 1172 1400 1201 S.
1419 1173 1440 1194 2.
1457 1184 1489 1189 —-
1505 1173 1529 1194 B.
1547 1172 1645 1200 Albert„
1658 1173 1694 1195 hic
1712 1179 1731 1195 a.
1750 1173 1792 1200 22;
1811 1172 1833 1195 S.
1851 1179 1874 1200 p.
1887 1172 1901 1195 Ι.
1915 1175 1942 1195 tr.
1956 1173 1976 1195 3.
1995 1179 2017 1201 q.
2036 1172 2072 1194 45.

1226 1217 1256 1233 m.
1270 1212 1291 1233 2.
1309 1218 1328 1234 a.
1347 1212 1367 1234 2.
1386 1211 1454 1240 subp.
1471 1224 1503 1228 —
1520 1212 1577 1234 Petr.
1595 1218 1607 1234 a
1626 1212 1691 1240 Tan,
1710 1213 1747 1235 liic
1764 1219 1785 1241 q.
1804 1212 1824 1234 5.
1842 1218 1862 1234 a.
1881 1211 1901 1235 4.
1918 1224 1950 1228 —
1965 1212 2072 1235 Richard.

1226 1256 1239 1272 a
1256 1249 1330 1279 Med,
1351 1251 1387 1273 liic
1404 1257 1423 1273 a.
1442 1251 1463 1273 sl.
1481 1258 1503 1280 q.
1522 1252 1543 1273 2.
1560 1263 1592 1268 —
1609 1251 1683 1279 AEgid.
1702 1251 1741 1279 Κ,
1764 1252 1800 1273 bic
1819 1251 1840 1273 2.
1858 1251 1930 1279 princ.
1949 1257 1971 1280 q.
1998 1251 2018 1273 3.
2042 1262 2074 1268 -

1227 1289 1320 1313 Ceteros
1337 1290 1391 1312 vide
1409 1291 1431 1312 in
1449 1290 1540 1312 Scliolio
1558 1290 1712 1318 praecedenti.

1032 1367 1235 1404 QUAESTIO
1265 1368 1325 1396 111.

552 1455 656 1483 Utrimz
676 1454 835 1488 memoria,
856 1454 1045 1491 intelliqentz'ct
1065 1457 1091 1482 ec
1110 1453 1247 1482 voluntas
1267 1453 1327 1482 sint
1347 1453 1422 1482 idem
1444 1453 1475 1482 in
1497 1454 1621 1482 essentia
1643 1462 1708 1482 cum
1732 1454 1845 1483 anima.

399 1541 491 1570 Tertio
512 1541 572 1570 loco
593 1540 739 1578 quaeritur
760 1540 794 1568 de
816 1539 1022 1577 comparatione
1049 1539 1167 1568 istarum

320 1589 508 1626 potentiarum
530 1588 565 1617 ad
580 1588 702 1616 animam
725 1588 782 1617 sive
804 1587 857 1616 ad3
878 1587 1048 1621 subiectum,
1070 1590 1168 1615 utrum

320 1636 450 1665 videlicet
485 1636 540 1664 sint
574 1635 649 1664 idem
684 1635 711 1663 in
747 1634 866 1664 essentia
901 1642 965 1663 cum
1000 1634 1101 1662 anima.
1138 1633 1169 1661 Et

321 1682 435 1711 videtur
457 1682 533 1719 quod
556 1682 603 1711 sic.

403 1731 426 1758 1.
449 1729 619 1766 Augustinus
650 1728 716 1757 dicit
745 1728 772 1756 in
803 1728 911 1757 decimo
943 1727 977 1756 de
999 1726 1167 1755 Trinitate⁴:

331 1778 423 1806 «Haec
444 1776 509 1810 tria,
530 1775 679 1809 memoria,
701 1774 883 1811 intelligentia
898 1778 925 1803 et
944 1774 1073 1802 voluntas
1104 1776 1170 1802 sunt

321 1834 378 1855 una
398 1832 493 1858 mens,
515 1831 571 1852 una
592 1822 663 1857 vita,
685 1830 741 1854 una
763 1821 895 1855 essentia,
915 1829 948 1850 ac
967 1828 1018 1858 per
1038 1820 1092 1849 hoc
1113 1828 1169 1849 una

322 1871 477 1902 substantia
489 1883 515 1898 n.

402 1920 428 1946 ἓ.
450 1917 533 1951 Item,
549 1915 708 1945 Bernardus
724 1923 809 1952 super
823 1914 934 1943 Cantica
944 1914 968 1942 ⁵:
991 1926 1002 1938 «
1013 1913 1077 1942 Tria
1088 1921 1171 1951 quae-

324 1965 392 1994 damv
410 1965 438 1993 in
460 1964 553 1992 anima
574 1963 696 1994 intueor,
719 1961 893 1995 memoriam,
908 1960 1121 1997 intelligentiam
1143 1963 1170 1988 et

322 2011 508 2044 voluntatem,
529 2012 557 2038 et
571 2009 640 2037 haec
655 2008 708 2037 tria
723 2008 812 2045 ipsam
824 2020 850 2035 ».
867 2007 900 2036 Sa·
918 2011 949 2035 tu
971 2007 1071 2041 dicas,
1094 2006 1169 2043 quod

324 2058 376 2086 hoc
397 2056 500 2085 dicitur
520 2063 571 2092 per
592 2063 721 2086 causam:
743 2055 795 2083 hoc
826 2054 896 2082 nihil
917 2056 971 2088 est,
994 2053 1059 2090 quia
1080 2053 1170 2089 Augu-

323 2103 413 2132 stinus
434 2103 469 2132 de
491 2102 596 2139 Spiritu
610 2104 637 2130 et
651 2100 764 2129 anima⁶
784 2101 863 2135 dicit,
885 2100 961 2137 quod
981 2100 1074 2128 anima
1103 2102 1170 2128 «est

322 2149 461 2187 quaedam
483 2157 546 2183 sua,
567 2151 600 2177 ut
620 2148 771 2185 potentiae,
792 2150 820 2176 et
833 2147 972 2183 quaedam
988 2155 1042 2175 non
1057 2155 1123 2181 sua,
1139 2150 1171 2175 ut

322 2196 479 2230 virtutes»;
500 2195 575 2232 quod
591 2195 613 2223 si
628 2202 679 2232 per
700 2201 813 2223 causam
834 2197 907 2222 esset
928 2193 1048 2227 dictum,
1063 2196 1171 2221 utrum-

323 2251 378 2280 que
398 2246 492 2280 posset
507 2242 569 2271 dici.

386 2368 393 2383 ¹
412 2369 444 2391 De
462 2369 537 2396 prima
554 2368 707 2396 assignatione
724 2367 778 2389 vide
794 2367 832 2389 lx.
850 2366 879 2389 de
897 2366 960 2389 Trin.
978 2372 1020 2395 per
1036 2369 1124 2395 totum;
1142 2366 1171 2389 de

323 2407 425 2430 secunda
450 2407 506 2429 ibid.
533 2407 561 2429 X.
580 2413 599 2429 c.
621 2407 654 2428 il.
672 2409 694 2428 et
715 2406 756 2434 12;
774 2406 803 2428 de
820 2406 998 2434 completissima
1015 2406 1122 2434 imaginis
1138 2412 1172 2428 ra-

323 2448 383 2469 tione
406 2446 461 2469 ibid.
480 2446 539 2468 XlV.
558 2452 577 2468 c.
595 2446 617 2468 8,
634 2452 661 2468 ac
682 2446 714 2467 12.
732 2451 797 2474 seqq.

388 2486 398 2500 2
414 2486 465 2508 Vnt.
484 2488 562 2508 contra
580 2491 635 2507 mss.
653 2484 789 2513 respondeo.

385 2524 394 2539 ³
412 2524 467 2547 Cod.
486 2524 504 2546 O
521 2524 584 2546 addit
600 2530 679 2546 suum.

386 2563 395 2578 ⁴
413 2563 467 2592 Cap.
488 2564 523 2586 il.
542 2570 563 2585 n.
585 2564 618 2585 l8.
636 2563 696 2585 Vide
712 2564 780 2585 etiam
797 2563 873 2585 biclit.
883 2562 995 2590 Magistri,
1006 2568 1025 2584 c.
1036 2563 1057 2584 2.
1067 2562 1088 2583 in
1101 2562 1171 2584 initio.

388 2602 399 2617 ⁵
415 2603 488 2625 Serm.
510 2603 543 2624 tl.
561 2602 584 2624 ln
602 2602 647 2624 fine
664 2604 738 2624 textus
759 2602 819 2624 citati
844 2601 927 2629 supple
950 2607 1003 2623 cum
1020 2601 1056 2623 ed.
1074 2607 1171 2629 operum

326 2641 435 2664 Bet-nardi
452 2640 560 2663 animam
577 2646 632 2663 esse.
651 2640 702 2662 Vat.
720 2641 742 2662 in
760 2641 822 2662 initio
840 2641 909 2662 huius
926 2642 999 2662 textus
1015 2640 1097 2662 omittit
1115 2638 1172 2662 Tria

325 2683 347 2702 et
364 2681 423 2702 circa
442 2680 510 2702 finem
529 2680 584 2708 legit
600 2679 657 2703 haec
674 2679 721 2701 tria
738 2679 788 2708 ipsa
806 2680 846 2702 est.

386 2719 396 2733 θ
413 2718 468 2747 Cap.
491 2720 532 2741 13;
549 2719 610 2741 Deus
627 2722 662 2741 est
678 2719 754 2741 omnia
772 2724 827 2746 sua,
844 2721 866 2741 et
882 2719 958 2740 anima
980 2718 1095 2747 quaedam
1121 2723 1170 2739 sua.

326 2757 400 2780 Habet
416 2757 531 2786 siquidem
550 2758 658 2780 naturalia
676 2760 698 2780 et
715 2758 764 2785 ipsa
783 2758 860 2779 onmia
882 2759 922 2779 est.
940 2757 1054 2779 Potentiae
1072 2762 1172 2785 namque

325 2797 375 2819 eius
391 2799 413 2818 et
430 2798 492 2819 vires
509 2797 571 2819 idem
589 2799 641 2819 sunt
658 2796 721 2825 quod
740 2798 796 2824 ipsa.
814 2796 887 2819 Habet
904 2796 1050 2819 accidentalia
1061 2814 1066 2824 ‚
1084 2798 1106 2817 et
1122 2796 1172 2823 ipsa

327 2841 372 2857 non
389 2838 429 2857 est.
447 2836 507 2857 Suae
524 2836 585 2857 vires
602 2839 650 2863 est,
668 2842 723 2858 suae
740 2836 837 2858 virtutes
854 2841 900 2857 non
917 2838 958 2857 est.
975 2847 1007 2852 —
1023 2835 1046 2857 In
1069 2834 1114 2857 fine
1139 2841 1172 2856 ar-

326 2876 429 2903 gumenti
447 2875 496 2896 Vat.
515 2878 592 2897 contra
609 2881 665 2897 mss.
682 2878 705 2897 et
720 2874 756 2897 ed.
779 2875 783 2896 l
805 2875 887 2896 omittit
903 2874 999 2897 dictum.

386 2913 396 2928 ⁷
415 2913 472 2936 Vide
489 2914 579 2936 Aristot.
590 2932 595 2942 ‚
613 2914 636 2936 ll.
654 2914 721 2941 Phys.
734 2916 785 2936 text.
799 2914 835 2935 28.
849 2914 877 2942 (c.
890 2914 935 2942 3.);
953 2913 998 2936 Vll.
1011 2914 1108 2941 llletapb.
1120 2915 1171 2935 text.

1304 1539 1329 1567 3.
1351 1539 1432 1573 item,
1454 1539 1507 1568 hoc
1529 1540 1621 1577 ipsum
1642 1539 1755 1568 videtur
1776 1539 1847 1568 veile
1870 1539 1962 1569 dicere
1986 1540 2073 1569 Philo-

1225 1586 1364 1623 soplius⁷‚
1386 1586 1451 1623 quia
1483 1586 1557 1614 idem
1589 1586 1656 1615 dicit
1677 1594 1738 1615 esse
1771 1586 1941 1623 principium
1963 1587 2072 1616 essendi

1226 1635 1252 1662 et
1273 1632 1422 1669 operandi:
1445 1640 1511 1669 ergo
1542 1640 1607 1661 cum
1629 1633 1799 1669 principium
1821 1633 1931 1662 essendi
1957 1633 1992 1662 sit
2013 1633 2073 1670 ipsa

1226 1680 1314 1707 forma
1335 1679 1541 1713 substantialis,
1563 1679 1732 1715 principium
1764 1679 1898 1716 operandi
1919 1679 1973 1708 erit
1993 1679 2073 1717 ipsa;

1226 1727 1275 1755 sed
1296 1726 1466 1763 principium
1481 1726 1615 1763 operandi
1637 1729 1679 1755 est
1700 1726 1838 1763 potentia:
1861 1734 1928 1763 ergo
1948 1726 2071 1763 potentia

1227 1776 1268 1802 est
1289 1773 1458 1810 principium
1480 1772 1609 1807 essendi3
1630 1772 1678 1801 sed
1701 1781 1755 1800 non
1776 1776 1818 1802 est
1843 1773 2013 1810 principium
2034 1781 2074 1802 es-

1227 1820 1304 1849 sendi
1326 1820 1379 1849 nisi
1404 1820 1494 1848 forma
1522 1819 1713 1849 substantialis
1741 1820 1768 1848 in
1790 1820 1917 1849 homine:
1940 1827 2006 1857 ergo
2027 1828 2074 1857 po-

1226 1867 1311 1895 tentia
1332 1869 1359 1895 et
1372 1867 1462 1895 forma
1477 1866 1667 1895 substantialis
1683 1869 1748 1895 sunt
1763 1866 1837 1895 idem
1859 1866 1887 1894 in
1909 1866 2073 1895 substantia.

1304 1914 1331 1942 [ι.
1353 1913 1433 1947 Item,
1455 1913 1570 1941 ratione
1584 1913 1756 1942 ostenditur:
1779 1913 1855 1942 Sicut
1879 1913 1997 1942 materia
2020 1913 2075 1950 pri—

1226 1968 1272 1989 ma
1293 1964 1357 1990 nata
1378 1964 1420 1989 est
1439 1961 1565 1997 recipere
1586 1960 1678 1989 onmia
1700 1968 1750 1997 per
1772 1960 1932 1995 veritatem,
1959 1961 1997 1990 sic
2019 1961 2075 1989 ani-

1226 2015 1272 2036 ma
1293 2008 1448 2036 secundum
1464 2007 1675 2036 similitudinem
1689 2007 1698 2020 ⁸
1711 2018 1718 2039 ;
1739 2007 1786 2035 sed
1803 2007 1926 2044 potentia
1940 2007 2074 2036 materiae

1225 2055 1332 2092 primae
1353 2057 1483 2091 respectu
1504 2054 1658 2082 formarum
1680 2054 1924 2091 suscipiendarum
1949 2062 2004 2082 non
2025 2053 2075 2082 dif-

1226 2102 1280 2131 fert
1300 2110 1351 2139 per
1371 2102 1520 2130 essentiam
1542 2101 1578 2130 ab
1598 2101 1691 2139 ipsa⁹z
1713 2109 1780 2138 ergo
1802 2101 1930 2130 similiter
1944 2101 2073 2136 videtur,

1226 2148 1301 2185 quod
1333 2148 1455 2185 potentia
1485 2148 1602 2176 animae.
1635 2147 1793 2176 Probatz'o:
1818 2149 1840 2176 si
1862 2148 1936 2176 enim
1962 2155 2013 2185 per
2033 2155 2074 2176 es-

1227 2194 1345 2223 sentiam
1360 2194 1498 2229 differret,
1520 2198 1569 2223 aut
1583 2197 1656 2223 esset
1670 2194 1851 2227 substantia,
1866 2196 1915 2222 aut
1929 2193 2072 2222 accidews.

1227 2241 1285 2269 Non
1296 2240 1442 2274 accidens,
1458 2241 1524 2277 quia
1537 2241 1676 2270 antecedit
1690 2248 1801 2268 omnem
1816 2235 1934 2268 formam
1949 2242 1977 2268 et
1991 2248 2073 2269 omne

1229 2366 1265 2388 59.
1284 2366 1321 2388 60.
1339 2366 1385 2394 (Vl.
1403 2372 1422 2388 c.
1442 2366 1488 2394 v17.)
1505 2369 1527 2388 et
1543 2366 1597 2388 Vlll.
1616 2366 1713 2393 llletaph.
1731 2367 1782 2388 text.
1800 2365 1822 2387 8.
1840 2365 1894 2393 (Vll.
1912 2371 1931 2387 c.
1950 2365 1981 2393 3.)
2002 2371 2028 2387 ac
2049 2365 2072 2387 11.

1229 2405 1258 2428 de
1275 2406 1355 2427 Anima
1366 2423 1371 2433 ‚
1389 2408 1440 2427 text.
1459 2406 1487 2433 2,
1500 2404 1625 2433 ubidoce1‚
1642 2405 1739 2427 sormam
1757 2404 1929 2427 substantialem
1946 2410 1996 2427 esse
2013 2405 2073 2432 prin-

1229 2445 1316 2472 cipium
1341 2444 1445 2472 essendi,
1471 2445 1493 2466 in
1513 2446 1624 2473 quantum
1650 2444 1697 2466 scil.
1715 2450 1755 2466 sua
1774 2444 1901 2466 actualitate
1918 2443 1956 2466 dat
1973 2449 2023 2466 esse
2039 2444 2072 2465 rei

1229 2490 1325 2512 remque
1350 2484 1372 2505 in
1398 2487 1459 2506 certa
1483 2484 1560 2511 specie
1586 2484 1715 2510 eonstituit;
1742 2483 1764 2505 ll.
1792 2483 1858 2510 l‘bys.
1884 2485 1935 2505 text.
1954 2483 1990 2504 ll.
2008 2488 2072 2511 seqq.

1230 2522 1258 2551 (c.
1277 2523 1316 2551 1.),
1342 2522 1380 2544 ubi
1398 2523 1485 2550 asserit,
1504 2523 1602 2544 sormam
1620 2522 1793 2544 substantialem
1814 2528 1864 2544 esse
1889 2522 2004 2544 natm-am
2021 2522 2035 2543 i.
2052 2527 2071 2543 e.

1229 2562 1369 2590 principium
1386 2565 1463 2583 motus
1480 2564 1501 2583 et
1517 2561 1614 2589 quietis;
1633 2561 1655 2582 ll.
1673 2560 1703 2582 de
1714 2561 1802 2588 Anima,
1815 2563 1866 2582 text.
1879 2559 1916 2582 24.
1929 2559 1957 2588 (c.
1976 2559 2014 2588 2.),
2032 2559 2072 2582 ubi

1228 2601 1328 2622 animam
1355 2602 1379 2621 ut
1399 2600 1497 2622 sormam
1523 2599 1694 2621 substantialem
1720 2598 1844 2621 describit:
1866 2598 1890 2620 id
1907 2604 1954 2627 quo
1971 2598 2073 2620 vivimus

1228 2642 1250 2662 et
1266 2639 1377 2661 sentimus
1394 2641 1415 2661 et
1432 2644 1556 2660 movemur
1572 2641 1594 2660 et
1610 2639 1757 2666 intelligimus
1769 2639 1852 2666 prim0.

1290 2677 1300 2692 Β
1316 2676 1361 2700 Cir.
1378 2678 1468 2699 Aristot.
1479 2695 1484 2705 ,
1502 2677 1534 2699 lll.
1552 2677 1581 2699 de
1598 2678 1679 2699 Anima
1696 2680 1748 2699 text.
1767 2677 1804 2699 17.
1821 2679 1843 2698 et
1859 2676 1896 2698 37.
1914 2682 1978 2705 seqq.
1996 2675 2025 2703 (c.
2049 2676 2070 2698 5.

1228 2719 1251 2738 et
1267 2716 1288 2738 8.
1298 2717 1314 2744 ).

1290 2755 1300 2769 ⁹
1317 2755 1408 2777 Aristot.
1418 2773 1423 2783 ,
1437 2755 1451 2777 l.
1464 2754 1530 2782 Phys.
1549 2758 1599 2777 text.
1611 2755 1647 2777 81.
1658 2762 1706 2783 seq.
1719 2755 1747 2783 (c.
1765 2755 1822 2783 ult.);
1835 2754 1888 2776 Vlll.
1905 2754 2002 2781 Metapli.
2019 2756 2071 2775 text.

1230 2795 1250 2816 3.
1263 2801 1327 2823 seqq.
1340 2797 1363 2816 et
1380 2794 1425 2816 ΧΗ.
1443 2797 1495 2816 text.
1513 2794 1550 2816 26.
1569 2794 1623 2822 (Vll.
1641 2801 1660 2816 c.
1681 2795 1700 2816 l.
1713 2798 1735 2817 et
1747 2794 1784 2816 Xl.
1798 2800 1816 2816 c.
1830 2794 1870 2822 5.).
1882 2794 1911 2815 lta
1924 2793 1992 2815 docet
2003 2793 2072 2815 Aver-

1229 2840 1295 2862 roes,
1313 2835 1335 2855 in
1353 2833 1403 2855 libr.
1421 2833 1449 2856 de
1467 2833 1596 2856 Substantia
1623 2833 1692 2856 orbis.
1710 2846 1742 2850 —
1758 2834 1808 2855 Mox
1833 2836 1884 2861 post
1901 2831 1964 2862 quod
1988 2832 2072 2854 substi-

1229 2873 1315 2895 tuimus
1331 2879 1357 2894 ex
1375 2878 1429 2894 mss.
1447 2875 1469 2894 et
1485 2872 1521 2894 ed.
1543 2873 1548 2894 1
1567 2872 1672 2901 potentia
1690 2872 1739 2894 loco
1748 2871 1872 2901 potentiae.
1884 2871 1940 2893 Dein
1952 2876 2004 2899 post
2015 2871 2072 2893 Pro-

1229 2911 1290 2935 batio
1308 2912 1357 2934 Vat.
1376 2916 1453 2934 contra
1471 2913 1610 2940 antiqu10res
1628 2911 1695 2934 codd.
1712 2914 1734 2934 et
1750 2911 1786 2933 ed.
1805 2911 1813 2933 «1
1836 2910 1899 2933 addit
1915 2906 2022 2933 minoris.

1225 361 1310 390 scenti
1332 361 1532 398 adaequatione
1553 362 1598 390 rei
1617 363 1658 391 ad
1678 371 1757 397 rem,
1791 363 1839 392 sed
1871 364 1924 393 sub
1955 364 2069 393 ratione
2082 368 2202 415 ”affffluff'
