2253 3317
707 111 789 139 DIST.
814 110 874 138 vul.
897 110 923 137 Ρ.
945 110 972 138 ll.
998 110 1066 138 ᾹΒΤ.
1090 109 1204 138 UNlCUS
1225 110 1359 146 QUAEST.
1380 110 1398 138 1.
1870 106 1922 139 163

188 189 373 227 Augustinus
394 192 443 217 etc.
467 189 493 216 ln
516 189 615 222 tertia,
637 189 712 226 quod
726 196 847 221 suninze,
863 188 915 216 ibi:
931 188 1028 215 Huius

182 239 285 264 autent
305 235 483 264 sinceritatis
504 239 529 263 et
549 235 753 272 simplicitatis.

265 281 371 310 Prima
402 281 503 309 iterum
532 289 597 318 pars
625 281 708 309 habet
736 283 792 309 tres
812 284 913 318 partes.
937 280 1027 308 Primo

186 328 329 365 proponit,
351 325 425 364 quod
446 328 558 364 proprie
579 330 621 356 est
642 327 777 364 simplex:
799 327 922 356 secundo
940 329 1028 355 051611-

186 375 241 409 (111,
262 374 337 411 quod
358 382 411 402 non
438 374 565 402 convenit.
593 377 708 402 naturae
730 373 882 410 corporali,
910 373 965 401 ihi:
993 373 1028 401 Ut
1054 369 1056 380 ⁵

185 424 282 450 autem
312 421 407 454 scias,
428 421 569 458 quomodo
589 420 711 457 simplex
732 420 825 449 616111
847 420 936 454 tertia,
951 420 1026 456 quod

185 476 239 496 non
261 467 388 496 convenit
409 470 525 495 naturae
547 467 700 503 spirituali,
724 467 775 495 ihi:
800 466 946 495 Creatnra
961 474 1027 504 quo-

185 523 238 553 que
258 514 425 552 spiritualis
446 517 496 542 etc.
511 514 525 542 ¹.

262 561 394 589 Similiter
419 568 500 598 pars.
530 560 555 588 in
578 568 634 597 qua
655 560 782 594 ostendit,
804 560 878 597 quod
899 563 941 589 est
961 568 1026 588 vere

179 607 318 644 simplex,
341 607 424 635 habet
445 609 502 635 tres
522 609 624 643 partes.
645 606 674 634 ln
688 607 780 643 prima
801 606 935 639 ostendit,
950 606 1025 643 quod

183 654 211 682 in
232 654 289 682 Deo
310 656 351 682 est
371 661 442 690 pure
457 653 647 690 multiplicitas
667 653 828 687 nominum,
854 653 881 681 in
903 652 1025 681 secunda

183 700 310 734 ostendit,
332 699 407 736 quod
426 700 453 728 in
473 707 505 728 eo
520 707 573 727 non
596 702 638 728 est
652 699 799 727 diversitas
820 699 1025 736 praedicamen-

183 749 285 780 torum,
299 746 351 775 ihi:
376 746 459 782 Quod
472 749 570 774 autent
585 746 615 774 in
629 749 742 774 nutura
757 745 921 773 diuinitatis
941 745 1023 773 nulla

1083 186 1121 214 sit
1141 187 1335 214 accidentium
1350 190 1400 215 etc.
1416 187 1443 214 ln
1459 187 1539 215 tertia
1554 187 1707 220 concludit,
1722 188 1796 224 quod
1811 188 1920 216 nomina·

1084 233 1372 270 praedicamentorum
1394 233 1421 261 in
1443 234 1543 262 divinis
1568 242 1622 262 non
1647 237 1763 271 possunt
1788 234 1841 263 (1161
1862 228 1924 271 1110-

1085 280 1156 316 prie,
1171 283 1198 308 et
1212 279 1294 308 etiam
1310 287 1409 308 nomen
1424 281 1506 317 primi
1521 281 1750 317 praedicamenti,
1766 281 1817 309 ibi:
1845 281 1923 309 Unde

1087 335 1135 354 nee
1152 326 1274 363 proprie
1294 326 1403 354 dicitur
1423 326 1596 355 substantia.

1163 372 1294 400 Similiter
1308 380 1373 409 pars
1381 373 1398 407 ¹²,
1414 373 1441 401 in
1455 382 1511 410 qua
1525 373 1652 408 ostendit,
1667 374 1742 411 quod
1756 377 1796 402 est
1810 383 1923 402 samnio

1083 418 1216 455 simplex,
1232 418 1315 447 habet
1330 422 1394 447 tres.
1410 419 1500 447 Primo
1519 419 1592 448 enim
1608 420 1738 454 ostendit,
1753 420 1828 456 quod
1846 423 1922 448 tanta

1082 467 1124 493 est
1144 465 1180 493 ibi
1203 465 1377 502 simplicitas,
1392 466 1466 502 quod
1488 466 1561 494 nulla
1584 469 1625 494 est
1640 466 1677 494 ibi
1693 474 1787 494 16111111
1809 466 1923 495 diversi-

1081 514 1123 539 tas
1129 522 1136 545 3
1159 511 1289 546 secundo,
1304 512 1378 549 quod
1394 520 1456 540 cum
1472 512 1524 541 hac
1538 512 1712 549 simplicitate
1727 516 1780 541 stat
1794 521 1922 549 persona-

1082 566 1145 586 rum
1160 558 1318 595 pluralitas,
1340 558 1389 586 ibi:
1406 559 1520 586 Etcum
1536 562 1633 587 tantae
1653 559 1849 596 simplicitatis
1870 562 1920 588 etc.

1083 604 1175 633 Tertio
1196 612 1263 633 vero
1284 607 1311 633 et
1331 604 1429 633 ultimo
1451 605 1581 642 epilogat,
1603 605 1677 642 quod
1701 608 1810 634 ostensa
1831 608 1873 634 est
1893 605 1919 633 in

1082 650 1175 679 divina
1196 651 1315 679 essentia
1336 651 1439 688 triplex
1454 651 1623 688 proprietas,
1644 651 1697 679 ihi:
1720 652 1790 680 Eece
1809 656 1920 689 quan-ta

1081 696 1223 725 identitas.

827 830 1011 859 TRACTATIO
1032 830 1272 867 QUAESTIONUM.

258 918 297 946 Ad
318 917 528 954 intelligentiam
544 924 642 945 eorum
664 924 736 953 quae
757 916 821 945 dicit
847 916 975 953 Magister
996 916 1022 943 in

181 964 288 997 littera,
310 967 431 1000 quatuor
453 967 628 1000 quaeruntur
650 964 677 991 in
699 966 778 1000 parte
799 963 850 991 ista
862 962 880 990 ³.

258 1010 364 1038 Pri-mo
379 1010 532 1046 quaeritur,
547 1013 644 1037 utrum
665 1009 691 1037 in
707 1009 764 1037 Deo
785 1009 820 1037 sit
834 1016 944 1037 summa.
958 1009 1021 1037 51111-

179 1055 295 1093 plicitas.

257 1103 404 1136 Secundo,
426 1105 523 1131 utrum
545 1102 708 1139 simplicitas
729 1102 764 1131 sit
785 1102 834 1131 Dei
854 1102 1018 1139 proprietas.

1168 916 1276 948 Tertio,
1298 919 1412 952 propter
1427 915 1497 944 illud
1518 916 1591 952 quod
1614 916 1716 944 dieitur
1731 916 1757 944 in
1780 916 1870 945 littera
1884 917 1919 945 de

1081 962 1174 990 anima
1189 962 1325 995 rationali,
1340 962 1494 998 quaeritur,
1509 965 1604 990 utrum
1619 963 1711 991 anima
1728 963 1870 992 rationalis
1884 964 1919 992 sit

1082 1008 1109 1036 in
1132 1010 1188 1036 1010
1209 1015 1337 1045 corpore,
1358 1008 1396 1036 ita
1416 1008 1491 1044 quod
1512 1008 1539 1036 in
1561 1008 1683 1045 qualibet
1704 1012 1790 1046 parte.

1163 1054 1274 1089 Quarto
1296 1054 1450 1090 quaeritur,
1465 1057 1560 1082 utrum
1581 1054 1656 1084 Deus
1670 1055 1704 1083 sit
1724 1055 1752 1083 in
1767 1055 1860 1092 aliquo
1874 1055 1918 1083 de-

1077 1101 1224 1129 terminato
1245 1109 1353 1138 genere.

950 1208 1100 1245 QUAESTIO
1129 1209 1146 1237 l.

775 1295 880 1323 Utrum
902 1295 977 1324 Deus
997 1295 1037 1323 sit
1056 1303 1168 1323 suntme
1191 1295 1323 1332 simplem.

254 1382 331 1411 Circa
352 1382 492 1419 primum,
513 1382 588 1418 quod
609 1382 638 1410 in
658 1381 715 1410 Deo
730 1381 765 1410 sit
785 1389 895 1410 summa
916 1381 1019 1418 simpli-

176 1428 259 1463 citas,
282 1429 320 1458 sic
340 1429 484 1466 probatur.

256 1476 279 1503 1.
299 1475 386 1503 Omne
401 1475 525 1511 primum
539 1478 581 1503 est
595 1475 841 1512 simplicissimum,
853 1475 919 1511 quia
933 1482 1018 1511 quan-

36 1524 202 1552 mammio
232 1522 339 1559 aliquid
373 1522 474 1558 prius,
495 1525 571 1550 tanto
599 1521 788 1559 simplicius⁴3
810 1522 859 1550 sed
880 1522 954 1550 Deus
975 1524 1017 1550 est

174 1568 297 1606 primum
318 1568 347 1596 in
369 1576 470 1605 genere
490 1569 612 1603 entium,
627 1577 660 1597 eo
680 1569 755 1605 quod
770 1576 821 1597 nec
836 1571 877 1597 est
890 1576 941 1597 nec
955 1576 1016 1597 esse

174 1618 263 1652 potest
283 1623 334 1643 nec
349 1615 467 1651 cogitari
488 1615 580 1652 prius:
597 1622 663 1651 ergo
684 1617 726 1643 est
740 1615 777 1643 ita
792 1615 924 1651 simplex,
940 1615 1015 1652 quod

173 1661 234 1698 ipso
253 1661 323 1689 nihil
346 1661 500 1698 simplicius
527 1669 588 1690 esse
609 1664 699 1698 potest
726 1661 769 1690 vel
791 1661 918 1698 cogitari:
949 1668 1015 1698 ergo

174 1710 216 1736 est
237 1707 483 1744 simplicissimum.

253 1756 278 1782 2.
300 1754 382 1788 116111,
403 1762 484 1783 0111116
515 1754 589 1791 quod
611 1757 652 1783 est
678 1754 815 1791 quidquid
841 1754 942 1788 habet,
973 1757 1015 1782 est

171 1800 412 1838 simplicissimum
426 1801 435 1813 ⁶
448 1812 455 1835 ;
476 1801 525 1829 sed
539 1801 614 1829 Deus
628 1803 670 1829 est
684 1800 820 1837 quidquid
836 1800 932 1829 hahet:
949 1808 1015 1837 ergo

173 1850 224 1876 etc.
247 1848 338 1876 Prima
358 1851 433 1884 patet
465 1848 491 1875 in
523 1855 560 1876 se.
592 1847 687 1875 Minor
708 1847 844 1884 probatur
865 1847 917 1875 sic:
939 1846 1014 1875 Deus

175 1893 258 1922 habet
278 1895 444 1930 potentiam,
466 1894 639 1930 sapientiam,
654 1894 730 1922 61516
745 1893 780 1922 de
794 1893 870 1927 aliis,
885 1896 934 1921 aut
947 1901 1013 1929 ergo

170 1943 215 1969 est
235 1948 286 1969 sua
305 1941 438 1977 potentia,
460 1943 585 1969 autnon.
607 1940 633 1968 Si
654 1940 705 1974 sic,
727 1940 816 1968 habeo
830 1940 1012 1976 propositum.

172 1987 200 2015 Si
221 1995 275 2015 non
297 1991 339 2016 est
360 1995 411 2016 sua
431 1987 570 2024 potentia,
591 1995 655 2015 cum
684 1986 719 2015 sit
749 1989 846 2023 potens
876 1986 1012 2023 potentia,

173 2033 256 2062 habet
270 2042 351 2071 posse
371 2034 407 2062 ab
427 2034 496 2066 alio,
517 2042 583 2070 ergo
598 2033 671 2062 Deus
692 2036 733 2062 est
753 2033 788 2061 ab
809 2033 879 2067 ali03
900 2032 974 2069 quod
990 2033 1012 2061 si

172 2080 224 2109 1106
245 2083 287 2109 est
306 2081 408 2109 falsum
420 2092 427 2114 3
447 2088 513 2117 ergo
534 2080 604 2109 illud
625 2088 661 2108 ex
682 2088 738 2116 quo
759 2079 894 2116 sequitur.

251 2127 276 2155 3.
298 2128 380 2162 Item,
402 2127 429 2155 in
451 2135 511 2155 esse
533 2127 704 2155 nobilissimo
726 2126 808 2155 debet
832 2125 922 2154 omnis
952 2133 1013 2154 con-

173 2173 240 2202 ditio
261 2173 412 2202 nobilitatis
433 2173 497 2210 poni
520 2174 547 2202 in
578 2182 703 2205 summm
725 2173 773 2202 sed
794 2173 869 2201 Deus
890 2175 931 2201 est
963 2180 1012 2200 ens

171 2219 390 2253 nobilissimum,
413 2223 439 2248 et
460 2220 622 2257 simplicitas
643 2222 684 2248 est
705 2219 824 2248 conditio
846 2219 1010 2247 nobilitatis:

172 2274 238 2303 ergo
259 2267 386 2304 ponenda
407 2270 448 2295 est
470 2267 496 2295 in
518 2267 574 2295 Deo
595 2267 622 2294 in
644 2274 768 2295 summo:
791 2274 857 2303 ergo
878 2266 952 2294 Deus
971 2268 1013 2294 est

170 2321 280 2342 summe
301 2314 429 2350 simplex.

249 2360 275 2388 lt.
296 2360 379 2394 Item,
411 2363 514 2396 quanto
544 2360 649 2396 aliquid
671 2363 712 2388 est
743 2359 896 2396 simplicius
909 2382 915 2393 ,
936 2361 1011 2387 tanto

170 2409 213 2435 est
232 2406 371 2443 potentius
386 2407 412 2434 in
428 2407 544 2436 virtute,
566 2409 593 2434 et
613 2414 628 2434 6
642 2414 790 2440 converso,
806 2406 868 2442 quia
899 2405 1011 2433 «virtus

1081 1381 1158 1409 unita
1172 1380 1237 1418 plus
1251 1383 1341 1417 potest
1355 1388 1439 1417 quam
1461 1380 1644 1418 multiplicata
1654 1381 1701 1416 ⁶»,
1722 1381 1771 1410 sed
1786 1381 1860 1410 Deus
1875 1384 1916 1411 est

1075 1428 1200 1457 infinitus
1221 1430 1248 1456 et
1262 1428 1416 1456 immensus
1437 1428 1550 1456 virtute:
1573 1436 1640 1464 ergo
1654 1431 1696 1456 est
1710 1428 1834 1457 infinitus
1855 1428 1917 1457 sim-

1074 1474 1210 1511 plicitate:
1232 1482 1298 1511 ergo
1319 1474 1347 1502 in
1367 1474 1424 1502 Deo
1445 1477 1487 1503 est
1507 1482 1617 1503 summa
1638 1474 1807 1512 simplicitas.

1156 1521 1282 1549 Cornua:
1308 1522 1331 1548 1.
1360 1520 1518 1557 Simplicius
1548 1521 1684 1557 cogitatur
1705 1521 1829 1558 aliquid,
1850 1529 1914 1550 cum

1076 1567 1212 1604 cogitatur
1233 1570 1265 1595 ut
1284 1567 1456 1596 abstractum
1471 1575 1487 1595 a
1501 1567 1643 1604 pluribus,
1658 1576 1743 1604 quam
1757 1568 1831 1605 quod
1842 1568 1850 1581 ⁷
1873 1576 1915 1597 co-

1074 1614 1179 1650 gitatur
1200 1616 1231 1641 111
1253 1616 1411 1642 contentum
1434 1613 1460 1642 in
1486 1614 1633 1651 pluribus:
1662 1622 1728 1651 ergo
1755 1622 1819 1643 cum
1844 1614 1914 1643 fides

1071 1662 1166 1688 nostra
1187 1660 1287 1697 cogitet
1307 1660 1396 1688 Deum
1411 1663 1442 1688 nt
1457 1661 1483 1688 in
1498 1660 1643 1697 pluribus,
1658 1669 1711 1689 non
1734 1661 1834 1697 cogitat
1848 1669 1912 1690 eum

1072 1709 1104 1735 ut
1125 1706 1376 1743 simplicissimum:
1398 1714 1464 1743 ergo
1485 1707 1506 1735 si
1529 1706 1599 1735 fides
1619 1715 1685 1736 vere
1705 1707 1816 1744 cogitat,
1839 1707 1912 1736 Deus

1071 1761 1125 1780 non
1147 1755 1188 1781 est
1209 1753 1439 1790 simplicissimus.

1150 1800 1175 1827 ⁹2.
1198 1800 1280 1834 Item,
1302 1799 1390 1828 maior
1404 1802 1446 1828 est
1460 1799 1636 1836 simplicitas,
1657 1800 1705 1828 ubi
1720 1803 1762 1828 est
1782 1800 1911 1829 identitas

1072 1846 1131 1875 sine
1152 1847 1327 1880 diversitate,
1348 1854 1432 1884 quam
1453 1854 1517 1875 611111
1539 1846 1713 1880 diversitate,
1735 1846 1783 1875 sed
1806 1846 1833 1875 in
1854 1846 1920 1875 Deo-

1070 1895 1111 1921 est
1134 1893 1262 1921 identitas
1284 1901 1347 1921 cum
1370 1893 1530 1921 diversitate
1551 1892 1773 1929 suppositorum:
1796 1900 1862 1929 ergo
1883 1892 1910 1920 in

1069 1940 1126 1968 Deo
1145 1948 1198 1968 non
1220 1943 1263 1968 est
1283 1947 1393 1968 summa
1413 1939 1583 1976 simplicitas.

1151 1986 1176 2014 3.
1199 1987 1282 2021 Item,
1304 1987 1392 2014 maior
1414 1990 1455 2014 est
1481 1986 1657 2023 simplicitas,
1688 1986 1736 2014 ubi
1757 1989 1799 2015 est
1819 1986 1910 2014 unitas

1070 2033 1129 2061 sine
1150 2033 1309 2070 pluralitate
1322 2032 1348 2067 ⁸3
1370 2033 1435 2069 quia
1456 2040 1591 2061 numerus
1619 2032 1685 2061 dicit
1704 2032 1797 2069 aliquo
1828 2032 1910 2061 modo

1070 2079 1313 2116 compositionem,
1335 2082 1464 2116 respectu
1485 2079 1565 2107 cuius
1590 2079 1682 2107 unitas
1702 2082 1744 2107 est
1775 2079 1908 2116 simplex:

1071 2134 1137 2163 ergo
1159 2133 1223 2154 611111
1244 2126 1271 2154 111
1293 2126 1349 2154 Ι)60
1371 2126 1405 2155 511
1425 2126 1518 2154 unitas
1539 2133 1604 2154 611111
1629 2126 1788 2162 pluralitate
1818 2133 1910 2163 perso-

1068 2180 1185 2207 narum,
1206 2174 1281 2209 patet
1302 2175 1352 2201 etc.
1835 2194 1837 2196 .

1146 2219 1172 2247 lt.
1195 2219 1275 2253 Item,
1297 2219 1385 2247 maior
1406 2221 1447 2247 est
1461 2218 1635 2255 simplicitas,
1656 2218 1705 2246 ubi
1725 2226 1779 2246 non
1801 2221 1908 2246 tantum

1069 2265 1238 2299 subiectum,
1259 2265 1308 2294 sed
1329 2265 1412 2293 etiam
1427 2265 1583 2302 proprietas
1597 2266 1638 2293 est
1653 2264 1750 2293 eadem
1770 2272 1833 2293 cum
1848 2272 1909 2301 pro-

1069 2312 1220 2348 prietate⁹;
1245 2311 1329 2348 quia,
1354 2311 1466 2348 quando
1497 2311 1652 2348 proprietas
1679 2311 1771 2339 differt
1801 2319 1817 2339 a
1848 2319 1908 2347 pro-

1067 2358 1184 2395 prietate
1205 2358 1233 2386 in
1254 2366 1325 2392 uno,
1347 2361 1411 2386 sunt
1425 2357 1507 2394 plura
1521 2357 1689 2385 differentia:
1712 2365 1778 2393 ergo
1798 2365 1852 2385 non
1866 2360 1908 2386 est

1068 2405 1206 2441 simplex,
1228 2404 1277 2432 sed
1298 2404 1325 2431 in
1348 2404 1448 2432 divinis
1473 2403 1600 2440 personis
1623 2403 1651 2431 in
1671 2403 1768 2431 eadem
1789 2411 1907 2440 persona

234 2523 241 2537 ¹
259 2523 314 2546 Cod.
332 2524 339 2545 l
357 2523 434 2546 addit:
451 2524 481 2546 Et
502 2523 579 2553 primo
596 2530 641 2553 pm·
662 2523 777 2546 rationem
801 2529 962 2551 communem,
989 2524 1010 2545 et

171 2562 272 2586 secundo
286 2568 331 2591 per
346 2562 466 2591 propriam
478 2580 483 2590 ,
503 2561 548 2585 ibi:
565 2562 631 2585 Nihil
646 2562 706 2585 enim
724 2562 832 2591 sinzpte.r.

232 2600 242 2615 2
259 2600 309 2622 Vat.
328 2604 406 2622 contra
424 2600 536 2627 plurimos
553 2600 620 2622 codd.
637 2603 659 2623 ct
675 2600 710 2622 ed.
729 2601 737 2622 1
760 2601 883 2628 11111611111111
899 2600 973 2622 tertia.

231 2638 241 2653 3
257 2639 311 2661 Fide
329 2639 436 2660 omnium
454 2644 508 2660 mss.
526 2641 547 2661 et
563 2638 599 2660 ed.
627 2639 634 2660 ’1
656 2640 796 2661 restituimus
812 2638 883 2661 verba
908 2638 933 2660 in
953 2644 1009 2667 pur-

172 2679 192 2701 te
202 2677 254 2700 istu.

232 2714 241 2730 ⁴
258 2715 303 2738 Csr.
322 2715 428 2743 Ariston,
447 2715 484 2737 XI.
501 2715 597 2742 Metapli.
616 2721 634 2737 c.
654 2716 674 2737 yl.
692 2715 730 2741 (X.
747 2721 766 2737 6.
785 2716 823 2743 1.).
840 2727 872 2732 --
888 2715 957 2738 Paulo
980 2716 1010 2736 in·

172 2755 204 2777 fra
221 2757 273 2782 post
285 2753 356 2783 prius
373 2753 423 2775 cod.
442 2753 459 2775 O
477 2753 579 2780 adiungit
596 2759 628 2776 eo.

231 2792 241 2808 ⁵
258 2793 352 2820 Boetli.,
371 2792 400 2814 de
417 2791 559 2814 Hebdomad.
577 2804 608 2808 --
624 2792 673 2813 Mox
690 2791 735 2813 fide
752 2792 906 2820 antiquiorum
922 2798 976 2814 mss.
988 2795 1010 2814 ct

171 2831 207 2853 ed.
226 2831 234 2852 1
256 2831 383 2853 adiecimus
399 2829 446 2852 secl.
463 2841 494 2846 —
510 2830 542 2852 De
559 2831 602 2851 1106
619 2832 755 2857 argumento
772 2830 825 2851 vide
842 2830 950 2857 August,
972 2830 1009 2851 Xl.

174 2869 203 2891 de
219 2868 266 2892 Civ.
284 2869 338 2897 Dei,
357 2875 376 2891 c.
396 2869 431 2890 110.
449 2871 470 2890 ct
487 2868 579 2896 noent,
597 2868 626 2890 de
644 2868 705 2890 Trin.
723 2874 742 2890 c.
760 2869 780 2890 2.

1129 2522 1138 2536 ⁶
1157 2521 1218 2544 Libr.
1236 2521 1264 2543 de
1281 2520 1372 2548 Causis,
1390 2526 1456 2548 prop.
1476 2519 1511 2541 Ἰ17.
1528 2531 1559 2536 -—
1576 2520 1597 2541 ln
1615 2520 1686 2547 princ.
1699 2520 1767 2541 liuius
1778 2521 1905 2547 argumenti

1068 2561 1117 2583 Vat.
1136 2566 1189 2582 cum
1207 2560 1257 2581 cod.
1276 2565 1301 2581 cc
1318 2558 1354 2581 bis
1371 2559 1453 2580 omittit
1469 2559 1517 2585 est,
1537 2558 1598 2586 quod
1616 2560 1691 2579 tamen
1707 2558 1729 2579 in
1747 2558 1795 2579 aliis
1806 2557 1872 2580 codd.
1885 2562 1905 2580 61

1066 2599 1102 2621 cd.
1122 2599 1130 2620 11
1153 2598 1255 2620 liabetur.
1274 2597 1328 2620 Cod.
1347 2597 1366 2619 lll
1384 2600 1436 2624 post
1452 2596 1581 2625 simplicius
1598 2596 1656 2618 hene
1673 2596 1735 2618 addit
1759 2595 1784 2618 in
1799 2596 1905 2619 essentia.

1130 2637 1139 2651 ⁷
1156 2637 1230 2665 Aliqui
1249 2636 1315 2658 codd.
1334 2639 1358 2658 ut
1374 2635 1393 2657 H
1410 2641 1436 2657 ee
1454 2636 1472 2657 ff
1490 2641 1543 2657 cum
1568 2635 1604 2657 cd.
1631 2635 1639 2656 ι1
1669 2635 1724 2657 torte
1750 2636 1831 2657 melius
1852 2641 1904 2658 cum

1070 2676 1120 2697 loco
1137 2674 1205 2704 qitod.
1224 2675 1273 2696 Mox
1290 2675 1357 2702 pauci
1375 2673 1441 2696 codd.
1468 2676 1492 2696 ut
1507 2673 1555 2695 HV
1580 2679 1606 2695 cc
1630 2674 1765 2696 concretum
1789 2679 1831 2701 pro
1853 2679 1904 2696 con-

1066 2715 1162 2736 tentant.

1129 2751 1138 2765 Β
1155 2751 1241 2779 Supple
1258 2757 1312 2773 cum
1328 2750 1379 2773 cod.
1397 2751 1412 2772 Z
1430 2756 1502 2780 quani
1518 2756 1573 2773 cnm
1585 2749 1725 2779 pluralitate
1739 2749 1775 2771 vel
1788 2755 1840 2771 cum
1852 2749 1903 2772 cod.

1066 2791 1071 2812 l
1090 2796 1163 2820 quani
1179 2789 1220 2812 nbi
1234 2795 1289 2812 111111.

1128 2828 1137 2842 9
1156 2827 1261 2850 subaudi
1279 2833 1332 2849 eum
1349 2827 1400 2849 cod.
1417 2827 1449 2849 Z:
1467 2825 1591 2856 quantnbi
1602 2825 1759 2855 differuntvel
1771 2831 1824 2848 curn
1836 2824 1902 2848 codd.

1066 2867 1084 2894 Q
1102 2866 1150 2888 bb:
1167 2872 1239 2896 qusint
1256 2865 1350 2895 quando
1366 2865 1498 2894 proprietas
1514 2864 1592 2894 differt
1608 2870 1623 2886 a
1635 2863 1786 2894 proprietate.

1928 1524 1957 1542 Ad
1970 1525 2043 1548 01111051-

1962 1550 2006 1566 tum.
