2253 3317
37 1348 108 1367 Veritas
117 1348 149 1366 tri-

19 1371 89 1394 pliciter
100 1377 149 1390 com-

18 1396 97 1417 paratur.

40 1761 87 1779 llaec
106 1761 140 1779 ite-

18 1789 55 1802 rum
64 1784 140 1807 duplici-

18 1809 44 1826 ter
48 1807 142 1831 accipitur.

738 111 819 139 DIST.
842 112 906 140 VIII.
929 113 954 140 P.
976 113 994 141 1.
1018 113 1088 141 ΛΒΤ.
1110 114 1127 142 1.
1149 115 1283 151 QUAEST.
1306 118 1322 145 I.

239 188 264 214 2.
287 187 365 220 Item,
388 194 487 215 verum
501 194 589 223 aeque
610 195 757 217 commune
772 191 813 217 est
833 192 864 217 ut
881 189 996 223 bonum,

158 236 187 261 et
210 233 331 269 quodam
355 233 437 261 modo
462 233 588 269 magis13
610 234 658 262 sed
674 234 781 263 bonitas
805 243 859 263 non
880 238 921 264 est
948 236 996 264 Dei

159 279 325 315 proprietas:
347 286 412 315 ergo
433 279 493 315 pari
509 279 613 308 ratione
634 288 684 309 nec
706 281 815 309 veritas.

238 324 262 352 3.
284 325 364 358 Item,
380 325 481 353 veritas
495 329 537 354 est
557 327 627 355 ratio
643 327 816 356 discernendi
838 328 997 357 Creatorem

155 378 174 397 a
195 373 322 398 creatura
341 373 368 398 et
388 374 545 400 creaturam
567 381 583 400 a
603 374 770 405 c1·eatura²;
791 375 839 403 sed
860 375 934 411 quod
956 377 997 403 est

158 416 227 443 ratio
241 416 416 445 discernendi
437 421 463 446 et
478 418 665 455 distinguendi
694 422 735 448 est
759 420 902 449 diversum
917 421 944 449 in
959 421 997 449 di-

157 462 257 490 versis:
273 470 339 499 ergo
360 463 414 491 alia
429 465 531 493 veritas
545 467 586 493 est
601 465 628 493 in
647 466 703 494 Deo
718 474 802 502 quam
817 467 844 494 in
859 470 995 501 creatura,

157 509 226 536 etin
248 517 303 537 una
325 513 454 538 creatura
475 519 560 547 quam
582 511 609 539 in
630 512 695 539 alia:
717 520 784 549 ergo
805 520 859 541 non
874 516 916 542 est
935 521 996 550 pro-

156 555 249 591 prium
271 555 357 584 solius
379 556 435 584 Dei.

233 602 260 630 [ι.
282 602 361 636 Item,
375 602 545 639 Augustinus
558 604 586 631 in
600 604 757 640 Soliloquiis
769 604 790 632 ³:
814 617 824 628 a
836 605 939 633 Verum
954 608 996 634 θεῖ

156 648 184 676 id
199 648 273 684 quod
294 651 356 677 est»
373 671 380 683 ,
401 656 467 685 ergo
482 649 584 678 veritas
598 653 640 678 est
654 650 714 686 ipsa
728 652 839 680 entitas:
861 659 927 688 ergo
941 660 995 680 non

154 697 197 722 θεῖ
211 695 357 731 proprium
379 695 525 730 essentiae,
541 696 606 732 quia
627 696 649 724 si
671 697 722 731 sic,
737 705 792 733 qua
812 698 919 726 ratione
933 698 996 727 dici-

155 743 216 769 tur:
247 741 354 769 Veritas
382 744 424 770 est
434 741 443 755 '¹
463 741 619 778 proprietas
646 743 795 778 essentiae,
822 746 916 780 posset
942 744 995 772 dici

154 794 169 816 θ
190 795 339 820 converso,
360 795 423 816 cum
446 788 557 816 omnino
578 788 652 817 idem
674 789 736 817 sint.

496 888 654 909 CONCLUSIO.

162 972 293 1006 Veritas,
322 976 464 1010 quatenus
492 973 647 1009 opponitur
674 971 819 1009 falsitati,
848 973 994 1001 invenitur

232 1019 320 1047 etiam
341 1019 372 1047 in
393 1019 539 1047 creaturis
561 1019 721 1047 secundum
743 1019 884 1056 triplicem
907 1028 995 1048 suam

234 1065 484 1102 comparationem
498 1066 538 1094 ad
564 1065 724 1093 subiectum
743 1066 819 1103 quod
837 1065 994 1102 informat,

234 1112 274 1139 aa
300 1112 485 1148 principium
519 1112 595 1149 quod
614 1116 830 1148 repraesentat,
857 1113 898 1141 ad
918 1112 996 1141 intel-

233 1157 335 1186 lectum
353 1166 436 1196 quem
462 1158 582 1192 eoecitat;
597 1161 739 1196 quatenus
752 1167 820 1187 vero
839 1159 994 1196 opponitur

229 1204 436 1241 permixtioni,
458 1208 500 1233 est
516 1205 684 1242 proprietas
704 1205 795 1233 solius
815 1205 876 1233 Dei.

232 1297 404 1326 Responnno:
420 1297 588 1332 Dicendum,
603 1298 678 1334 quod
695 1298 798 1326 veritas
811 1298 896 1326 habet
909 1298 996 1335 tripli-

158 1351 217 1372 cem
232 1344 474 1381 comparationem.
489 1344 574 1372 Habet
594 1344 668 1372 enim
682 1344 838 1381 comparari
855 1344 891 1373 ad
905 1344 996 1373 subie-

157 1394 236 1419 ctum
260 1391 336 1427 quod
361 1390 505 1424 informat,
526 1390 562 1418 ad
585 1390 766 1427 principium
790 1391 865 1427 quod
886 1398 995 1427 reprae-

155 1439 255 1472 sentat,
271 1440 298 1465 et
319 1437 355 1465 ad
370 1436 542 1465 intellectum
568 1444 652 1474 quem
676 1437 788 1465 excitat.
803 1437 832 1465 In
853 1444 994 1474 compara-

152 1484 226 1512 tione
247 1483 283 1512 ad
297 1483 458 1511 subiectum
471 1483 596 1512 veritatis
616 1483 718 1511 dicitur
742 1483 845 1512 veritas
865 1487 944 1512 actus
966 1486 993 1512 et

153 1529 291 1567 potentiae
315 1529 452 1558 indivisio.
474 1529 503 1557 In
521 1530 726 1566 comparatione
756 1530 792 1558 ad
809 1530 993 1567 principium

153 1576 254 1605 dicitur
275 1575 378 1604 veritas
400 1583 526 1604 summae
547 1575 661 1604 unitatis
674 1575 683 1588 ⁶
709 1578 735 1604 et
755 1576 863 1612 primae
884 1583 993 1613 reprae-

153 1623 268 1651 sentatio
283 1622 341 1650 sive
356 1622 480 1650 imitatio.
495 1622 524 1650 In
538 1622 743 1658 comparatione
763 1622 800 1651 ad
820 1622 992 1651 intellectum

154 1669 255 1698 dicitur
276 1668 379 1697 veritas
400 1668 470 1696 ratio
491 1668 675 1697 discernendi.

230 1715 262 1743 Et
281 1715 309 1743 in
330 1714 460 1743 omnibus
486 1714 546 1742 istis
567 1714 820 1751 comparationibus
843 1714 992 1751 dupliciter

152 1764 242 1798 potest
262 1760 348 1797 accipi
370 1760 484 1789 veritas:
505 1768 563 1788 uno
584 1760 679 1793 modo,
700 1763 784 1797 prout
811 1760 991 1797 distinguitur

153 1809 249 1836 contra
266 1805 442 1844 falsitatem;
456 1806 515 1834 alio
530 1806 623 1839 modo,
638 1809 722 1843 prout
736 1806 916 1843 distinguitur
931 1815 992 1836 con-

151 1856 195 1882 tra
218 1853 456 1890 permixtionem,
484 1853 638 1881 secundum
666 1853 740 1889 quod
762 1861 861 1881 verum
889 1853 991 1882 dicitur

150 1907 255 1936 purum
276 1902 303 1927 et
323 1899 545 1935 impermixtum.

228 1945 313 1973 Prout
334 1945 437 1973 veritas
458 1945 593 1973 dividitur
613 1948 709 1973 contra
728 1945 891 1980 falsitatem,
919 1954 991 1982 quae

151 1994 193 2020 est
211 1991 330 2028 privatio
357 1991 530 2019 indivisionis
558 1994 585 2019 et
612 1991 771 2019 imItationis
801 1994 828 2020 et
842 1992 852 2006 ⁶
878 1999 991 2029 expres-

150 2037 246 2072 sionis,
269 2037 306 2066 sic
328 2045 392 2066 cum
413 2037 441 2065 in
456 2040 585 2066 creatura
605 2037 640 2065 sit
654 2037 748 2074 aliquo
761 2038 845 2066 modo
866 2038 990 2067 invenire

146 2086 177 2117 ⁴et
197 2083 390 2112 indivisionem
412 2086 439 2112 et
458 2083 639 2112 imitationem
660 2086 687 2111 et
707 2084 925 2120 expressionem,
951 2084 989 2113 sic

15 2131 109 2150 Conclusio
123 2131 139 2148 1.

150 2132 191 2158 est
212 2130 316 2159 veritas
336 2138 392 2158 non
413 2132 521 2158 tantum
541 2130 569 2158 In
597 2129 739 2164 Creatore,
771 2130 820 2159 sed
848 2130 931 2159 etiam
961 2131 989 2159 in

151 2179 294 2210 creatura,
316 2178 343 2205 et
364 2176 403 2205 sic
423 2184 478 2204 non
498 2176 656 2212 assignatur
676 2176 726 2205 Dei
746 2177 910 2213 proprietas.

213 2338 220 2352 ¹
239 2338 303 2360 Ratio
320 2338 473 2360 communiter
489 2337 584 2365 allegata
600 2341 649 2366 est,
666 2339 720 2367 quia
736 2344 821 2362 verum
836 2341 871 2361 est
881 2340 926 2362 enti
938 2345 989 2368 pro-

151 2377 260 2405 pinquius
276 2378 298 2398 et
313 2375 338 2398 in
355 2381 379 2398 se
395 2375 536 2398 abstractius.

212 2415 222 2429 ²
239 2415 343 2443 August„
361 2414 391 2436 de
408 2414 468 2436 Vera
484 2414 617 2442 Religione,
635 2420 654 2436 c.
671 2414 693 2436 7.
716 2421 738 2437 n.
757 2415 801 2437 113:
826 2415 905 2438 Omnis
929 2417 991 2438 enim

151 2459 188 2475 res
205 2453 241 2475 vel
258 2454 378 2475 essentia...
396 2453 463 2475 simul
481 2453 537 2475 haec
554 2454 595 2475 tria
613 2452 695 2481 habet,
713 2456 739 2475 ut
762 2456 784 2476 et
808 2460 880 2476 unum
904 2455 991 2483 aliquid

152 2492 194 2519 sit,
211 2493 233 2513 et
249 2492 325 2519 specie
343 2492 435 2519 propria
452 2491 594 2513 discernatur
611 2498 623 2513 a
641 2492 735 2520 ceteris,
753 2495 775 2514 et
790 2498 869 2514 rerum
885 2493 990 2516 ordinem

150 2535 197 2551 -non
214 2529 314 2551 excedat.

213 2567 223 2582 ³
239 2567 300 2589 Libr.
317 2567 341 2589 ll.
359 2573 378 2590 c.
397 2567 418 2589 5.
435 2573 457 2590 n.
470 2568 483 2589 8
494 2572 500 2590 z
511 2567 599 2590 Verum
610 2568 666 2590 mihi
677 2568 769 2591 videtur
779 2575 829 2591 esse
840 2569 864 2591 id
875 2569 939 2598 quod
949 2570 989 2592 est.

213 2605 223 2620 ⁴
239 2606 301 2628 Multi
318 2605 385 2628 codd.
402 2608 428 2628 ut
443 2606 671 2634 BDFlPQTXYZ
688 2613 741 2629 eum
758 2607 814 2629 ed.t
830 2608 936 2631 omittunt
950 2609 989 2631 est.

213 2643 223 2658 ⁵
239 2644 270 2666 Ex
287 2644 334 2666 tere
351 2644 459 2667 omnihus
476 2644 643 2673 antiquioribus
660 2651 715 2668 mss.
732 2648 754 2668 et
769 2645 806 2668 ed.
824 2646 832 2667 4
854 2646 891 2668 hic
902 2652 945 2674 pro
956 2652 991 2670 ve-

151 2681 229 2705 ritatis
246 2682 407 2705 substituimus
422 2682 528 2711 unitatis,
542 2685 564 2705 et
575 2683 643 2711 paulo
660 2684 718 2706 infra
729 2690 771 2712 pro
783 2683 942 2714 distinguendi
952 2691 990 2714 po-

151 2722 241 2743 suimus
257 2720 416 2749 discernendi,
436 2727 495 2750 quae
511 2721 577 2744 lectio
593 2722 661 2744 etiam
678 2722 843 2750 comprobatur
854 2726 990 2751 argumento

151 2758 253 2781 secundo
270 2764 314 2786 pro
331 2759 466 2781 affirmativa
483 2762 548 2788 parte
563 2762 586 2782 et
602 2764 738 2788 argumento
754 2762 819 2784 tertio
830 2767 873 2789 pro
884 2762 990 2790 negativa

152 2800 217 2825 parte
233 2803 303 2825 supra
320 2797 393 2820 allato.

213 2835 223 2850 ⁶
239 2835 270 2857 Ex
286 2836 391 2863 plurimis
407 2842 461 2858 mss.
478 2839 500 2859 et
516 2836 552 2858 ed.
572 2837 580 2858 l
596 2837 757 2865 supplevimus
768 2837 804 2860 bis
815 2838 950 2866 particulam
961 2839 989 2861 et.

1837 126 1886 153 151

1133 192 1198 220 Alio
1219 193 1317 227 modo,
1338 198 1421 230 prout
1443 196 1544 226 veritas
1565 197 1699 227 dividitur
1720 202 1814 229 contra
1831 209 1891 237 per-
1900 208 1997 227 Conclusio
2009 210 2027 228 ρ.

1055 237 1217 267 mixtionem
1243 240 1301 268 sive
1328 240 1530 277 impuritatem,
1558 244 1597 273 sic
1617 248 1658 273 θεῖ
1682 246 1710 274 in
1737 247 1795 275 solo
1824 247 1889 276 Deo.

1055 284 1121 312 Nam
1143 285 1170 313 in
1191 285 1249 313 solo
1271 285 1327 314 Deo
1348 291 1389 315 est
1411 287 1547 317 indivisio
1568 298 1651 326 pura,
1676 300 1730 320 non
1750 293 1890 329 permixta

1053 330 1136 359 alicui
1157 331 1326 365 diversitati3
1347 332 1374 360 in
1395 333 1453 361 solo
1474 334 1530 362 Deo
1550 339 1591 364 est
1612 337 1736 365 imitatio
1757 341 1784 366 et
1798 339 1891 367 simili-

1055 376 1121 405 tudo
1141 385 1213 413 pura
1234 386 1288 406 non
1303 379 1443 414 permixta
1464 380 1546 408 alicui
1561 382 1795 418 dissimilitudini;
1815 388 1842 413 et
1862 386 1889 414 in

1053 421 1111 450 solo
1131 422 1188 451 Deo
1208 426 1250 451 est
1264 424 1409 460 expressio
1424 424 1544 453 luminis
1558 434 1612 454 non
1632 429 1772 463 permixta
1795 430 1891 459 obscu-

1053 467 1126 495 ritati
1137 469 1154 495 ⁷.
1176 468 1204 496 In
1219 472 1348 497 creatura
1368 473 1462 498 autem
1477 474 1518 499 est
1539 472 1666 501 indivisio
1687 481 1751 502 cum
1772 478 1849 505 actus
1863 480 1890 505 et

1053 515 1190 549 potentiae
1218 515 1378 544 diversitate
1411 519 1438 544 et
1472 517 1587 545 imitatio
1625 526 1689 547 cum
1722 520 1890 551 dissimilitu-

1052 560 1131 594 dine3
1152 563 1194 589 est
1214 561 1333 590 ulterius
1354 562 1381 590 in
1402 570 1434 591 ea
1455 564 1600 600 expressio
1624 572 1688 593 cum
1713 566 1889 597 obscuritate.

1054 606 1083 634 Et
1103 606 1165 635 ideo
1186 607 1238 636 hoc
1258 608 1341 636 modo
1356 609 1458 637 veritas
1479 612 1520 638 est
1541 610 1627 638 divini
1641 618 1702 640 esse
1722 614 1890 650 proprietas;

1052 655 1079 680 et
1099 653 1138 681 sic
1162 653 1260 690 accipit
1274 654 1402 690 Magister
1423 657 1450 683 θῖ
1464 656 1633 692 Augustinus
1654 660 1681 686 et
1700 658 1888 696 Hieronymus.

1053 698 1156 727 Vocant
1176 699 1250 727 enim
1271 707 1371 728 verum
1391 708 1467 735 esse,
1489 702 1563 738 quod
1584 703 1653 731 nihil
1672 704 1756 733 habet
1776 706 1810 735 de
1830 715 1890 744 pos-

1052 744 1197 778 sibilitate,
1217 745 1287 773 nihil
1308 745 1393 774 habet
1413 747 1447 775 de
1468 748 1601 782 vanitate,
1622 749 1691 778 nihil
1713 751 1747 779 de
1772 760 1826 780 non
1846 761 1890 782 en-

1052 789 1136 818 titate.
1153 791 1182 818 Et
1204 791 1265 819 ideo
1286 792 1314 819 in
1335 792 1391 820 Deo
1412 800 1466 821 non
1488 794 1561 822 cadit
1578 795 1748 831 praeteritio
1769 799 1795 826 et
1811 798 1890 835 futu-

1051 836 1134 870 ritio,
1156 845 1227 874 quae
1248 838 1341 875 aliquo
1362 840 1445 868 modo
1466 848 1520 869 non
1541 841 1614 869 entia
1634 846 1707 870 sunt.

1132 885 1160 917 1,
1189 885 1223 918 ⁶2,
1253 886 1284 919 5,
1317 886 1342 913 6.
1371 886 1402 914 Et
1430 886 1469 914 sic
1500 886 1654 923 procedunt
1681 889 1752 917 duae
1783 890 1889 926 primae

1051 929 1228 959 auctoritates
1249 933 1276 959 et
1296 932 1423 960 rationes.

1108 990 1111 993 -
1130 975 1156 1003 3.
1177 975 1216 1004 Ad
1238 977 1307 1005 illud
1328 985 1395 1006 vero
1420 979 1495 1015 quod
1515 979 1653 1014 obiicitur,
1678 981 1753 1017 quod
1780 990 1834 1010 non
1855 984 1890 1011 sit

1051 1020 1105 1049 alia
1126 1022 1228 1051 veritas
1242 1031 1325 1059 quam
1348 1026 1473 1058 aeterna,
1494 1025 1560 1061 quia
1581 1025 1640 1062 ipsa
1659 1026 1717 1055 sola
1737 1027 1801 1056 facit
1815 1028 1890 1057 intel-

1051 1067 1149 1104 ligere,
1178 1069 1340 1104 dicendum,
1369 1070 1443 1106 quod
1476 1071 1547 1099 sicut
1578 1072 1653 1101 color
1683 1076 1724 1101 est
1751 1073 1889 1103 obiectum

1051 1113 1128 1142 visus
1142 1117 1168 1142 et
1183 1116 1318 1144 motivum
1330 1116 1547 1145 visus—tamen
1561 1126 1616 1146 non
1630 1119 1689 1147 sine
1699 1122 1764 1148 actu
1777 1119 1889 1149 lucis—

1050 1163 1077 1188 et
1097 1160 1189 1189 differt
1203 1161 1258 1190 ab⁸
1278 1162 1338 1198 ipsa
1358 1162 1433 1197 lnce;
1452 1163 1491 1191 sic
1511 1163 1673 1198 dicendum,
1695 1165 1770 1201 quod
1787 1166 1890 1195 veritas

1050 1209 1155 1241 creata,
1176 1208 1305 1243 quamvis
1325 1216 1380 1236 non
1401 1209 1488 1245 possit
1507 1217 1619 1238 movere
1640 1210 1699 1239 sine
1719 1211 1835 1240 veritate
1853 1212 1890 1240 in-

1050 1255 1156 1287 creata,
1170 1253 1352 1284 nihilominus
1366 1258 1407 1284 est
1427 1256 1531 1284 motiva
1545 1263 1596 1284 suo
1610 1256 1693 1285 modo
1707 1260 1734 1286 et
1754 1257 1808 1286 alia
1822 1259 1890 1287 veri-

1050 1302 1092 1326 tas
1112 1299 1147 1327 ab
1168 1300 1223 1328 illa.
1328 1327 1330 1329 ,

1127 1346 1154 1374 4.
1176 1350 1203 1375 θῖ
1225 1348 1250 1374 7.
1271 1347 1311 1376 Ad
1332 1347 1403 1376 illud
1427 1348 1503 1385 quod
1530 1349 1658 1378 obiicitur
1685 1351 1720 1379 de
1747 1352 1890 1386 AnseImo,

1051 1392 1125 1427 quod
1146 1393 1239 1421 omnia
1266 1396 1330 1422 sunt
1354 1402 1422 1423 vera
1448 1395 1565 1423 veritate
1596 1396 1700 1433 prima,
1728 1397 1890 1432 dicendum,

1049 1438 1124 1474 quod
1146 1446 1245 1467 verum
1266 1439 1301 1468 de
1315 1440 1359 1468 sui
1380 1440 1555 1477 impositione
1569 1442 1635 1470 dicit
1656 1444 1889 1480 comparationem

1049 1484 1084 1512 ad
1113 1492 1225 1514 causam
1253 1486 1457 1523 exemplarem,
1483 1487 1555 1516 sicut
1581 1488 1686 1517 bouum
1714 1490 1749 1518 ad
1777 1498 1889 1519 causam

1050 1530 1170 1559 finalem.
1192 1532 1267 1561 Sicut
1288 1533 1362 1561 enim
1383 1533 1485 1562 dicitur
1506 1534 1611 1562 bonum
1631 1535 1738 1564 ratione
1759 1536 1888 1571 ordinis,

1049 1577 1086 1606 sic
1111 1585 1211 1606 verum
1232 1579 1338 1607 ratione
1358 1580 1568 1616 expressionis;
1588 1583 1615 1609 et
1628 1581 1699 1609 ratio
1713 1582 1889 1619 exprimendi

1049 1626 1091 1652 est
1112 1624 1199 1660 ipsius
1220 1625 1397 1662 exemplaris.
1420 1625 1495 1664 Sicut
1518 1626 1612 1663 igitur,
1639 1635 1704 1656 cum
1726 1628 1828 1657 dicitur
1855 1629 1889 1658 de

1048 1669 1127 1698 bonis
1149 1671 1261 1704 creatis,
1283 1671 1356 1707 quod
1380 1674 1444 1700 sunt
1458 1672 1530 1700 bona
1551 1672 1672 1701 bonitate
1692 1673 1826 1708 increata,
1844 1674 1890 1703 bo-

1048 1716 1120 1744 nitas
1134 1716 1276 1753 praedicat
1288 1716 1375 1754 finem
1390 1718 1418 1746 in
1431 1718 1561 1751 ablativo,
1582 1727 1641 1746 non
1662 1718 1804 1756 formam,
1824 1721 1888 1757 quia

1047 1762 1097 1791 Dei
1118 1762 1246 1792 bonitas⁹
1268 1764 1373 1792 nullius
1387 1765 1473 1793 creati
1487 1768 1529 1794 est
1550 1766 1651 1800 forma,
1673 1766 1809 1801 similiter,
1823 1774 1887 1795 cum

1048 1809 1159 1843 dicitur,
1174 1810 1249 1846 quod
1270 1810 1362 1838 omnia
1377 1813 1441 1839 sunt
1454 1819 1521 1840 vera
1535 1812 1650 1840 veritate
1668 1812 1801 1846 increata,
1816 1812 1889 1841 abla-

1052 1855 1126 1884 tivus
1148 1855 1214 1884 dicit
1237 1864 1350 1885 causam
1371 1857 1517 1886 formalem
1538 1858 1731 1894 exemplarem
1742 1859 1768 1886 ¹⁰.
1789 1858 1888 1887 Omnia

1048 1901 1122 1929 enim
1136 1909 1203 1930 vera
1218 1905 1282 1931 sunt
1296 1905 1323 1931 et
1337 1906 1401 1931 nata
1416 1906 1480 1932 sunt
1495 1911 1523 1932 se
1538 1904 1698 1940 exprimere
1712 1912 1762 1941 per
1777 1912 1888 1941 expres-

1047 1947 1153 1976 sionem
1178 1948 1253 1977 illius
1274 1949 1377 1977 summi
1401 1949 1515 1978 luminis
1523 1961 1530 1984 3
1554 1950 1630 1987 quod
1655 1951 1678 1979 si
1703 1954 1823 1979 cessaret
1851 1951 1888 1978 In-

1046 1992 1147 2028 fluere,
1167 1997 1258 2023 cetera
1279 1995 1438 2024 desinerent
1451 2003 1513 2024 essa
1526 2004 1600 2025 vera.
1616 1996 1679 2025 Ideo
1693 1996 1771 2025 nulla
1785 1996 1887 2025 veritas

1049 2043 1142 2068 creata
1162 2043 1204 2069 est
1224 2048 1292 2069 vera
1311 2049 1362 2078 per
1382 2042 1543 2076 essentiam,
1565 2042 1612 2071 sed
1634 2050 1685 2079 per
1704 2043 1888 2080 participatio·

1046 2092 1125 2120 nem3
1146 2089 1173 2114 et
1193 2093 1244 2123 per
1265 2086 1317 2115 hoc
1337 2089 1412 2124 patet
1432 2087 1572 2116 ultimum.
1869 2102 1871 2105 v

1123 2132 1163 2160 Ad
1188 2132 1259 2161 illud
1284 2140 1352 2161 vero
1382 2133 1457 2170 quod
1488 2134 1618 2163 obiicitur
1648 2134 1677 2162 in
1697 2135 1884 2169 contrarium,

1045 2178 1120 2214 quod
1141 2186 1197 2207 non
1217 2181 1260 2207 est
1280 2179 1455 2216 proprietas;
1475 2182 1551 2217 patet
1573 2181 1730 2217 responsio:
1753 2181 1884 2218 quoniam

1108 2340 1118 2354 ⁷
1134 2340 1184 2363 Vat.
1203 2346 1257 2363 cum
1273 2340 1325 2363 cod.
1342 2347 1369 2363 cc
1382 2340 1499 2370 permioetz'
1519 2340 1676 2370 obscuritate,
1695 2342 1736 2364 sed
1753 2346 1830 2365 contra
1847 2349 1884 2365 an-

1046 2379 1156 2407 tiquiores
1167 2379 1242 2407 codd.y
1251 2385 1352 2408 quorum
1363 2382 1438 2402 tamen
1450 2380 1551 2402 nonnulli
1563 2381 1630 2402 etiam
1642 2380 1726 2403 habent
1734 2379 1882 2409 obscuritate,

1046 2417 1087 2439 sed
1103 2418 1180 2439 minus
1195 2417 1255 2440 bene
1271 2420 1294 2440 et
1310 2420 1387 2440 contra
1404 2418 1535 2440 immediate
1552 2419 1718 2446 praecedentia.

1107 2455 1117 2469 ⁸
1134 2455 1185 2478 Vat.
1202 2458 1293 2483 praeter
1310 2456 1380 2479 fidem
1396 2462 1451 2479 mss.
1468 2459 1491 2479 et
1507 2457 1560 2479 edd.
1578 2458 1599 2485 11,
1617 2458 1638 2485 2,
1656 2458 1669 2479 3
1681 2457 1733 2487 ipsa
1744 2463 1760 2480 a
1771 2456 1829 2485 luce,
1842 2457 1884 2480 sed

1046 2493 1185 2521 incongrue,
1202 2496 1225 2516 et
1242 2495 1265 2516 in
1281 2493 1327 2516 fine
1343 2495 1473 2522 argumenti
1490 2497 1568 2517 contra
1590 2496 1729 2524 antiquiores
1753 2501 1808 2518 mss.
1832 2497 1885 2523 post

1046 2531 1133 2555 veritas
1150 2531 1214 2554 addit
1229 2533 1269 2555 est.

1106 2569 1116 2584 ⁹
1133 2569 1184 2592 Vat.
1201 2572 1280 2592 contra
1297 2571 1437 2599 antiquiores
1454 2570 1522 2593 codd.
1540 2570 1632 2594 bonitas
1654 2570 1760 2594 increata
1782 2577 1825 2599 pro
1842 2570 1884 2594 Dei

1047 2607 1145 2631 bonitas.

1108 2646 1128 2661 ¹⁰
1145 2645 1217 2669 Codd.
1234 2646 1278 2668 DT
1296 2648 1427 2675 expressius
1443 2646 1561 2670 ablativus
1576 2653 1625 2670 non
1646 2646 1700 2670 dicit
1720 2653 1820 2670 causam
1836 2647 1882 2676 for·

1046 2684 1134 2708 malem
1150 2690 1199 2707 esse
1217 2691 1301 2708 rer-um
1318 2684 1501 2714 complectivum,
1513 2685 1554 2709 sed
1569 2685 1737 2715 exemplarem.
1746 2686 1815 2708 Paulo
1825 2686 1883 2707 intra

1045 2723 1096 2746 Vat.
1114 2729 1167 2746 cum
1182 2723 1234 2746 cod.
1251 2730 1289 2753 cc,
1306 2724 1348 2746 sed
1365 2723 1443 2747 contra
1460 2724 1516 2747 alios
1532 2727 1554 2747 et
1567 2724 1606 2747 ed.
1624 2725 1645 2753 ll,
1664 2724 1814 2754 oppressione
1831 2724 1881 2746 loco

1044 2768 1089 2791 per
1106 2761 1290 2792 expressionem,
1308 2764 1331 2785 et
1342 2763 1365 2785 in
1376 2762 1422 2785 fine
1438 2762 1488 2785 Vat.
1506 2763 1554 2786 sola
1570 2764 1651 2792 patent
1665 2762 1751 2786 ultima
1774 2768 1817 2790 pro
1839 2768 1881 2792 pa-

1045 2801 1077 2823 tet
1092 2799 1212 2828 ultimum,
1229 2800 1270 2823 sed
1287 2801 1349 2823 falso.

1913 897 1941 916 De
1953 903 2002 921 argg.

1901 920 2022 939 affirmativis.

1909 2140 1937 2160 De
1949 2147 1999 2165 argg.

1896 2165 1991 2188 negativis.
