2253 3317
316 162 419 191 xxxn'
1010 163 1188 194 PRAEFATIO
1210 165 1396 194 GENERALIS.

410 238 529 273 Tanta
554 245 681 274 autem
707 239 855 286 filu-ago
881 241 1109 276 variantium
1142 241 1351 277 lectionum
1389 255 1434 277 ex
1472 248 1528 278 tot
1567 244 1741 279 codicum
1779 250 1816 280 et
1849 245 2058 280 editionum

315 297 516 332 collatione
544 297 654 333 nobis
681 298 838 344 coaluit,
866 303 909 333 ut
933 298 1118 345 plurimae
1145 313 1273 335 earum
1298 313 1344 335 ne
1370 301 1418 335 ad
1444 301 1587 337 calcem
1614 303 1769 349 quidem
1803 303 1929 338 locum
1963 304 2060 339 obti—

315 368 402 390 nere
427 357 629 402 potuerint.
649 355 721 392 Pro
738 357 818 392 solo
836 357 935 392 libro
952 358 1075 404 primo
1101 357 1369 394 Commentarii
1395 372 1574 395 numerus
1598 362 1826 396 variantium
1852 362 2057 397 lectionum

316 427 435 461 usque
460 415 508 449 ad
535 415 674 461 xdginti
700 415 822 450 millia
846 417 1021 451 accrevit.

411 472 648 520 Quapropter
672 479 819 520 praeter
844 480 963 509 errata
999 475 1237 511 librariorum
1276 476 1493 523 manifesta,
1528 490 1589 512 eas
1627 478 1741 513 etiam
1780 479 1961 514 lectiones
1997 492 2060 514 va-

316 531 469 577 riantes,
498 544 594 579 quae
619 537 709 567 sunt
734 533 889 568 0111111110
914 533 1201 581 improbabileS,
1230 536 1319 582 quia
1343 535 1392 571 ab
1418 548 1494 571 uno
1519 535 1683 571 alterove
1716 538 1974 584 manuscripto
1999 537 2060 572 vel

316 590 417 625 edito
443 595 573 626 contra
596 590 691 626 alios
717 591 903 638 plurimos
928 597 965 627 et
990 593 1156 628 melioris
1181 598 1292 629 notae
1319 594 1468 630 codices
1493 594 1751 642 proferuntur,
1779 596 1932 642 penitus
1957 608 2061 642 prae-

316 649 545 684 termisimus
570 651 780 697 nominare,
808 651 882 686 nisi
907 651 1038 699 aliquo
1062 652 1174 687 modo
1200 653 1338 688 servire
1363 658 1538 700 poterant
1562 654 1610 688 ad
1636 666 1789 689 sensum
1821 655 1984 690 auctoris
2007 653 2062 689 fa-

316 708 426 743 cilius
451 708 747 755 intelligcudum
774 709 834 744 vel
860 709 1138 757 illustrandum,
1158 711 1370 747 cuiusmodi
1392 717 1481 747 sunt
1498 712 1684 759 plurimae
1702 713 1865 759 glossae,
1885 725 1981 760 quae
2006 725 2061 747 or-

315 767 458 802 dinarie
483 780 606 814 pauca
631 772 779 803 tantum
804 768 920 803 verba
944 768 1096 816 habent,
1123 770 1314 804 interdum
1352 771 1468 805 etiam
1505 771 1701 818 aliquanto
1740 772 1930 818 longiores
1961 776 2059 807 sunt.

315 825 484 866 Huiusce
509 827 659 873 generis
684 827 831 873 glossae
857 840 934 862 non
959 840 1102 874 paucae
1128 828 1168 862 in
1207 828 1412 864 editionem
1443 829 1666 864 Vaticanam
1693 830 1938 876 irrepserunt,
1966 842 2061 877 quae

315 885 506 920 interdum
531 885 579 920 ad
609 898 760 921 sensum
786 887 959 932 auctoris,
978 886 1149 921 laconica
1166 886 1351 922 brevitate
1369 887 1571 934 loquentis,
1591 887 1742 923 facilius
1768 888 2061 935 intelligendum

314 944 507 979 adiuvant.
535 943 793 979 Nihilominus
819 945 1004 980 eiusmodi
1030 945 1288 980 additamenta
1312 946 1360 980 ad
1387 946 1531 981 calcem
1556 947 1765 982 reiecimus.

408 1002 637 1050 Plerumque
664 1003 814 1038 codices
847 1004 995 1050 antiqui
1033 1004 1073 1037 in
1111 1003 1273 1039 lectione
1306 1005 1554 1051 conveniunt,
1593 1005 1762 1052 exceptis
1798 1006 1930 1052 paucis
1956 1005 2060 1051 10015,

315 1062 380 1108 qui
406 1062 482 1096 iam
511 1062 551 1096 in
580 1062 855 1109 antiquissimis
886 1062 1083 1097 codicibus
1109 1067 1146 1097 et
1179 1062 1412 1098 editionibus
1440 1063 1569 1111 aliqua
1598 1064 1678 1098 sive
1712 1064 1951 1110 corruptione
1983 1064 2062 1099 sive

315 1120 515 1155 verborum
541 1121 743 1156 omissione
769 1121 848 1155 sive
874 1121 1035 1156 alicuius
1061 1121 1208 1168 glossae
1230 1122 1270 1156 111
1288 1126 1436 1156 textum
1453 1123 1668 1169 receptione
1686 1121 1855 1157 laborare
1874 1122 2060 1168 videntur,

315 1178 360 1212 de
386 1192 461 1226 quo
487 1179 601 1214 etiam
626 1180 667 1214 in
692 1180 792 1215 notis
817 1179 997 1215 lectorem
1023 1193 1231 1215 monemus.
1258 1180 1305 1215 In
1330 1181 1389 1215 his
1416 1180 1567 1216 casibus
1592 1181 1848 1216 abstinuimus
1878 1186 1915 1216 et
1945 1181 2062 1216 absti-

313 1237 489 1272 nebimus
514 1251 536 1272 a
561 1243 669 1273 textu
694 1238 876 1273 mutando
903 1251 973 1285 ope
1000 1239 1227 1274 incertarum
1253 1244 1291 1274 et
1316 1252 1426 1286 saepe
1444 1236 1641 1274 fallacium
1661 1240 1977 1286 coniecturarum,
1998 1239 2062 1274 sed

314 1301 421 1332 textu
447 1296 635 1331 Vaticano
660 1302 821 1343 retento,
849 1298 1069 1344 opinionem
1094 1302 1261 1333 nostram
1286 1299 1326 1333 in
1351 1299 1451 1333 notis
1477 1298 1525 1333 ad
1552 1298 1695 1333 calcem
1734 1299 1868 1345 positis
1905 1298 2063 1333 manife-

315 1360 467 1390 stamus.
506 1355 737 1402 Exemplum
775 1356 824 1391 sit
862 1356 968 1391 locus
994 1356 1107 1391 huius
1133 1357 1247 1403 primi
1272 1358 1366 1391 tomi
1392 1370 1428 1403 p.
1456 1357 1541 1403 212,
1568 1357 1617 1391 ad
1643 1370 1756 1404 quem
1781 1356 1942 1392 refertur
1974 1361 2064 1391 nota

316 1414 369 1449 13.
397 1414 458 1449 Ibi
484 1414 599 1449 verba
623 1415 664 1448 in
690 1415 906 1461 parenthesi
932 1416 1055 1462 posita
1080 1416 1165 1463 qaia
1191 1415 1348 1451 Ecclesia
1373 1416 1446 1451 sine
1471 1416 1519 1451 eis
1544 1415 1606 1451 hoc
1630 1418 1773 1463 poterat
1810 1416 1899 1450 satis
1933 1416 2063 1450 incon-

314 1486 406 1519 grue
432 1473 549 1508 istum
574 1473 701 1508 locum
727 1479 926 1520 occupant.
953 1474 1024 1509 Vel
1050 1475 1168 1521 igitur
1192 1475 1264 1510 ista
1289 1480 1378 1510 sunt
1402 1475 1605 1521 glossema,
1634 1474 1736 1522 quod
1755 1487 1801 1509 ex
1827 1474 1997 1520 margine
2023 1474 2062 1508 in

314 1536 463 1567 textum
486 1533 652 1579 irrepsit,
680 1532 743 1567 vel
768 1532 822 1567 ibi
848 1533 1071 1568 exciderunt
1095 1533 1224 1580 aliqua
1249 1533 1378 1580 verba,
1399 1547 1433 1569 v.
1452 1547 1488 1580 g.
1507 1533 1676 1580 nonfuit
1702 1533 1930 1568 necessarimm
1937 1561 1947 1578 ,
1975 1533 2064 1579 quia

313 1591 485 1626 Ecclesia
512 1592 592 1625 sine
618 1592 671 1626 eis
697 1591 767 1626 1100
794 1591 1022 1627 determinare
1048 1593 1189 1639 potuit,
1216 1593 1278 1627 vel
1304 1592 1525 1639 dicendum,
1554 1592 1588 1628 S.
1608 1592 1914 1628 Bonaventuram
1931 1591 2064 1626 lectori

314 1649 424 1696 plura
451 1650 775 1697 subintelligenda
800 1651 1007 1698 reliquisse.
1035 1650 1092 1686 Ne
1118 1652 1262 1686 incerta
1286 1664 1355 1698 pro
1381 1652 1493 1686 certis
1519 1663 1727 1698 ponamus,
1761 1651 1966 1686 lectionem
2004 1663 2064 1685 co-

313 1709 443 1743 dicum
481 1709 664 1744 dedimus.
690 1710 886 1756 Attamen,
914 1710 1017 1757 quod
1041 1710 1089 1744 ad
1114 1710 1216 1745 hunc
1243 1711 1409 1757 primum
1434 1715 1582 1745 tomum
1607 1714 1769 1756 specta-t,
1800 1722 1876 1744 una
1899 1709 2063 1744 alterave

315 1769 398 1803 vice
425 1781 523 1803 error
548 1768 759 1803 editionum
785 1774 822 1804 et
848 1769 1024 1804 codicum
1049 1770 1262 1804 communis
1294 1774 1373 1804 tam
1410 1769 1485 1804 fuit
1522 1768 1770 1815 manifestus,
1809 1773 1846 1803 et
1884 1768 2064 1803 correctio

316 1832 441 1862 nostra
467 1832 572 1862 tanta
597 1840 643 1862 ex
670 1832 851 1863 contextu
876 1827 1146 1874 probabilitate
1171 1827 1315 1875 pollere
1340 1829 1422 1863 visa
1448 1832 1520 1874 est,
1548 1832 1591 1863 ut
1616 1831 1764 1862 textum
1790 1827 1843 1862 sic
1862 1826 2063 1861 reformare

315 1899 391 1921 non
418 1886 727 1921 dubitaverimus.
755 1886 930 1922 Ceterum
956 1900 978 1921 a
1002 1887 1121 1922 nimio
1147 1887 1355 1922 innovandi
1381 1892 1418 1922 et
1443 1887 1595 1933 proprio
1621 1886 1804 1921 arbitratu
1835 1885 2063 1921 reformandi

316 1945 441 1980 studio
466 1945 610 1980 alienos
635 1958 703 1980 nos
729 1958 818 1991 esse,
846 1946 928 1992 ipsa
953 1950 1082 1981 nostra
1107 1946 1271 1981 editione
1299 1946 1388 1981 satis
1415 1945 1704 1992 comprobatum
1728 1944 1807 1980 fore
1826 1944 2063 1980 confidimus.

411 2004 521 2039 Alius
549 2004 664 2050 labor,
685 2009 722 2039 et
738 2004 911 2051 profecto
937 2005 1053 2040 durus
1079 2009 1116 2039 et
1140 2004 1345 2051 taediosus,
1373 2005 1639 2051 suscipiendus
1665 2004 1755 2050 fuit,
1783 2004 1887 2039 locos
1917 2002 2065 2038 scilicet

317 2062 393 2097 fere
419 2063 715 2098 innumerabiles
742 2068 779 2098 et
804 2076 850 2097 ex
875 2063 1050 2109 plurimis
1068 2063 1286 2099 auctoribus
1313 2068 1478 2109 sumtos,
1499 2063 1638 2110 quibus
1665 2063 1801 2098 referta
1818 2067 1907 2097 sunt
1924 2062 2065 2108 scripta

317 2121 510 2167 Seraphici
536 2121 724 2167 Doctoris,
753 2122 945 2167 invenire,
973 2135 1061 2156 011111
1087 2121 1274 2168 fontibus,
1301 2122 1402 2156 unde
1429 2122 1592 2157 desumti
1619 2127 1723 2168 sunt,
1752 2121 1921 2156 conferre
1955 2125 1992 2155 ct
2024 2121 2064 2155 in

316 2181 416 2215 notis
442 2180 573 2215 lectori
598 2180 775 2215 indicare.
802 2180 911 2215 Licet
936 2180 1038 2215 enim
1064 2181 1139 2215 iam
1164 2180 1231 2215 alii
1256 2181 1417 2216 editores
1442 2181 1711 2228 impressorum
1743 2193 1901 2227 operum
1932 2179 1967 2215 S.
1994 2179 2065 2214 Bo-

317 2243 546 2273 naventurae
572 2252 640 2286 pro
665 2239 904 2274 inveniendis
930 2239 989 2274 his
1015 2239 1109 2274 locis
1136 2252 1212 2274 non
1238 2252 1373 2286 parum
1398 2239 1669 2286 laboraverint,
1691 2252 1800 2285 saepe
1819 2244 1946 2273 tamen
1972 2238 2063 2284 loci,

318 2298 384 2344 qui
401 2297 449 2332 ab
475 2298 528 2333 eis
553 2298 785 2344 indicantur,
812 2298 874 2332 vel
901 2299 1055 2333 omnino
1080 2311 1156 2333 non
1181 2298 1426 2345 respondent,
1447 2298 1507 2333 vel
1525 2311 1601 2333 non
1620 2311 1720 2344 011111,
1739 2298 1787 2332 ad
1805 2310 1919 2344 quem
1936 2301 2066 2331 auctor

318 2357 519 2403 spectavit,
547 2357 613 2392 sed
639 2357 803 2392 similem
828 2357 956 2392 locum
982 2357 1179 2403 exhibent,
1207 2357 1268 2392 vel
1294 2357 1409 2392 etiam
1435 2357 1589 2392 omnino
1615 2356 1884 2391 desiderantur.
1909 2355 1988 2391 Nec
2007 2368 2067 2390 co-

318 2415 420 2450 dices
446 2416 694 2462 manuscripti
720 2416 944 2463 plerumque
969 2416 1188 2451 adiumento
1215 2420 1319 2461 sunt,
1340 2416 1429 2462 quia
1446 2420 1528 2450 tum
1546 2416 1644 2450 inter
1661 2428 1699 2450 50
1717 2428 1794 2449 11011
1812 2415 2065 2460 consentiunt,

318 2479 400 2509 tuin
426 2475 576 2521 saepius
602 2487 716 2521 quam
742 2475 845 2521 ipsae
872 2475 1055 2510 editiones
1082 2479 1221 2522 errant,
1250 2474 1317 2509 ubi
1335 2474 1462 2509 locum
1481 2474 1727 2509 determinate
1747 2474 1875 2519 citant,
1896 2472 2067 2508 111111110-

319 2534 496 2580 quentius
522 2538 672 2568 tantuin
697 2534 737 2568 in
763 2546 900 2579 genere
925 2538 1117 2569 auctorem
1149 2533 1211 2568 vel
1236 2546 1331 2580 opus
1368 2533 1430 2567 vel
1468 2533 1611 2567 librum
1650 2533 1832 2567 indicant.
1870 2531 1949 2567 Nec
1988 2544 2068 2566 rara

318 2597 407 2626 sunt
433 2593 621 2639 exempla,
650 2593 752 2639 quod
777 2593 925 2639 antiqui
952 2592 1010 2627 illi
1037 2592 1261 2628 Scholastici
1288 2592 1481 2627 communi
1510 2605 1630 2627 errore
1657 2591 1798 2626 librum
1819 2591 1987 2637 aliquem
2012 2591 2068 2624 in-

318 2654 468 2696 tegrum
499 2656 536 2685 et
561 2652 710 2698 saepius
735 2651 891 2698 aliquod
916 2651 1051 2686 saltem
1075 2651 1336 2686 testimonium
1353 2650 1621 2685 adscribebant
1645 2650 1761 2685 alicui
1778 2650 1937 2695 auctori,
1977 2648 2068 2683 dum

319 2721 447 2743 revera
473 2709 580 2744 alteri
605 2709 762 2744 attribui
788 2710 996 2756 oportebat.

412 2767 581 2814 Accedit,
609 2769 711 2815 quod
735 2769 817 2815 ipse
843 2768 877 2804 S.
904 2769 1169 2804 Bonaventura
1193 2781 1261 2815 pro
1286 2781 1387 2803 more
1414 2781 1501 2803 suae
1526 2769 1659 2803 aetatis
1685 2768 1905 2814 saepissime
1935 2766 2068 2800 alienis

319 2827 544 2862 testimoniis
570 2840 659 2862 usus
685 2832 761 2873 est,
790 2829 883 2874 quin
909 2828 1072 2862 auctoris
1098 2828 1329 2862 mentionem
1356 2827 1481 2862 faciat.
1507 2827 1590 2862 Hoc
1617 2826 1693 2861 fere
1721 2827 1901 2861 continuo
1934 2825 2068 2859 evenit

320 2885 359 2919 in
385 2886 618 2931 argumentis
644 2899 689 2920 ex
715 2887 857 2921 ratione
885 2886 1076 2933 formatis,
1097 2899 1184 2921 cuin
1201 2899 1297 2932 pene
1316 2886 1607 2921 innumerabilia
1625 2886 1828 2930 axiomata,
1859 2884 2065 2930 principia,

320 2943 558 2979 definitiones
596 2945 792 2991 variasque
828 2946 1033 2980 sententias
1072 2958 1117 2979 ex
1159 2945 1360 2979 Aristotele
1400 2945 1554 2991 eiusque
1593 2942 1967 2987 commentatoribus,
2014 2955 2060 2976 cx
