2253 3317
918 153 1020 182 BULLA
1043 152 1127 181 SIXTI
1148 154 1177 182 V.
1841 151 1917 179 XLIX

174 235 439 280 ascenderunt,
468 238 579 279 urget
604 245 672 267 nos
698 238 825 266 tamen
852 231 986 265 caritas
1014 228 1171 276 Christi,
1199 235 1236 264 et
1261 230 1395 265 ardens
1434 229 1587 276 quidam
1627 228 1839 262 devotionis
1864 227 1918 262 af-

176 293 316 339 fectus,
344 305 419 339 quo
446 295 535 338 erga
561 304 647 326 eum
672 290 720 325 ab
746 291 901 324 ineunte
939 288 1015 323 fere
1052 293 1174 322 aetate
1212 293 1394 335 perpetuo
1433 288 1655 333 exarsimus,
1691 290 1734 321 ut
1768 286 1813 320 de
1840 286 1919 321 eius

175 352 374 387 sanctitate
400 355 438 385 et
463 350 635 385 doctrina
660 349 782 395 magis
808 348 1005 394 magisque
1030 347 1276 393 propaganda
1313 351 1426 394 atque
1458 346 1698 391 illustranda,
1734 349 1918 391 quantum

175 423 261 445 cum
290 409 453 445 Domino
479 420 696 455 possumus,
725 407 945 453 cogitemus.
984 404 1180 440 Movemur
1207 406 1376 452 quidem,
1404 410 1446 440 ut
1471 418 1539 452 par
1564 409 1635 451 est,
1668 409 1798 439 sancta
1832 416 1919 437 cum

175 482 217 503 eo
245 468 509 503 communione
535 467 751 513 seraphicae
777 464 989 510 Religionis
1015 468 1180 510 nostrae,
1208 464 1247 498 in
1274 477 1349 511 qua
1373 464 1523 498 educati
1550 468 1587 498 et
1612 468 1670 498 tot
1695 474 1819 501 annos.
1842 474 1920 495 ver-

175 528 245 562 sati
273 538 416 572 smnus,
444 531 481 560 et
507 526 568 560 eui
594 530 775 571 tanquam
801 523 911 558 matri
938 523 1085 569 optime·
1106 523 1276 569 meritae,
1304 523 1430 557 omnia
1454 523 1607 569 pietatis
1625 526 1662 556 et
1687 522 1783 567 grati
1802 521 1920 555 animi

175 589 421 620 monumenta
445 588 632 630 praestare
659 582 858 628 debemus,
886 581 951 616 sed
976 581 1098 616 multo
1125 582 1247 627 magis
1274 586 1429 616 movent
1453 593 1521 616 nos
1548 580 1632 615 Dei·
1641 580 1777 626 gloria,
1796 584 1920 626 pasto-

174 644 250 678 rale
276 643 441 678 officium
468 642 569 689 quod
595 642 777 687 gerimus,
806 641 877 675 viri
903 640 1131 675 sanctissimi
1156 652 1224 686 pro
1250 639 1421 675 Ecclesia
1446 639 1516 674 Dei
1543 644 1599 674 tot
1624 639 1789 685 susecpti
1817 638 1921 673 labo-

174 715 249 748 res,
278 707 334 736 tot
359 701 523 736 illustria
548 701 695 745 merita,
723 704 829 734 tanta
854 712 941 733 cum
966 698 1136 733 Romana
1168 698 1340 733 Ecclesia
1372 698 1605 744 coniunctio,
1640 698 1679 732 in
1712 698 1819 732 cuius
1844 710 1922 731 am-

174 761 347 807 plissimo
368 760 502 794 ordine
529 764 567 793 et
592 763 724 793 senatu
750 770 897 793 summa
923 770 1010 792 cnm
1048 757 1159 791 laude
1186 757 1366 792 consedit.
1399 756 1573 803 Denique
1605 761 1732 791 movet
1757 768 1825 791 nos
1851 755 1921 790 Ec-

175 820 309 854 clesiae
335 818 558 853 universalis
584 817 744 863 utilitas,
773 829 868 863 quae
895 829 940 850 ex
966 816 1062 851 tanti
1093 815 1266 851 Doctoris
1296 816 1506 850 eruditione
1545 828 1693 861 semper
1730 815 1847 849 maior
1885 819 1923 848 et

174 878 324 913 uberior
352 878 436 924 capi
463 881 605 923 potest,
632 876 852 922 praesertim
879 888 966 910 cum
991 875 1265 909 haereticorum
1291 875 1449 909 insidiae
1475 879 1514 909 et
1545 873 1754 909 diabolicae
1780 873 1922 908 machi-

176 937 362 983 nationes,
391 935 530 983 quibus
557 947 699 970 sacram
725 934 974 980 theologiam,
1002 946 1097 980 quae
1126 933 1358 969 Scholastica
1394 933 1624 979 appellatur,
1651 933 1722 967 hoc
1749 932 1923 967 luctuoso

176 995 324 1030 saeculo
351 998 579 1041 oppugnant
604 993 950 1039 vehementissime,
978 1005 1046 1027 nos
1063 1005 1292 1038 magnopere
1310 992 1552 1038 admoneant,
1578 996 1620 1026 ut
1643 991 1800 1025 eandem
1818 991 1922 1025 theo-

176 1055 332 1100 logiam,
360 1066 435 1100 qua
459 1053 556 1087 nihil
573 1052 767 1087 Ecclesiae
784 1051 854 1086 Dei
874 1051 1120 1097 fructuosius,
1141 1051 1244 1086 omni
1262 1051 1387 1086 studio
1405 1051 1648 1096 retineamus,
1672 1050 1921 1096 illustremus,

176 1124 439 1160 propagemus.
466 1111 607 1146 Divino
634 1111 735 1145 enim
761 1110 866 1145 illius
892 1123 1061 1156 munere,
1090 1110 1155 1156 qui
1181 1110 1283 1144 solus
1310 1110 1375 1144 dat
1401 1110 1574 1156 spiritum
1602 1109 1780 1144 scientiae
1807 1114 1844 1143 et
1868 1116 1923 1143 sa·-

176 1171 341 1218 pientiae
368 1174 406 1205 et
431 1169 664 1215 intellectus,
692 1169 833 1215 quique
860 1168 1071 1203 Ecclesiam
1098 1181 1205 1203 suam
1236 1181 1304 1214 per
1341 1168 1576 1202 saeculorum
1615 1172 1772 1213 aetates,
1811 1172 1924 1213 prout

176 1242 270 1277 opus
296 1234 367 1276 est,
394 1229 503 1264 novis
530 1227 726 1263 beneficiis
751 1232 882 1274 auget,
909 1227 1019 1261 novis
1044 1227 1242 1273 praesidiis
1268 1227 1437 1273 instruit,
1467 1227 1623 1260 inventa
1649 1231 1705 1260 est
1729 1239 1752 1260 a
1777 1226 1924 1261 maiori—

175 1289 247 1324 bus
271 1288 424 1332 nostris,
447 1286 735 1333 sapientissimis
761 1286 861 1332 viris,
882 1285 1075 1331 theologia
1100 1284 1341 1331 Scholastica,
1361 1298 1474 1332 quam
1493 1285 1568 1319 duo
1585 1285 1825 1331 potissimum
1844 1285 1924 1330 glo-

175 1348 263 1383 riosi
288 1347 484 1392 Doctores,
512 1345 710 1392 angelicus
747 1349 900 1380 sanctus
931 1344 1109 1390 Thomas,
1144 1349 1181 1378 et
1212 1344 1430 1390 seraphicus
1456 1348 1610 1378 sanctus
1642 1343 1922 1389 Bonaventura,

176 1406 376 1442 clarissimi
400 1405 514 1439 huius
540 1404 733 1439 facultatis
758 1403 1002 1450 professores,
1031 1408 1069 1437 et
1093 1403 1207 1449 primi
1234 1403 1334 1437 inter
1358 1415 1436 1448 eos,
1465 1403 1531 1449 qui
1558 1403 1595 1436 in
1616 1402 1837 1437 Sanctorum
1856 1415 1924 1436 nu-

177 1477 321 1500 merum
345 1464 453 1499 relati
479 1468 582 1509 sunt,
610 1462 812 1497 excellenti
838 1461 1009 1508 ingenio,
1037 1461 1189 1496 assiduo
1228 1461 1369 1506 studio,
1411 1461 1561 1507 magnis
1587 1460 1781 1495 laboribus
1808 1466 1845 1495 et
1870 1461 1926 1495 vi-

177 1523 280 1570 giliis
306 1523 552 1558 excoluerunt
576 1526 690 1568 atque
717 1525 912 1567 ornarunt,
948 1532 1105 1567 eamque.
1131 1520 1273 1566 optime
1306 1520 1526 1566 dispositam
1560 1519 1766 1566 multisque
1803 1519 1925 1554 modis

177 1582 367 1629 praeclare
393 1581 622 1628 explicatam
647 1580 807 1627 posteris
833 1579 1078 1614 tradiderunt.
1106 1578 1156 1613 Et
1180 1579 1294 1613 huius
1320 1579 1475 1625 quidem
1500 1583 1579 1613 tam
1607 1578 1780 1613 salutaris
1806 1579 1925 1613 scien-

178 1642 251 1676 tiae
278 1640 446 1686 cognitio
472 1644 509 1674 et
535 1639 769 1685 exercitatio,
798 1651 893 1685 quae
919 1638 967 1673 ab
994 1637 1194 1673 uberrimis
1217 1637 1431 1672 divinarum
1449 1637 1672 1684 litterarum,
1693 1650 1925 1672 summorum

178 1699 422 1745 Pontificum,
450 1702 666 1733 sanctorum
692 1697 848 1732 Patrum
874 1701 911 1731 et
937 1696 1193 1732 Conciliorum
1219 1695 1390 1731 fontibus
1423 1696 1612 1742 dimanat,
1647 1708 1794 1742 semper
1826 1700 1925 1730 certe

178 1759 387 1793 maximum
412 1756 606 1792 Ecclesiae
631 1756 894 1790 adiumentum
919 1755 1052 1789 afferre
1078 1755 1219 1801 potuit,
1240 1755 1319 1789 sive
1345 1755 1393 1789 ad
1419 1754 1630 1801 Scripturas
1656 1755 1757 1801 ipsas
1784 1767 1869 1789 vere
1887 1758 1925 1788 ct

179 1830 267 1852 sane
293 1815 565 1862 intelligendas
590 1818 628 1849 et
653 1814 968 1860 interpretandas,
996 1813 1076 1848 sive
1102 1813 1150 1847 ad
1175 1812 1304 1848 Patres
1330 1813 1497 1848 securius
1515 1818 1552 1848 et
1570 1813 1702 1848 utilius
1729 1813 1925 1859 perlegen-

178 1876 245 1910 dos
270 1880 308 1910 et
332 1874 593 1921 explicandos,
621 1873 700 1908 sive
725 1872 773 1907 ad
799 1873 920 1907 varios
946 1884 1085 1906 errores
1118 1876 1156 1906 et
1180 1871 1351 1906 haereses
1378 1871 1608 1917 detegendas
1633 1876 1671 1906 et
1687 1871 1923 1907 refellendas.

180 1934 249 1970 His
274 1946 362 1968 vero
395 1932 612 1968 novissimis
638 1931 787 1978 diebus,
816 1930 955 1978 quibus
980 1931 1056 1965 iam
1081 1930 1317 1977 advenerunt
1341 1934 1512 1976 tempora
1541 1930 1608 1965 illa
1632 1931 1844 1977 periculosa
1876 1931 1925 1966 ab

178 1992 362 2039 Apostolo
381 1991 583 2037 descripta,
603 1994 640 2025 et
657 1990 829 2025 homines
846 1989 1075 2035 blasphemi,
1103 1989 1271 2035 superbi,
1291 1989 1506 2024 seductores
1523 1989 1728 2035 proficiunt
1741 1990 1778 2024 in
1798 1990 1922 2037 peius,

179 2055 343 2086 errantes
356 2054 394 2085 et
406 2050 500 2084 alios
516 2050 556 2084 in
574 2061 733 2084 errorem
748 2049 957 2094 mittentes,
973 2060 1061 2082 sane
1076 2047 1283 2082 catholicae
1296 2047 1385 2082 fidei
1398 2047 1641 2094 dogmatibus
1659 2048 1928 2084 confirmandis

179 2115 217 2144 et
240 2108 458 2144 haeresibus
485 2107 727 2143 confutandis
753 2106 1030 2153 pernecessaria
1054 2111 1121 2141 est.
1148 2105 1198 2141 Et
1222 2105 1393 2152 profecto
1419 2119 1498 2141 rem
1528 2107 1581 2141 ita
1605 2119 1643 2141 se
1668 2107 1816 2153 habere,
1836 2108 1925 2153 ipsi-

179 2173 257 2203 met
281 2167 450 2202 veritatis
475 2167 621 2201 inimici
647 2170 736 2201 sunt
761 2165 919 2211 iudices,
948 2164 1087 2212 quibus
1113 2164 1307 2211 theologia
1333 2164 1566 2200 Scholastica
1581 2166 1744 2200 maxime
1770 2171 1827 2201 est
1852 2166 1925 2201 for-

179 2226 376 2273 midolosa,
405 2226 471 2272 qui
497 2224 668 2272 profecto
693 2224 933 2272 intelligunt,
961 2228 1051 2270 apta
1076 2223 1143 2258 illa
1168 2228 1206 2258 et
1231 2224 1329 2258 inter
1354 2236 1392 2258 se
1418 2236 1515 2258 nexa
1532 2236 1656 2258 rerum
1673 2229 1711 2258 et
1728 2237 1924 2259 causarum

180 2285 432 2330 cohaerentia,
460 2284 528 2319 illo
555 2284 684 2318 ordine
704 2287 749 2318 et
774 2283 1037 2329 dispositione,
1066 2287 1248 2329 tanquam
1281 2282 1448 2316 militum
1487 2283 1525 2316 in
1557 2283 1764 2329 pugnando
1789 2284 1925 2318 instru-

181 2344 321 2390 ctione,
348 2343 426 2378 illis
453 2343 632 2377 dilucidis
658 2341 944 2377 definitionibus
970 2346 1008 2376 et
1033 2340 1359 2387 distinctionibus,
1386 2340 1454 2375 illa
1479 2346 1784 2387 argumentorum
1811 2342 1927 2377 firmi-

182 2407 257 2437 tate
283 2406 320 2436 et
343 2401 574 2436 acutissimis
613 2400 936 2447 disputationibus
974 2400 1100 2435 lucem
1126 2412 1148 2434 a
1172 2399 1354 2446 tenebris,
1391 2412 1519 2434 verum
1548 2412 1570 2434 a
1595 2399 1691 2435 falso
1717 2400 1924 2447 distingui,

182 2473 385 2507 eorumque
410 2460 607 2494 mendacia
632 2459 763 2494 multis
796 2459 1012 2505 praestigiis
1038 2463 1075 2493 et
1102 2458 1264 2493 fallaciis
1298 2458 1486 2505 involuta,
1514 2463 1696 2505 tanquam
1734 2464 1836 2494 veste
1864 2459 1926 2493 de-

183 2524 310 2564 tracta,
336 2518 506 2564 patefieri
531 2530 574 2552 ac
600 2518 791 2552 denudari.
811 2517 959 2562 Quanto
986 2518 1104 2563 igitur
1128 2517 1250 2563 magis
1267 2516 1325 2551 illi
1342 2517 1440 2551 hane
1458 2517 1751 2552 munitissimam
1775 2517 1926 2553 Schola-

184 2578 298 2612 sticae
323 2576 537 2621 theologiae
562 2589 686 2611 arcem
712 2589 933 2623 oppugnare
959 2581 997 2610 et
1023 2580 1187 2610 evertere
1214 2579 1414 2621 conantur,
1443 2580 1548 2610 tanto
1574 2576 1695 2621 magis
1721 2589 1789 2611 nos
1819 2577 1927 2611 decet

183 2635 254 2670 hoc
281 2635 468 2669 invictum
493 2634 583 2669 fidei
609 2635 940 2681 propugnaculum
968 2634 1185 2680 defendere,
1205 2638 1243 2668 et
1259 2634 1529 2668 haereditatem
1546 2639 1696 2680 patrum
1714 2640 1926 2670 nostrorum

185 2706 404 2728 conservare
431 2698 468 2727 et
493 2693 607 2739 tueri,
635 2698 672 2728 et
696 2694 896 2728 acerrimos
914 2694 1084 2728 veritatis
1102 2692 1316 2727 defensores
1334 2693 1478 2727 meritis
1495 2692 1720 2739 honoribus,
1741 2698 1925 2739 quantum

184 2764 400 2798 possumus,
428 2751 612 2786 decorare.

279 2810 297 2857 ξ
325 2811 378 2844 11.
406 2809 671 2856 Quamobrem,
708 2815 750 2844 ut
787 2810 973 2856 seraphici
1012 2809 1186 2845 Doetoris
1224 2809 1385 2844 eruditio
1410 2809 1455 2843 ad
1484 2809 1689 2844 multorum
1723 2810 1926 2845 utilitatem

185 2869 298 2903 latius
323 2868 574 2914 diffundatur,
603 2873 640 2902 et
665 2881 711 2903 ex
737 2869 816 2903 eius
842 2868 949 2903 libris
975 2873 1012 2903 et
1038 2868 1214 2915 operibus
1240 2868 1377 2902 eruditi
1403 2872 1440 2902 et
1466 2868 1623 2903 studiosi
1649 2869 1719 2903 viri
1746 2869 1927 2915 copiosio-

186 2940 242 2962 res
270 2928 533 2973 suavioresque
551 2927 590 2961 in
617 2927 696 2961 dies
723 2926 869 2962 fructus
896 2927 1048 2973 capiant
1074 2927 1189 2973 (quod
1228 2926 1275 2960 ad
1313 2927 1432 2973 ipsius
1459 2926 1604 2973 Sancti,
1633 2940 1861 2974 quamquam
1888 2928 1927 2961 in

378 2986 402 3009 S.
419 2987 508 3009 Bonav.
525 2999 557 3002 —
575 2986 641 3009 Torn.
659 2986 673 3008 1.
1696 2987 1741 3009 VH}
