2253 3317
192 1788 307 1810 Argumenta

179 1813 244 1838 contra
253 1812 310 1830 falsas

180 1838 288 1858 positiones.

330 233 367 261 88

330 317 388 339 quae
406 313 439 333 est
456 311 478 332 in
496 311 654 333 convenientia
671 311 693 332 in
711 312 791 332 nutura
809 312 831 332 et
856 311 945 338 specio,
964 311 1031 333 aliam
1049 312 1174 335 similitudi-

330 356 382 372 nem
400 350 515 377 duplicem
533 349 652 377 distinguit
669 349 691 371 S.
709 349 808 377 Doctor,
826 350 873 372 scil.
896 350 1069 372 similitudinem
1091 356 1174 374 secan-

329 388 386 411 dum
403 388 532 416 rationem,
552 394 597 417 qun
614 388 689 416 aliqua
707 391 760 410 sunt
775 388 856 410 similia
874 389 896 410 in
919 389 1006 411 ratione
1023 389 1123 418 quadam
1141 396 1173 412 es-

328 428 430 455 sentiali,
449 429 473 449 ut
490 427 599 455 splendor
616 430 722 454 respectu
734 427 803 455 lucis,
821 429 843 449 et
854 427 1026 450 similitudinem
1043 428 1171 451 secundum

328 465 492 493 attentionem,
512 472 572 494 quac
589 468 623 487 cst
640 466 698 487 inter
715 466 802 494 aliqua,
828 472 929 494 quorum
947 472 1019 488 unum
1037 469 1071 489 est
1088 468 1172 489 sactum

328 504 358 526 ad
375 504 524 526 imitationem
538 504 640 526 alterius.
658 504 688 526 Ex
706 505 750 527 hoc
767 507 840 533 patet,
859 505 921 534 quod
939 504 1063 534 splendor,
1083 507 1122 534 qui
1139 509 1173 529 est

327 543 451 565 similitudo
465 543 536 571 lucis,
555 543 606 565 licet
621 545 685 566 exeat
707 550 720 566 a
742 543 805 572 lnce,
824 546 900 566 tamen
918 550 962 566 non
985 544 1072 567 recedit
1086 544 1116 567 ab
1138 551 1171 574 ea,

327 587 422 604 manens
439 581 462 603 in
478 581 560 604 eodem
578 588 664 609 genere
681 582 745 604 lucis.

390 621 421 643 111.
439 621 462 643 ln
479 622 545 644 solut.
564 621 593 643 ad
615 622 632 643 l.
645 624 667 643 et
680 622 700 644 9..
713 621 833 650 distinguit
845 622 866 644 S.
879 622 963 644 Doctor
974 621 1089 651 triplicem
1105 629 1171 653 prae-

326 660 474 683 dicationem.
492 660 633 683 l‘raedicatio
651 667 692 689 per
709 660 835 684 essentiam
850 664 904 684 tunc
922 661 952 689 iit,
970 661 1063 690 quando
1081 662 1172 690 praedi-

326 702 402 722 catum
420 702 453 721 est
470 699 499 721 de.
524 700 644 722 intrinseca
670 700 757 722 ratione
782 699 885 723 subiecti.
903 700 964 722 Haec
980 703 1015 723 est
1031 701 1113 723 iterum
1131 701 1171 723 du-

326 739 384 767 plex,
403 745 486 767 nempe
503 739 632 762 secundum
649 739 766 767 duplicem
791 745 885 762 sensum
901 740 1008 762 vocabuli
1026 739 1168 769 essentialis,

325 784 338 799 a
356 778 378 800 S.
395 778 492 800 Doctore
510 778 546 800 hic
563 778 702 801 distinctum.
720 778 807 801 Etenim
825 781 874 801 tum
892 779 989 801 essentia
1001 778 1168 809 metaphysica,

325 823 395 845 quam
413 817 517 839 moderni
540 820 623 840 vocant
640 818 696 846 (scil.
723 824 797 845 genus
813 820 835 840 et
859 817 1002 846 differentia),
1025 821 1073 840 tum
1094 821 1170 846 partes

325 856 485 878 constitutivae
500 855 611 885 physicae
629 856 685 885 (scil.
704 856 778 879 forma
794 858 817 879 et
833 857 937 884 materia)
955 860 1013 880 sunt.
1026 856 1055 879 de
1072 857 1170 879 essentia

324 896 357 917 rei
374 899 396 918 et
412 895 441 917 de
465 895 570 918 subiecto
595 896 744 918 essentialiter
768 896 936 924 praedicantur.
961 896 1019 918 Huic
1044 897 1170 925 opponitur

325 934 465 962 praedicatio
482 933 647 963 accidentalis,
667 935 760 964 quando
778 935 937 963 praedicatum
959 935 1063 958 subiecto
1081 938 1169 958 tantum

1015 232 1266 264 SENTENTIARUM
1288 236 1347 264 LIB.
1369 236 1386 264 1.

1231 314 1400 337 accidentaliter
1417 315 1537 342 convenit,
1555 318 1591 343 ut,
1610 316 1679 338 bomo
1691 318 1726 338 est
1737 316 1834 343 sapiens.
1851 327 1884 331 —
1899 314 1963 337 Circa
1981 314 2080 338 tertiam

1231 352 1437 381 praedicationem,
1455 359 1514 382 quae
1527 354 1563 376 hic
1575 354 1734 382 distinguitur,
1748 354 1873 376 notandum
1885 357 1926 382 est,
1939 354 2001 387 quod
2013 354 2075 377 aliud

1230 394 1264 414 est
1289 400 1299 411 α
1312 398 1362 414 esse
1379 392 1408 414 de
1425 393 1522 414 essentia
1540 393 1636 415 alicuius
1653 394 1685 415 rei
1696 402 1716 422 n,
1734 393 1795 416 aliud
1822 401 1832 413 ι
1845 400 1896 416 esse
1920 393 1982 416 idem
2002 394 2024 416 in
2041 400 2074 416 es-

1230 430 1300 452 sentia
1318 436 1371 452 cum
1389 430 1466 459 aliquo
1479 439 1499 453 v.
1522 440 1531 451 α
1544 430 1672 460 Proprium
1689 432 1749 454 onim
1767 432 1863 454 alicuius
1880 433 1912 454 rei
1930 438 1974 454 non
1992 435 2026 455 est
2045 432 2075 455 de

1229 470 1326 492 essentia
1343 470 1387 497 rei,
1413 469 1453 491 sed
1479 475 1506 491 ex
1531 470 1649 498 principiis
1673 469 1833 492 ‘essentialibus
1853 471 1937 499 speciei
1954 473 2079 499 causatur„

1228 508 1290 530 unde
1307 509 1410 531 medium
1421 511 1456 531 est
1465 509 1523 530 inter
1536 509 1659 531 essentiam
1670 511 1693 531 ct
1704 509 1811 531 accidens
1820 517 1831 529 »
1847 509 1878 538 (S.
1893 509 2009 538 Thomas„
2022 510 2044 532 S.
2058 510 2072 532 1.

1229 553 1251 575 q.
1269 546 1306 569 77.
1324 553 1344 569 a.
1367 548 1384 569 Ι.
1402 547 1431 569 nd
1449 547 1487 576 5.).
1506 548 1577 569 Etiam
1595 548 1709 575 potentiae
1726 548 1816 570 animae
1834 554 1879 570 non
1896 551 1949 570 sunt
1959 547 1989 571 de
2000 554 2075 571 essen·

1229 587 1257 608 tia
1275 587 1378 615 animae,
1404 593 1446 609 nec
1471 586 1633 615 praedicantur
1649 586 1679 609 de
1695 593 1722 609 ea
1739 587 1761 609 in
1788 588 1863 615 primo
1888 587 1978 609 dicendi
2003 588 2074 610 modo

1229 631 1271 653 per
1287 631 1323 653 se,
1341 626 1400 647 sieut
1417 631 1492 653 genus
1509 625 1657 653 praedicatur
1683 625 1711 647 de
1737 626 1821 653 specie.
1839 626 1990 649 Nihilominus
2007 628 2074 655 parti-

1229 664 1306 692 cipant
1322 664 1436 692 potentiae
1459 664 1558 686 eandem
1576 666 1680 686 naturam
1699 670 1752 687 cum
1774 665 1872 687 essentia
1897 666 1999 694 animae,
2025 666 2079 688 sive

1228 705 1281 725 sunt
1300 702 1382 724 «idem
1400 703 1422 724 in
1440 703 1536 725 essentia
1554 709 1607 725 cum
1625 703 1674 731 ipsa
1685 711 1704 725 ».
1722 703 1755 725 De
1771 709 1818 732 quo
1835 703 1875 726 cfr.
1893 704 1955 726 Alex.
1972 704 2033 733 Hah,
2051 705 2073 727 S.

1227 746 1250 768 p.
1268 741 1282 762 l.
1300 747 1322 769 q.
1342 741 1377 762 48.
1396 747 1426 762 m.
1445 742 1465 763 2.
1483 744 1505 764 et
1522 742 1545 764 B.
1564 741 1659 770 tilbert,
1678 742 1720 764 bic.
1739 749 1760 771 q.
1781 741 1817 764 34.

1289 780 1370 802 Notatu
1387 779 1457 808 digna
1474 783 1509 802 est
1525 780 1628 803 doctrina
1646 781 1763 809 Serapliiei
1781 782 1803 803 in
1815 781 1881 804 solut.
1899 781 1929 804 ad
1947 781 1967 804 4.
1986 782 2015 804 de
2032 788 2075 810 po-

1227 819 1294 841 tentia
1312 820 1426 841 materiae.
1444 819 1506 841 idem
1523 819 1591 841 docet
1607 819 1668 842 Alex.
1686 819 1746 848 Hal„
1758 820 1780 842 S.
1794 827 1815 849 p.
1830 820 1853 843 ll.
1866 827 1888 849 q.
1901 820 1938 842 65.
1950 827 1981 843 m.
1996 821 2016 843 l.
2028 819 2078 843 cfr.

1227 857 1298 885 scot,
1317 857 1367 879 libr.
1386 858 1399 879 l.
1417 858 1534 885 Pliysicor.
1552 864 1574 886 (1.
1593 858 1637 886 20;
1656 858 1685 880 de
1702 859 1788 881 Rerum
1811 860 1909 888 princip.
1927 866 1949 889 q.
1968 860 1988 882 8.
2007 866 2027 882 a.
2046 860 2069 888 2;

1225 896 1239 918 1.
1260 897 1320 919 Sent.
1339 896 1361 919 d.
1379 897 1411 918 12.
1424 903 1446 925 q.
1469 897 1485 918 l.
1498 909 1529 913 ·-
1541 897 1647 919 Richard.
1660 903 1672 919 a
1685 897 1755 926 Mod„
1768 898 1791 920 11.
1804 898 1864 921 Sent.
1877 898 1899 920 d.
1913 899 1949 921 12.
1962 905 1983 927 q.
1997 898 2033 920 ¹10.
2043 910 2080 915 —

1227 936 1249 958 S.
1259 936 1349 964 Tuom,
1357 936 1393 958 liic
1400 943 1423 965 q.
1434 935 1454 958 4.
1464 942 1484 958 a.
1495 937 1515 958 2.
1526 936 1556 958 ad
1566 936 1586 958 4.
1595 949 1628 952 —
1636 937 1659 958 B.
1670 936 1763 965 Albert.,
1773 937 1787 959 1.
1798 938 1858 960 Sent.
1868 937 1890 960 d.
1901 938 1938 960 26.
1948 944 1968 960 a.
1978 938 1999 960 6.
2007 938 2043 960 ad.
2051 939 2075 961 8.

1047 1013 1283 1047 ARTICL'LUS
1310 1014 1347 1047 ΙΙ.

908 1107 948 1135 De
967 1108 1097 1136 secanda
1118 1107 1319 1145 assiynaaone
1339 1108 1488 1146 imayimls.

401 1193 608 1230 Consequenter
629 1197 671 1223 est
691 1194 818 1231 quaestio
840 1194 874 1222 de
894 1193 1024 1222 secunda
1048 1194 1168 1230 assigna-

323 1239 395 1268 tione
417 1240 545 1277 imaginis
560 1248 610 1277 per
625 1244 759 1275 mentem,
775 1240 900 1269 notitiam
915 1243 942 1269 et
963 1248 1096 1269 amorem.
1114 1240 1144 1268 Et
1158 1240 1164 1252 ¹

321 1286 396 1315 circa
417 1286 488 1315 hanc
509 1290 685 1324 quaeruntur
707 1288 768 1315 tria.

401 1333 540 1361 Primum
561 1336 603 1363 est
624 1334 659 1362 de
684 1334 744 1362 istis
768 1334 904 1368 absolute,
927 1337 1023 1362 utrum
1039 1333 1168 1363 videlicet

322 1380 413 1417 imago
428 1381 589 1409 attendatur
610 1381 637 1408 in
659 1380 718 1409 istis
740 1383 772 1409 ut
793 1381 821 1409 in
842 1381 986 1417 potentiis,
1009 1383 1058 1409 aut
1078 1380 1105 1408 in
1121 1381 1167 1409 ha-

1264 1193 1383 1228 bitibus,
1404 1197 1453 1222 aut
1468 1194 1496 1222 in
1511 1195 1641 1232 potentiis
1656 1195 1741 1224 simul
1759 1198 1787 1224 et
1807 1196 1959 1232 habitibus,
1981 1199 2030 1225 aut
2045 1196 2072 1225 in

1264 1241 1419 1270 substantia
1440 1244 1467 1269 et
1488 1241 1638 1270 habitibus.

1224 1287 1391 1316 Seozmctum
1413 1290 1454 1316 est
1475 1287 1509 1316 de
1531 1288 1591 1317 istis
1612 1289 1639 1316 in
1662 1289 1868 1326 comparatione
1889 1289 1925 1318 ad
1944 1289 2071 1319 invicem.

1231 1334 1374 1368 Tertiam,
1390 1337 1488 1363 utrum
1503 1334 1571 1363 haec
1586 1335 1696 1363 trinitas
1711 1335 1840 1372 imaginis
1854 1335 1938 1364 ducat
1950 1343 2078 1365 necessa-

1263 1381 1305 1409 rio
1326 1381 1353 1409 in
1369 1381 1553 1418 cognitionem
1569 1381 1711 1411 Trinitatis
1725 1385 1862 1419 quantum
1877 1382 1913 1410 ad
1928 1390 2071 1419 personas.

1070 1467 1274 1503 QUAESTIO
1303 1467 1321 1495 I.

430 1553 535 1582 Utrztm
556 1552 654 1590 imayo
676 1552 846 1581 attendatur
868 1552 899 1581 z'n
920 1556 1027 1586 mente,
1049 1552 1154 1581 notitia
1175 1556 1201 1581 et
1221 1561 1322 1581 amore
1343 1556 1376 1581 at
1397 1552 1428 1580 z'n
1447 1553 1598 1590 potentiis,
1620 1556 1674 1581 aut
1688 1553 1728 1581 'at
1746 1553 1778 1581 in
1799 1552 1963 1588 habitibus,

668 1602 722 1627 aut
744 1599 775 1627 in
794 1599 927 1637 utrisque
947 1599 1050 1633 simiai,
1072 1603 1127 1628 aut
1146 1600 1307 1628 secandam
1328 1599 1526 1628 substantiam
1547 1604 1572 1628 et
1592 1599 1717 1628 liabitas.

400 1685 479 1714 Circa
499 1685 624 1722 primum
645 1685 685 1714 sic
706 1685 877 1722 proceditur.

402 1733 425 1760 1.
447 1732 611 1760 Ostenditur
622 1732 731 1768 primo,
753 1732 828 1769 quod
851 1740 905 1760 non
923 1732 950 1760 in
966 1732 1009 1760 his
1031 1735 1063 1760 ut
1077 1732 1105 1760 in
1116 1740 1166 1769 po-

320 1778 416 1807 tentiis
436 1779 598 1807 attendatur
618 1779 721 1816 imago,
744 1779 810 1815 quia
831 1779 974 1816 praedicta
994 1779 1144 1816 assignatio
1157 1786 1165 1800 ἵ

318 1825 370 1854 fuit
391 1826 419 1854 in
440 1826 582 1863 potentiis:
604 1833 671 1863 ergo
693 1826 715 1854 si
736 1826 805 1854 haec
827 1825 911 1854 etiam
932 1828 1005 1855 esset
1026 1826 1053 1854 in
1072 1828 1166 1863 poten-

321 1874 373 1908 tiis,
394 1882 449 1902 non
470 1876 543 1902 esset
563 1873 616 1902 nisi
637 1872 785 1901 inculcatio
806 1873 967 1901 verborum.

396 1921 573 1954 Praeterea,
593 1920 690 1948 notitia
711 1923 738 1949 et
759 1927 838 1948 amor
859 1928 914 1948 non
945 1920 1042 1948 dicunt
1072 1922 1166 1957 poten-

318 1968 400 2002 tiam,
422 1968 471 1997 sed
486 1968 607 2002 habitus,
623 1967 686 1996 licet
697 1975 776 1996 mens
790 1967 878 2004 possit
892 1967 985 1995 dicere
999 1968 1163 2004 potentiam:

316 2023 383 2052 ergo
403 2015 546 2052 praedicta
567 2015 621 2043 tria
641 2022 697 2042 non
711 2016 829 2051 possunt
843 2014 909 2051 poni
923 2014 976 2042 sub
999 2014 1105 2043 ratione
1119 2022 1165 2051 po-

317 2062 476 2091 tentiarum.
554 2058 556 2061 '

396 2110 421 2137 2.
442 2109 510 2137 Item
531 2108 702 2142 ostenditur,
724 2108 799 2145 quod
824 2116 886 2137 non
918 2108 1014 2137 dicunt
1035 2107 1162 2141 habitas,

316 2156 382 2192 quia
402 2155 593 2192 Augustinus³
614 2154 680 2183 dicit
710 2155 738 2183 in
770 2155 898 2191 imaginis
929 2155 1115 2191 assignatione
1136 2157 1163 2182 et

316 2202 530 2239 approbatione:
560 2201 657 2230 «Mens
678 2201 755 2229 novit
770 2209 813 2235 se,
835 2201 925 2238 diligit
945 2209 975 2230 se
986 2212 1013 2234 »;
1034 2201 1083 2230 sed
1105 2201 1165 2229 nul-

316 2249 371 2277 lius
392 2248 505 2277 habitus
527 2251 568 2277 est
589 2255 618 2277 se
639 2255 721 2276 nosse
742 2256 792 2276 nec
813 2255 922 2276 amare:
945 2255 1012 2284 ergo
1033 2251 1084 2277 etc.

394 2295 477 2329 Item,
498 2295 521 2324 si
542 2303 621 2324 mens
636 2298 690 2323 stat
704 2303 755 2331 pro
769 2294 882 2329 habitu,
897 2302 1018 2331 quaero,
1040 2302 1091 2331 pro
1106 2303 1161 2331 quo

316 2342 438 2371 habitu?
459 2342 486 2370 Si
507 2350 558 2379 pro
580 2342 677 2370 habitu
699 2341 867 2374 memoriae,
889 2341 924 2369 de
944 2349 1003 2378 quo
1022 2341 1111 2378 magis
1126 2341 1164 2369 vi-

316 2389 414 2423 detur,
446 2388 512 2425 quia
541 2396 596 2416 non
617 2390 660 2417 est
690 2388 777 2416 alium
800 2388 880 2422 dare;
902 2387 951 2416 sed
975 2390 1055 2416 actus
1076 2388 1162 2416 huius

314 2436 428 2464 habitus
449 2438 491 2464 est
511 2434 679 2469 meminisse,
701 2442 755 2462 non
787 2434 875 2469 alius,
897 2434 946 2463 sed
971 2434 1163 2470 Augustinus¹

315 2482 436 2519 assignat
457 2482 543 2511 menti
564 2481 615 2510 hos
637 2484 733 2516 aetus,
763 2481 867 2510 scilieet
898 2489 979 2510 nosse
995 2484 1027 2520 ,et
1047 2488 1160 2509 amare:

315 2537 381 2566 ergo
403 2531 454 2558 etc.

1303 1685 1328 1714 3.
1350 1686 1418 1714 Item
1440 1686 1611 1721 ostenditur,
1643 1687 1718 1724 quod
1741 1687 1816 1715 non⁵
1837 1687 1864 1717 in
1887 1687 2024 1724 potentiis
2046 1690 2073 1715 ec

1224 1731 1379 1760 habitibus.
1401 1733 1470 1761 Cum
1492 1733 1566 1761 enim
1587 1733 1727 1770 potentiae
1748 1733 1803 1762 sint
1823 1736 1889 1768 tres,
1910 1736 1938 1762 et
1958 1733 2071 1763 habitus

1225 1782 1289 1813 tres
1309 1782 1375 1808 tunc
1397 1788 1451 1808 non
1473 1782 1546 1809 esset
1567 1780 1722 1814 ternarius,
1745 1780 1794 1809 sed
1816 1780 1951 1809 senarius.

1300 1827 1327 1855 [ι.
1342 1826 1409 1855 ltem
1431 1834 1551 1864 quaero,
1573 1835 1624 1864 pro
1643 1835 1699 1864 qua
1713 1828 1835 1864 potentia
1850 1830 1904 1856 stat
1918 1827 1957 1856 ibi
1971 1830 2071 1856 mens?

1221 1876 1270 1901 aut
1290 1873 1365 1902 enim
1397 1876 1451 1902 stat
1481 1882 1533 1910 pro
1564 1874 1709 1908 omnibus,
1731 1877 1780 1902 aut
1801 1882 1852 1912 pro
1874 1874 2000 1909 duabus,
2021 1877 2070 1903 aut

1222 1928 1274 1957 pro
1295 1929 1359 1949 una.
1381 1921 1409 1949 Si
1430 1929 1482 1957 pro
1502 1920 1649 1955 omnibus,
1671 1923 1737 1949 tunc
1752 1929 1807 1949 non
1822 1924 1864 1950 est
1884 1921 1922 1951 ibi
1944 1921 2065 1955 trinitas3

1222 1967 1245 1995 si
1265 1975 1317 2004 pro
1338 1967 1465 2001 duabus,
1486 1970 1552 1995 tunc
1583 1969 1624 1995 est
1656 1967 1693 1995 ibi
1715 1967 1903 2004 quaternitas,
1926 1975 1991 1996 cum
2013 1967 2068 1996 duo

1221 2013 1276 2042 sint
1296 2013 1425 2048 habitus;
1447 2013 1468 2042 si
1501 2022 1552 2050 pro
1583 2022 1657 2048 una,
1690 2022 1744 2042 non
1765 2016 1856 2051 potest
1876 2014 1981 2042 habere
2002 2014 2069 2042 istos

1222 2060 1293 2089 duos
1323 2062 1416 2094 actus,
1430 2060 1440 2074 ⁶
1461 2068 1542 2089 nosse
1568 2063 1595 2089 et
1625 2068 1735 2089 amare:
1768 2069 1835 2098 ergo
1865 2068 1920 2089 non
1948 2060 2070 2089 sumitur

1221 2107 1331 2135 trinitas
1352 2107 1507 2136 seeundum
1529 2107 1642 2136 habitus
1663 2110 1690 2136 et
1711 2107 1848 2145 potentias
1869 2107 1962 2136 simul.

1302 2155 1325 2181 1.
1348 2153 1415 2182 Item
1436 2153 1606 2188 ostenditur,
1627 2154 1703 2191 quod
1718 2162 1773 2182 non
1788 2154 1946 2183 secundum
1959 2153 2069 2182 animae

1219 2200 1417 2228 substantiam
1438 2203 1465 2229 et
1486 2199 1603 2229 liabitas
1616 2200 1634 2228 ⁷.
1656 2200 1725 2229 Cum
1747 2201 1822 2229 enim
1844 2201 1956 2229 habitus
1975 2208 2072 2237 cogno-

1220 2247 1315 2275 scendi
1340 2249 1367 2275 et
1397 2247 1509 2275 amandi
1542 2250 1749 2284 consequantur
1771 2248 1860 2285 ipsam
1885 2247 2069 2276 substantiam

1221 2295 1364 2330 tempore,
1386 2296 1413 2322 et
1444 2293 1600 2322 substantia
1631 2294 1714 2322 etiam
1736 2294 1824 2331 possit
1845 2301 1905 2323 esse
1926 2293 1986 2322 sine
2007 2293 2069 2328 his,

1220 2340 1291 2369 ratio
1312 2343 1406 2369 autem
1429 2341 1557 2377 imaginis
1579 2341 1615 2369 sit
1635 2341 1687 2378 ipsi
1702 2341 1811 2369 animae
1832 2343 1970 2378 perpetua
1990 2342 2017 2369 et
2032 2340 2070 2369 in-

1220 2387 1432 2424 separabilis-et
1460 2390 1620 2416 concreata:
1649 2395 1716 2425 ergo
1737 2396 1792 2416 non
1813 2390 1855 2416 est
1876 2387 1904 2416 in
1926 2386 2068 2416 habitibus

1219 2436 1247 2462 et
1268 2434 1423 2462 substantia
1445 2434 1537 2463 simul.
1788 2452 1791 2453 γ

1298 2482 1323 2509 2.
1345 2480 1429 2515 Item,
1451 2481 1472 2510 si
1490 2481 1646 2510 substantia
1667 2483 1888 2510 connumeratur
1911 2479 2069 2514 habitibus,

1219 2535 1283 2556 cum
1294 2527 1304 2542 Β
1325 2527 1438 2556 habitus
1459 2528 1514 2556 sint
1528 2530 1597 2563 tres,
1613 2531 1640 2557 et
1655 2528 1811 2557 substantia
1831 2535 1902 2556 una:
1925 2534 1998 2571 ergo¹
2016 2526 2069 2555 erit

377 2654 384 2668 ¹
404 2654 453 2676 Vat.
472 2654 554 2677 omittit
570 2653 614 2682 Et,
634 2653 675 2675 sed
700 2655 778 2675 contra
805 2659 859 2675 mss.
877 2655 900 2675 et
915 2653 952 2675 ed.
971 2654 991 2675 ri.
1009 2653 1078 2675 Paulo
1104 2653 1161 2675 infra

314 2696 367 2721 post
385 2693 489 2716 Tertiam
506 2693 542 2716 ed.
565 2694 569 2715 l
592 2693 655 2715 addit
672 2693 711 2715 est.

376 2732 385 2747 ἵ
402 2733 491 2755 Scilicet
508 2734 632 2760 memorio,
650 2733 777 2754 intellectus
797 2734 820 2754 et
836 2733 958 2761 voluntas,
976 2732 1005 2755 de
1027 2739 1073 2761 qua
1090 2739 1160 2761 supra

315 2772 337 2793 in
355 2778 374 2794 a.
396 2772 414 2794 l.
431 2784 463 2788 —
479 2772 528 2794 Mox
545 2771 705 2794 substituimus
722 2778 749 2793 ex
764 2777 819 2793 mss.
838 2771 895 2794 haec
914 2772 963 2794 loco
981 2770 1024 2794 hic.

369 2808 385 2824 '³
403 2810 500 2833 Textum
518 2811 638 2838 Augustini
655 2810 709 2832 vide
727 2816 797 2838 supra
812 2811 834 2832 in
852 2810 882 2832 lit.
900 2810 1012 2838 Magistri,
1026 2816 1045 2832 c.
1063 2811 1084 2832 3.
1102 2810 1162 2832 circa

314 2849 425 2871 medium.
442 2862 473 2866 —
490 2850 539 2872 Vat.
558 2850 627 2878 paulo
644 2852 695 2872 ante
713 2850 763 2872 loco
781 2849 863 2873 dicunt
884 2848 978 2872 habitus
1004 2850 1068 2877 ponit
1085 2850 1110 2871 nt
1135 2848 1160 2871 in

314 2887 443 2917 habitibus,
463 2893 484 2911 et
502 2890 570 2917 paulo
596 2892 648 2917 post
670 2890 753 2911 omittit
778 2890 799 2911 et
816 2888 997 2918 approbatione,
1017 2888 1058 2911 sed
1083 2890 1161 2910 contra

314 2934 369 2950 mss.
387 2931 409 2950 et
425 2927 461 2950 ed.
482 2929 500 2950 l.
518 2941 550 2944 —
567 2929 615 2950 Mox
633 2935 659 2950 ex
678 2928 731 2951 cod.
751 2928 772 2950 X
790 2934 843 2950 cum
860 2928 896 2950 ed.
919 2928 924 2949 1
950 2930 1003 2956 post
1019 2928 1053 2950 est
1069 2928 1160 2955 supple-

314 2968 403 2994 vimus,
421 2969 453 2989 rei
471 2969 566 2990 veritate
583 2969 699 2996 exigente,
717 2974 748 2991 se.

377 3006 386 3021 ⁴
405 3007 479 3029 Verba
497 3008 617 3036 Augustini
635 3008 784 3030 inveniuntur
795 3013 865 3035 supra
883 3008 905 3029 ln
923 3007 953 3029 lit.
972 3007 1085 3035 Magistri,
1103 3012 1122 3028 c.
1141 3006 1161 3028 3.

1219 2654 1278 2675 circa
1296 2654 1406 2676 medium.
1424 2666 1456 2670 —
1472 2654 1542 2676 Paulo
1560 2660 1630 2681 supra
1648 2656 1700 2682 post
1716 2652 1850 2676 meminisse
1862 2653 1994 2675 auctoritate
2012 2657 2069 2674 mss.

1219 2696 1241 2714 et
1258 2692 1310 2715 edd.
1332 2693 1354 2720 l,
1373 2694 1397 2721 ⁴2,
1416 2693 1442 2721 3,
1462 2694 1474 2715 6
1493 2694 1646 2721 expunximus
1663 2694 1696 2721 et,
1716 2692 1779 2721 quod
1797 2692 1848 2714 Vat.
1866 2691 1936 2714 addit.

1281 2732 1291 2746 5
1309 2732 1366 2760 νειμ,
1384 2732 1540 2754 obnitentibus
1552 2738 1606 2754 mss.
1618 2734 1641 2754 et
1657 2738 1695 2754 sex
1708 2732 1789 2760 primis
1807 2730 1872 2759 edd„
1890 2730 1954 2753 addit
1971 2730 2003 2752 ut.

1281 2770 1291 2785 6
1308 2770 1380 2793 Codd.
1399 2771 1419 2792 X
1430 2771 1448 2792 Y
1466 2771 1553 2793 addunt
1570 2771 1663 2794 scilicet.

1281 2809 1290 2823 ⁷
1307 2809 1336 2831 lta
1355 2809 1422 2831 codd.
1441 2812 1463 2831 et
1479 2816 1518 2832 sex
1541 2811 1630 2838 primae
1655 2810 1710 2832 edd.
1733 2812 1812 2832 contra
1830 2809 1894 2837 Vat.⁷
1912 2814 1971 2837 quae
1997 2807 2069 2829 habet.

1220 2848 1315 2871 Contra.
1343 2848 1495 2877 Ostendam,
1514 2849 1577 2878 quod
1593 2855 1641 2872 non
1658 2850 1684 2871 ut
1708 2848 1733 2871 in
1759 2847 1893 2871 substantia
1909 2848 1931 2870 et
1947 2845 2067 2869 habitibus

1219 2887 1292 2910 simut
1308 2890 1330 2910 et
1347 2888 1416 2915 paulo
1434 2891 1486 2916 post
1502 2889 1636 2917 sequantur
1652 2894 1695 2916 pro
1712 2888 1897 2917 consequantur.

1282 2926 1291 2941 Β
1309 2926 1474 2949 Substituimus
1491 2933 1536 2954 ope
1561 2933 1616 2949 mss.
1642 2930 1665 2949 et
1687 2927 1723 2949 cd.
1749 2927 1756 2948 vl
1785 2927 1821 2949 llic
1838 2931 1893 2949 cum
1918 2925 1968 2947 loco
1993 2925 2015 2947 et
2039 2929 2068 2946 ae

1220 2966 1288 2994 paulo
1306 2967 1361 2988 infra
1380 2965 1547 2995 intelliqentiae
1564 2972 1606 2994 pro
1623 2965 1782 2989 intellectione.

2094 2157 2124 2175 Ad
2136 2158 2216 2181 opposi-
2248 2162 2253 2170 v

2084 2183 2122 2207 tum
2128 2204 2131 2207 .
2136 2181 2216 2200 conclu-
2248 2185 2253 2207 1

2084 2210 2149 2223 Slonls.
