2253 3317
18 668 151 694 rundameuta.

30 2023 60 2041 Ad
72 2022 146 2046 opposi-

66 2048 110 2064 tum.

725 122 807 150 DIST.
831 122 882 150 ΧΠ.
904 120 977 150 ΑΒΤ.
999 121 1114 150 UNICUS
1135 121 1269 157 QUAEST.
1291 121 1333 150 IV.

1848 123 1903 151 225

922 244 1084 281 QUAESTIO
1104 244 1146 272 IV.

266 332 370 360 Utrum
389 331 538 368 qeneratio
561 331 631 359 Filii
650 331 688 358 sit
706 330 793 367 prim·
814 329 976 366 spiratione
997 329 1128 366 Spiritus
1148 330 1245 358 saneti
1264 330 1425 358 secundum
1446 330 1591 359 rationem
1613 330 1798 368 intelliqendi.

235 440 340 476 Quarto
361 442 388 467 et
407 439 507 467 ultimo
527 439 682 475 quaeritur,
704 446 776 475 quae
798 438 916 466 istarum
938 438 1003 466 dua-

158 493 222 513 rum
240 486 460 519 emanationum,
482 485 587 514 scilicet
608 484 793 521 generationis
807 487 834 512 et
854 484 1005 520 processio-

130 552 136 556 »
158 531 246 566 sonis,
268 531 303 560 sit
330 531 406 568 prior
428 531 582 560 secundum
612 531 747 559 rationem
767 530 947 567 intelligendi.
975 530 1005 558 Et

158 578 233 615 quod
255 578 396 614 generatio
416 577 483 611 Filii,
504 577 660 606 ostenditur
683 577 728 605 sic.

239 624 262 651 1.
288 623 317 651 In
338 623 457 659 imagine
478 625 571 651 creata
599 623 638 651 sic
659 625 716 656 est,
745 622 820 659 qnod
849 621 1004 650 secundum

158 669 285 697 ordinem
317 669 487 705 intelligendi
518 668 596 706 prior
624 671 665 697 est
686 669 824 697 emanatio
848 668 961 696 notitiae
989 676 1005 696 a

159 719 251 745 mente
272 724 355 753 quam
377 716 496 751 amoris,
518 716 590 744 sicut
610 715 672 744 vult
693 716 863 752 Augustinus
877 715 895 749 ¹3
915 715 1004 751 «quia

158 762 296 799 incognita
316 771 371 791 non
386 770 537 799 possumus
558 762 674 799 diligere
690 773 717 796 »,
739 762 810 790 sicut
828 761 896 790 dicit
916 761 1005 798 Augu-

158 810 247 838 stinus
262 810 289 838 in
305 809 412 838 decimo
428 810 462 838 de
477 809 609 838 Trinitate
621 809 646 836 2ε
673 817 739 845 ergo
761 809 783 837 si
801 809 870 837 ordo
891 808 1006 837 attendi-

157 858 204 884 tur
225 856 253 884 in
274 856 393 892 imagine
413 856 566 885 secundum
589 855 810 884 conformitatem
834 855 870 884 ad
891 855 1006 883 Trinita-

157 904 213 931 tem
235 902 398 937 increatam,
419 910 486 939 ergo
505 902 660 931 secundum
675 902 811 930 rationem
833 901 1003 938 intelligendi

157 949 235 986 prior
256 952 297 977 est
321 956 470 985 processus
492 949 575 977 Verbi
600 957 684 985 quam
706 949 813 977 Amoris
835 949 862 976 in
887 947 1004 982 divinis,

158 996 281 1024 maxime
309 1004 373 1024 cum
406 1004 456 1032 per
484 996 633 1032 imaginem
669 999 791 1024 creatam
817 995 1004 1032 intelligamus

159 1042 320 1070 Trinitatem
342 1043 502 1071 increatam.

236 1090 262 1117 ἰ).
284 1089 360 1122 Item,
382 1089 452 1117 sicut
467 1088 527 1117 vult
542 1088 726 1125 Philosophus
739 1088 761 1123 ⁸,
781 1101 791 1112 «
804 1088 932 1117 voluntas
946 1090 1003 1121 est,

158 1136 238 1164 cuius
266 1135 434 1172 principium
466 1138 507 1163 est
535 1135 563 1163 in
589 1135 648 1171 ipso
676 1138 857 1171 cognoscente
885 1134 1005 1171 singula-

157 1182 237 1216 ria»,
262 1190 328 1218 ergo
348 1181 477 1210 voluntas
498 1183 529 1210 ut
550 1181 679 1210 voluntas
700 1181 901 1218 praesupponit
915 1181 1005 1217 cogni-

156 1229 271 1257 tionem:
295 1236 361 1265 ergo
382 1228 584 1257 emanationem
606 1228 689 1256 Verbi
711 1228 850 1256 emanatio
871 1227 989 1255 Amoris.

236 1274 262 1303 3.
284 1275 363 1309 Item,
384 1282 466 1303 omne
491 1273 660 1311 principium
685 1274 840 1302 secundum
868 1273 1004 1301 rationem

157 1320 327 1357 intelligendi
350 1320 429 1357 prius
451 1323 492 1349 est
512 1328 595 1357 quam
615 1320 829 1356 principiatum3
851 1320 900 1348 sed
920 1319 1005 1347 Filius

158 1370 199 1397 est
219 1367 388 1404 principium
410 1367 529 1404 Spiritus
550 1366 648 1395 sancti:
671 1374 738 1402 ergo
753 1366 908 1395 secundum
924 1366 1006 1394 ratio-

158 1421 221 1442 nem
242 1413 413 1449 intelligendi
435 1415 543 1449 oportet
564 1412 788 1449 praeintelligere
803 1412 902 1440 Filium
923 1412 1006 1449 Spiri-

158 1459 198 1487 tui
221 1459 351 1488 sancto⁴2
375 1467 441 1495 ergo
462 1462 489 1487 et
510 1459 729 1495 generationem,
751 1466 823 1496 quae
841 1461 883 1487 est
897 1466 1006 1487 emana-

157 1506 195 1534 tio
217 1506 287 1540 Filii,
309 1506 388 1543 prius
403 1514 487 1542 quam
510 1505 724 1542 processionem,
739 1513 811 1542 quae
829 1508 871 1533 est
885 1505 1005 1542 Spiritus

158 1552 254 1581 sancti.

237 1599 263 1627 [ι.
285 1599 368 1634 Item,
389 1599 417 1627 in
445 1599 519 1627 omni
548 1601 649 1627 natura
662 1598 671 1611 ⁵
694 1601 792 1635 agente
814 1606 865 1635 per
889 1598 1005 1627 modum

158 1648 275 1674 naturae
300 1649 327 1674 et
351 1646 515 1680 voluntatis,
529 1645 677 1682 productio
692 1653 742 1682 per
757 1645 871 1673 modum
888 1648 1005 1673 naturae
1043 1659 1045 1661 ·

158 1692 323 1728 intelligitur
344 1694 407 1720 ante
428 1691 641 1728 productionem
663 1692 826 1720 voluntatis:
849 1699 916 1728 ergo
940 1699 1005 1720 cum

158 1739 238 1767 Pater
253 1738 287 1766 sit
302 1742 402 1766 natura
424 1738 632 1772 intellectualis,
653 1738 812 1774 producens
831 1738 929 1766 Filium
945 1746 1006 1766 con-

158 1784 316 1813 naturalem
341 1787 368 1812 et
388 1792 438 1821 per
463 1784 579 1813 modum
601 1786 717 1812 naturae
745 1787 773 1812 et
791 1784 924 1820 Spiritum
947 1792 1006 1812 san-

159 1834 235 1861 ctum
256 1839 306 1868 per
327 1831 443 1859 modum
461 1831 624 1864 voluntatis,
646 1833 677 1858 ut
698 1838 784 1867 supra
799 1833 905 1858 tactum
925 1833 981 1859 est:
995 1831 1004 1844 ¹³

158 1885 225 1913 ergo
246 1877 384 1905 emanatio
405 1877 463 1905 Filii
485 1877 562 1913 prior
577 1879 618 1905 est
639 1876 795 1905 secundum
818 1876 952 1904 rationem
968 1876 1006 1904 in-

156 1923 298 1960 telligendi
320 1923 494 1951 emanatione
515 1923 634 1960 Spiritus
657 1923 752 1951 sancti.

236 1970 360 1999 Com-na:
379 1971 402 1998 l.
419 1970 588 2006 Augustinus
603 1978 675 1998 nono
687 1970 722 1998 de
734 1970 895 1998 Trinitate72
919 1982 929 1993 «
944 1970 1006 1998 Par-

158 2020 220 2046 tum
241 2018 341 2046 mentis
363 2017 504 2054 praecedit
524 2017 677 2054 appetitus,
698 2025 754 2053 quo
776 2017 803 2045 id
829 2017 904 2053 quod
924 2024 1005 2045 nosse

159 2064 290 2093 volumus
318 2064 487 2101 quaerendo,
516 2063 640 2092 nascitur
662 2063 755 2100 proles
777 2063 836 2100 ipsa
863 2063 960 2091 notitia
972 2073 1003 2091 »ς

159 2119 225 2148 ergo
241 2113 309 2139 'ante
329 2113 371 2139 est
392 2110 420 2138 in
435 2110 554 2146 imagine
576 2112 670 2138 creata
690 2109 843 2146 appetitus,
864 2117 948 2145 quam
971 2109 1006 2137 sit

160 2157 252 2194 proles
274 2157 385 2190 notitia,
407 2164 473 2193 ergo
494 2159 557 2184 ante
576 2164 654 2184 amor
676 2164 759 2193 quam
783 2156 912 2185 verbum:
939 2164 1006 2193 ergo

160 2207 187 2233 et
204 2204 346 2241 processio
366 2207 429 2231 ante
451 2203 664 2239 generationem.

241 2251 268 2278 ⁹2.
288 2250 368 2283 Item,
383 2250 479 2278 nullus
493 2250 591 2278 videns
611 2257 671 2278 rem
686 2249 826 2286 cognoscit
846 2256 907 2277 eam
918 2249 937 2283 ⁸,
952 2249 1004 2277 nisi

162 2296 276 2324 intentio
304 2296 454 2324 voluntatis
482 2295 601 2332 applicet
628 2296 684 2324 vim
712 2292 923 2332 cognoscentem
952 2295 1003 2331 ipsi
1032 2325 1034 2330 ¹

1060 438 1250 474 cognoscibili,
1271 441 1303 466 ut
1316 441 1392 475 patet
1406 439 1440 467 de
1455 439 1567 467 homine
1588 441 1672 467 eunte
1686 446 1736 475 per
1758 439 1841 473 viam,
1856 439 1905 476 qui

1060 491 1124 512 cum
1146 484 1195 512 ivit
1220 487 1247 513 et
1271 485 1336 513 alibi
1358 485 1500 521 cogitavit,
1514 485 1635 522 perfecte
1650 485 1749 520 nescit,
1764 493 1820 522 qua
1833 488 1907 513 tran-

1061 530 1150 564 sierit,
1172 530 1244 558 sicut
1264 530 1330 559 dicit
1351 531 1521 567 Augustinus
1541 531 1569 559 in
1591 531 1739 560 undecimo
1764 532 1799 560 de
1821 532 1907 560 Trini-

1060 576 1147 605 tate⁹.
1170 577 1239 613 Ergo
1268 577 1397 606 voluntas
1425 577 1567 614 praecedit
1591 577 1679 614 ipsam
1708 578 1907 614 cognitionem,

1060 631 1127 660 ergo
1141 631 1219 651 amor
1242 624 1359 652 verbum
1375 624 1402 652 in
1423 624 1571 653 creaturis:
1593 631 1660 660 ergo
1674 624 1734 661 pari
1756 625 1863 653 ratione
1879 625 1906 653 in

1060 670 1132 705 Deo,
1154 670 1252 699 saltem
1273 671 1427 699 secundum
1451 670 1630 699 intellectum.

1140 716 1166 744 3.
1187 716 1270 750 ltem,
1292 716 1363 745 sicut
1378 717 1438 745 vult
1461 717 1656 754 Philosophus,
1677 718 1802 754 primum
1817 720 1844 745 et
1859 717 1907 745 im-

1061 762 1213 791 mediatum
1229 766 1271 791 est
1286 763 1368 792 idem.
1385 763 1461 792 Unde
1476 763 1535 800 ipse
1550 764 1577 791 in
1593 763 1665 791 libro
1679 764 1868 792 Posteriorum
1878 764 1906 797 ¹⁰,

1061 809 1196 838 definiens
1230 809 1447 846 propositionem
1479 810 1685 844 immediatam,
1715 810 1796 845 dicit,
1832 811 1907 847 quod

1068 856 1255 885 «immediata
1275 856 1427 893 propositio
1451 859 1493 885 est
1514 856 1562 885 illa
1589 865 1645 893 qua
1675 865 1730 885 non
1751 859 1793 885 est
1820 856 1908 885 altera

1060 903 1182 940 prior»,
1203 903 1253 931 sed
1273 910 1362 940 aeque
1383 903 1544 931 immediate
1572 903 1691 939 Spiritus
1713 906 1825 932 sanctus
1847 912 1909 940 pro-

1061 949 1134 978 cedit
1155 958 1169 977 a
1185 949 1276 983 Patre,
1299 952 1329 978 ut
1350 949 1446 983 Filius,
1461 945 1528 986 ergo
1549 957 1637 986 aeque
1652 950 1754 986 primo:
1776 958 1843 986 ergo
1856 957 1908 978 nec

1061 995 1215 1023 secundum
1238 1003 1312 1030 rem,
1333 1003 1384 1024 nec
1405 994 1559 1024 secundum
1579 996 1714 1024 rationem
1736 996 1907 1032 intelligendi

1061 1042 1202 1078 generatio
1217 1041 1275 1069 Filii
1289 1042 1431 1078 praecedit
1451 1042 1656 1078 processionem
1673 1042 1793 1079 Spiritus
1811 1042 1907 1071 sancti.

1138 1088 1165 1116 [ι.
1186 1088 1266 1122 Item,
1287 1092 1392 1125 quanto
1406 1089 1512 1125 aliquid
1527 1089 1717 1123 communius,
1738 1092 1814 1117 tanto
1828 1089 1908 1125 prius

1059 1137 1102 1162 est
1122 1135 1278 1163 secundum
1293 1135 1429 1164 rationem
1444 1135 1615 1172 intelligendi
1629 1135 1649 1148 ¹¹
1659 1146 1666 1169 3
1688 1135 1736 1164 sed
1752 1135 1908 1164 communis

1061 1180 1175 1216 spiratio
1195 1183 1237 1209 est
1258 1181 1433 1209 communior
1447 1189 1533 1218 quam
1554 1182 1707 1218 generatio,
1726 1182 1791 1218 quia
1812 1189 1909 1210 conve-

1060 1226 1101 1254 nit
1116 1227 1186 1254 Patri
1208 1230 1235 1255 et
1250 1227 1328 1261 Filio,
1350 1227 1398 1256 sed
1414 1228 1554 1264 generatio
1576 1228 1626 1256 soli
1642 1228 1727 1256 Patri:
1750 1236 1816 1265 ergo
1831 1228 1907 1264 prior

1060 1274 1102 1300 est
1130 1272 1284 1301 secundum
1305 1273 1449 1302 vrationem
1480 1273 1652 1310 intelligendi
1680 1273 1795 1310 spiratio
1823 1281 1907 1310 quam

1060 1319 1209 1355 generatio.

1380 1373 1591 1394 CONGLUSIO.

1062 1458 1229 1487 Scczmdztm
1263 1458 1406 1486 rationem
1443 1458 1621 1496 inteiliyeudi
1652 1459 1802 1496 generacio
1838 1459 1910 1487 Filii

1139 1504 1224 1541 prior
1244 1509 1286 1533 esc
1302 1505 1464 1541 spiratione
1485 1505 1616 1542 Spiritus
1636 1506 1746 1539 sancti,
1768 1506 1845 1543 quod
1859 1505 1908 1533 tri-

1137 1551 1210 1587 plici
1228 1551 1344 1579 racione
1357 1551 1513 1588 probatur.

1140 1644 1314 1673 REspounno:
1342 1645 1510 1679 Dicendum,
1532 1645 1620 1682 quod,
1648 1645 1786 1682 quidquid
1817 1646 1852 1674 sit
1873 1646 1907 1674 de

1061 1691 1160 1719 ordine
1174 1691 1257 1725 reali,
1273 1691 1307 1720 de
1322 1699 1378 1728 quo
1394 1691 1465 1719 infra
1480 1692 1589 1720 dicetur
1601 1692 1631 1726 ¹2,
1644 1695 1736 1721 tamen
1752 1693 1907 1721 secundum

1062 1737 1197 1765 rationem
1218 1737 1389 1774 intelligendi
1411 1738 1489 1774 prior
1509 1741 1551 1766 est
1572 1738 1711 1766 emanatio
1732 1738 1828 1772 Verbi,
1850 1741 1907 1766 tum

1061 1784 1127 1820 quia
1155 1784 1278 1812 Verbum
1305 1787 1348 1812 est
1371 1784 1491 1820 Spiritus
1519 1784 1605 1812 sancti
1634 1784 1819 1821 principium,
1848 1788 1907 1813 tum

1061 1830 1144 1858 etiam
1159 1830 1225 1866 quia
1239 1830 1362 1858 Verbum
1378 1830 1503 1867 procedit
1518 1838 1568 1867 per
1583 1831 1698 1859 modum
1713 1834 1842 1865 naturae,
1858 1831 1905 1859 sed

1062 1876 1181 1913 Spiritus
1196 1879 1308 1904 sanctus
1329 1884 1379 1913 per
1394 1876 1509 1905 modum
1531 1877 1654 1905 liberalis
1669 1877 1832 1907 voluntatis.
1848 1880 1907 1905 tum

1061 1922 1145 1950 etiam
1170 1922 1236 1959 quia
1260 1922 1440 1959 intelligimus
1461 1923 1650 1951 emanationes
1668 1923 1695 1951 in
1718 1924 1843 1960 personis
1858 1931 1908 1960 per

1061 1969 1250 1997 emanationes
1271 1972 1396 2005 repertas
1418 1969 1445 1997 in
1467 1969 1594 2006 imagine.
1616 1970 1645 1997 ln
1667 1970 1786 2007 imagine
1814 1972 1908 1998 autem

1062 2017 1183 2049 constat,
1204 2015 1280 2052 quod
1295 2015 1413 2052 cognitio
1434 2018 1461 2044 et
1476 2015 1656 2052 intelligentia
1677 2016 1819 2052 praecedit
1836 2024 1909 2044 anio-

1061 2068 1120 2089 rem
1142 2064 1169 2089 et
1190 2061 1375 2094 voluntatem,
1396 2069 1451 2089 non
1473 2065 1565 2090 tamen
1581 2062 1643 2090 volo
1661 2062 1768 2096 dicere,
1790 2062 1865 2099 quod
1881 2062 1908 2090 in

1061 2107 1162 2136 divinis
1177 2107 1212 2136 sit
1225 2108 1363 2136 emanatio
1378 2108 1414 2136 ita
1426 2108 1447 2121 ¹⁵
1460 2102 1560 2136 natura
1576 2108 1712 2145 posterior
1726 2104 1908 2143 emanatione,

1062 2154 1134 2182 sicut
1155 2154 1311 2191 reperimus
1332 2154 1360 2182 in
1381 2155 1501 2191 imagine
1523 2158 1623 2183 creata.

1920 1701 2025 1719 Conclusio.

1143 2201 1165 2228 1.
1187 2201 1225 2229 Ad
1247 2200 1317 2229 illud
1338 2208 1405 2237 ergo
1425 2201 1500 2237 quod
1522 2201 1652 2230 obiicitur
1674 2201 1700 2229 in
1722 2201 1904 2235 contrarium,
1917 2211 1987 2229 somnio
2001 2216 2034 2233 ομ-

1060 2247 1136 2284 quod
1156 2247 1297 2284 appetitus
1317 2247 1459 2284 praecedit
1473 2250 1586 2284 partum
1608 2247 1720 2281 mentis3
1743 2247 1906 2281 dicendum,

1060 2294 1136 2331 quod
1158 2294 1204 2322 ille
1232 2294 1372 2330 appetitus
1395 2294 1478 2322 habet
1506 2294 1661 2322 secundum
1690 2293 1830 2330 duplicem
1857 2297 1908 2322 sta·

227 2405 233 2418 ¹
251 2404 312 2426 Libr.
330 2404 367 2426 lX.
385 2404 413 2426 de
431 2405 492 2426 Trin.
511 2410 530 2426 c.
549 2405 583 2426 ⁴2.
603 2411 623 2426 n.
646 2405 678 2427 18.

226 2442 234 2453 ²
252 2442 306 2471 Cap.
329 2443 345 2464 l.
365 2449 386 2464 n.
406 2443 425 2464 l.
445 2448 509 2471 seqq.

225 2480 235 2495 ³
250 2480 310 2502 Libr.
327 2481 359 2502 lll.
376 2480 446 2502 Ethic.
464 2486 482 2502 c.
502 2481 510 2502 *l
525 2498 530 2508 ,
547 2480 587 2502 ubi
604 2481 759 2503 voluntarium
778 2482 950 2510 (spontaneum)
970 2481 1006 2503 de-

162 2520 240 2541 finitur
256 2525 306 2540 csse
322 2519 385 2546 eius,
404 2519 469 2541 euius
486 2520 625 2546 principium
642 2520 663 2541 in
682 2520 733 2547 ipso
758 2521 912 2547 cognoscente
930 2521 1006 2547 singu-

164 2558 230 2585 laria,
248 2557 269 2578 in
288 2556 373 2585 quibus
389 2559 424 2579 est
440 2558 505 2579 actio.
521 2569 553 2573 —
570 2557 600 2579 De
618 2558 733 2579 voluntate
751 2560 775 2579 ut
792 2558 898 2579 voluntas
915 2563 955 2579 seu
968 2557 1007 2579 de-

164 2595 297 2620 liberativa,
315 2595 351 2617 cui
369 2595 494 2623 opponitur
510 2596 616 2617 voluntas
633 2598 657 2617 ut
674 2598 768 2623 natura,
791 2595 844 2618 vide
863 2596 885 2617 ll.
904 2596 964 2617 Sent.
984 2595 1007 2617 d.

166 2634 202 2656 24.
219 2640 242 2662 p.
262 2634 275 2655 l.
293 2641 313 2655 a.
332 2634 352 2655 2.
370 2640 392 2662 q.
410 2634 439 2661 3,
457 2637 479 2656 et
496 2634 531 2656 lV.
549 2634 571 2656 d.
590 2634 626 2656 49.
645 2640 667 2662 p.
685 2635 699 2656 Ι.
717 2641 739 2663 q.
758 2635 778 2656 2.
796 2635 825 2657 ad
845 2635 865 2656 sl.

228 2671 236 2684 ⁴
253 2673 332 2694 Plures
348 2672 415 2694 codd.
433 2679 486 2695 cum
504 2673 554 2694 Vat.
579 2679 652 2702 quam
676 2672 794 2702 Spiritum
820 2674 946 2701 sanctam,
966 2673 1007 2695 sed

165 2714 242 2735 minus
266 2718 368 2740 congrue
393 2715 415 2734 et
435 2715 512 2742 contra
529 2713 585 2734 alios
602 2712 669 2734 codd.
688 2715 712 2734 ut
728 2713 774 2734 GT
787 2712 803 2734 Y
829 2716 871 2734 etc.
894 2718 948 2734 cuin
970 2712 1007 2734 ed.

171 2752 196 2779 1;
214 2751 264 2773 cod.
283 2751 303 2772 X
321 2750 449 2780 intelliyere
465 2750 551 2773 Filium
569 2750 652 2779 prius,
672 2757 744 2780 quam
761 2750 877 2780 Spiritum
890 2752 1006 2773 sanctum.

229 2790 239 2804 ⁵
255 2790 391 2812 Auctoritate
410 2796 463 2812 mss.
481 2791 503 2811 et
519 2789 554 2811 ed.
575 2789 582 2811 1
612 2789 773 2817 supplevimus
797 2790 902 2817 natm-a,
932 2790 1008 2811 minus

168 2828 227 2851 bene
243 2832 338 2857 proptor
355 2828 456 2851 subnexa
475 2829 586 2850 omissum
604 2834 615 2849 a
635 2828 685 2851 Vnt.

230 2867 239 2881 ⁶
252 2867 305 2889 Dist.
318 2868 339 2889 6.
352 2874 374 2896 q.
388 2868 400 2888 Z
411 2885 416 2895 ,
429 2869 450 2888 et
462 2867 483 2889 (1.
499 2867 534 2888 40.
552 2873 572 2889 a.
586 2867 605 2888 ¹l.
618 2873 640 2895 q.
655 2868 663 2888 1Ι
675 2874 679 2891 ς
692 2874 718 2889 ac
731 2868 786 2889 int'ru
799 2867 821 2889 d.
839 2868 871 2889 13.
883 2874 906 2896 q.
923 2868 940 2889 l.
952 2870 972 2889 et
986 2867 1007 2888 ¹2.

294 2913 318 2936 S.
336 2913 424 2936 Ronav.
441 2925 473 2929 —
491 2913 556 2935 Tom.
575 2914 588 2934 Ι.

1124 2403 1134 2418 7
1151 2403 1206 2431 Cup.
1223 2404 1255 2425 l‘Z.
1269 2409 1289 2424 n.
1304 2403 1339 2430 18,
1352 2403 1374 2424 in
1391 2402 1477 2431 quibus
1494 2402 1572 2424 verbis
1591 2403 1639 2424 Vat.
1658 2408 1711 2425 cum
1727 2402 1763 2424 ed.
1776 2408 1874 2429 operum
1887 2402 1908 2423 S.

1034 2455 1036 2466 .
1062 2442 1197 2470 Augustini,
1210 2442 1251 2464 sed
1262 2445 1341 2464 contra
1358 2443 1447 2463 nostros
1460 2441 1526 2463 codd.
1539 2443 1561 2463 et
1572 2447 1611 2463 sex
1624 2442 1710 2468 primas
1721 2440 1774 2462 edd.
1783 2458 1788 2468 ‚
1801 2443 1853 2468 post
1869 2446 1908 2469 up-

1058 2481 1146 2510 petitus
1158 2480 1246 2503 addunt
1256 2479 1353 2509 quidam
1365 2482 1387 2501 et
1398 2482 1451 2507 post
1462 2478 1597 2508 ‹siculo-endo
1609 2479 1718 2501 adiiciunt
1730 2480 1752 2502 et
1763 2478 1908 2502 inveniendo.

1126 2519 1136 2534 8
1154 2520 1219 2547 Vnt,
1236 2519 1343 2546 plurimis
1360 2524 1415 2540 mss.
1433 2520 1455 2540 et
1471 2518 1506 2540 cd.
1527 2519 1534 2540 Ἰ1
1556 2518 1727 2545 obnitentibus,
1746 2517 1830 2547 ipsum.

1125 2558 1135 2572 ⁹
1152 2558 1207 2585 Cap.
1226 2558 1247 2579 8.
1265 2564 1286 2579 n.
1307 2557 1341 2579 15.

1128 2595 1146 2610 ¹⁰
1163 2596 1223 2618 Libr.
1242 2596 1256 2617 l.
1275 2601 1293 2618 c.
1313 2596 1334 2618 2.

1127 2635 1144 2649 ¹1
1163 2635 1222 2657 Vide
1238 2635 1343 2661 Aristot.,
1363 2634 1394 2656 ΙΙΙ.
1412 2634 1479 2661 Phys.
1494 2637 1544 2656 text.
1558 2635 1583 2659 2;
1602 2638 1624 2656 et
1641 2634 1668 2655 V.
1686 2634 1783 2661 metaph.
1802 2636 1853 2655 text.
1876 2634 1908 2655 16.

1064 2674 1110 2702 (lV.
1128 2680 1146 2696 c.
1168 2674 1218 2701 tt).
1235 2684 1268 2688 —
1285 2673 1334 2694 'llox
1356 2672 1377 2693 in
1404 2672 1453 2693 Vat.
1479 2672 1590 2694 omittitur
1612 2677 1734 2699 perperam
1759 2671 1906 2695 conmzunis.

1064 2712 1127 2741 qnod
1145 2714 1220 2733 tamon
1237 2712 1259 2732 in
1278 2717 1332 2732 mss.
1350 2714 1372 2733 et
1389 2710 1442 2732 edd.
1465 2711 1488 2738 l,
1507 2711 1532 2738 2,
1551 2711 1563 2732 3
1583 2710 1686 2732 habetur.

1128 2750 1146 2764 ¹2
1164 2751 1215 2777 llic,
1234 2749 1290 2771 dub.
1314 2750 1334 2776 rl,
1351 2753 1373 2771 et
1390 2749 1447 2771 infra
1465 2749 1488 2771 d.
1507 2749 1542 2771 20.
1555 2755 1575 2771 a.
1589 2750 1609 2771 2.
1627 2756 1649 2777 q.
1671 2749 1688 2770 1.
1706 2752 1728 2770 et.
1745 2749 1766 2770 2.
1782 2761 1814 2765 —-
1831 2749 1910 2770 {nunc-

1065 2789 1124 2811 (linte
1142 2792 1193 2816 post
1209 2795 1236 2810 ex
1253 2794 1307 2810 mss.
1325 2787 1492 2816 antiquioribus
1510 2790 1532 2809 et
1548 2787 1584 2809 ed.
1606 2788 1611 2809 1
1633 2787 1760 2809 adiecimus
1777 2788 1862 2809 iumen.

1128 2827 1146 2842 1³
1164 2828 1213 2849 Vnt.
1232 2833 1285 2858 cum
1303 2827 1346 2849 eod
1380 2833 1405 2848 ce
1428 2827 1486 2848 male
1504 2830 1527 2848 et
1543 2830 1619 2848 contra
1638 2827 1694 2848 alios
1711 2826 1778 2848 codd.
1802 2830 1822 2848 ct
1840 2827 1877 2848 cd.
1900 2827 1904 2847 l

1065 2868 1148 2889 omittit
1165 2866 1203 2888 ita.

1693 2912 1721 2933 250

1921 2234 2028 2258 positorum.
