2253 3317
65 691 156 710 Differ-unt

31 715 128 734 relationes
137 714 156 740 in

31 739 69 757 Deo
93 739 112 763 et
136 742 155 754 m

32 762 91 780 creatu
94 765 118 779 ris
121 774 125 778 .

896 103 978 132 DIST.
1000 102 1053 132 Vll.
1073 102 1179 131 DUBIA.

171 185 259 222 magis
279 184 371 213 differt
385 182 481 211 relatio
501 190 517 210 a
531 181 674 218 supposito
682 183 797 218 ,motest
822 180 891 214 dici,
912 180 987 217 quod
1001 180 1009 193 ¹

171 231 268 260 similis
282 232 371 267 potest
384 236 444 257 esse
458 227 537 256 alteri
553 227 696 256 dissimilis
710 227 769 256 sine
783 227 827 256 sui
841 227 1007 255 mutatione:

171 285 237 313 ergo
257 283 321 304 cum
342 274 437 303 filiatio
457 276 484 302 et
498 273 612 310 spiratio
633 273 687 301 sint
707 272 871 307 relationes,
891 271 953 309 pari
967 279 1009 299 ra-

170 323 243 351 tione
270 321 352 349 Filius
376 320 478 357 poterit
497 327 559 348 esse
580 320 699 356 Spiritus
720 321 841 352 sanctus,
862 321 889 347 et
910 326 925 346 e
947 325 1008 347 con-

169 376 250 397 verso
264 368 322 396 sine
342 366 503 395 mutatione.
523 367 613 399 Item,
635 373 717 394 omne
744 364 878 393 mutabile
899 365 941 393 est
961 364 1009 392 ali-

168 413 236 451 quid
256 416 367 450 praeter
387 412 474 446 illud,
495 411 651 440 secundum
672 410 747 448 quod
768 412 912 444 mutatur,
934 412 965 438 ut
985 409 1007 438 si

168 468 226 488 non
246 459 345 488 album
366 459 413 487 fiat
427 458 537 492 albam,
559 460 601 486 est
614 457 692 486 aliud
706 464 790 494 quam
811 456 925 485 albedo:
941 463 1008 492 ergo

169 506 191 535 si
206 505 377 542 intelligatur
398 505 517 541 Spiritus
532 506 643 533 sanctus
655 503 774 538 mutari,
796 503 818 532 si
839 504 988 539 generetur
1000 524 1007 536 ,

169 555 235 581 tunc
256 552 331 580 aliud
353 554 426 580 esset
446 551 475 579 in
496 558 529 579 eo
547 550 708 587 ρεπεν-ωηο,
729 550 808 579 aliud
827 549 874 578 ille
894 549 947 587 qui
963 557 1008 586 ye-

169 602 308 632 mutum
329 598 378 627 sed
400 598 452 626 hoc
471 597 588 626 falsum:
610 604 677 633 ergo
697 599 748 625 etc.

247 645 421 673 stpmmsso:
443 644 528 672 Secus
548 645 590 671 est
611 642 639 670 in
659 641 841 671 relationibus
862 645 1007 671 creaturae

168 693 196 720 et
215 691 279 719 Dei:
310 690 441 727 quoniam
472 690 620 718 relationes
650 688 678 716 in
700 688 838 717 creaturis
864 697 919 717 non
940 689 1007 717 dant

167 737 291 766 relativis
311 737 450 770 existere3
472 737 547 765 unde
561 737 620 765 sine
641 736 696 764 illis
717 738 807 772 potest
828 743 874 764 res
896 742 957 764 esse
979 737 1006 763 et

168 791 232 812 cum
254 783 324 817 illis3
345 783 373 811 in
394 782 494 811 divinis
515 784 609 810 autem
634 781 701 810 dant
721 781 847 818 personis
868 781 1006 815 earistere;

167 832 195 857 et
215 828 277 857 ideo
296 829 320 857 si
334 828 362 857 in
376 829 502 865 personis
527 828 710 864 intelligatur,
732 827 806 865 quod
827 827 984 864 proprietas
996 826 1005 840 ²

168 874 232 902 insit
252 874 411 911 hypostasi,
433 873 597 910 intelligitur
619 881 679 902 esse
700 873 865 910 hypostasis,
886 875 913 901 et
933 872 1006 901 simi-

167 920 243 956 liter,
264 921 288 949 si
301 920 464 958 intelligitur
478 928 533 949 non
548 921 637 949 inesse
650 943 657 955 ,
671 920 835 957 intelligitur
850 920 1005 957 hypostasis

167 975 222 996 non
242 975 312 996 esse.
334 967 403 996 Cum
422 975 489 1004 ergo
510 967 629 1004 Spiritus
655 969 768 995 sanctus
789 974 844 995 non
864 966 952 1003 possit
973 966 1006 995 si-

166 1013 226 1042 mul
247 1013 347 1050 spirari
378 1016 405 1042 et
424 1013 552 1050 generari
575 1029 614 1033 —
631 1012 697 1049 quia
717 1012 846 1049 quamvis
869 1020 926 1041 una
945 1019 1006 1049 per-

167 1068 234 1089 sona
257 1060 344 1097 possit
374 1054 485 1088 duobus
509 1059 599 1087 modis
629 1058 800 1096 producere,
828 1061 921 1087 tamen
949 1066 1005 1087 una

165 1114 285 1144 persona
305 1114 360 1134 non
381 1108 471 1143 potest
493 1105 546 1134 nisi
570 1113 627 1134 uno
651 1105 735 1133 modo
764 1105 882 1142 produci
905 1120 944 1124 —
966 1112 1006 1133 se-

166 1153 261 1190 quitur
282 1153 316 1181 de
336 1152 512 1181 necessitate:
539 1152 561 1180 si
575 1154 666 1189 potest
679 1151 798 1188 Spiritus
818 1154 930 1180 sanctus
945 1159 1005 1180 esse

166 1198 251 1226 Filius
272 1197 316 1226 vel
337 1198 442 1235 potuit,
463 1200 553 1234 potest
573 1204 628 1225 non
649 1204 710 1226 esse
731 1197 850 1234 Spiritus
871 1197 929 1226 sive
949 1205 1005 1225 non

166 1243 282 1280 spirari3
303 1245 330 1272 et
351 1244 373 1272 si
394 1243 484 1280 potuit
508 1250 564 1271 non
592 1243 708 1280 spirari,
729 1243 819 1279 potuit
839 1250 894 1271 non
925 1250 1004 1277 esse;

165 1293 192 1319 et
211 1290 315 1319 iterum
336 1290 359 1319 si
379 1290 469 1327 potuit
489 1290 629 1327 generari,
651 1289 740 1326 potuit
760 1297 832 1318 esse:
854 1292 881 1318 et
901 1290 939 1318 ita
959 1298 1005 1327 po-

165 1336 219 1365 tuit
238 1336 300 1364 fieri
320 1336 355 1365 de
374 1339 437 1365 ente
457 1344 512 1364 non
542 1344 592 1365 ens
612 1338 640 1365 et
660 1336 695 1365 de
715 1344 769 1364 non
790 1338 853 1364 ente
874 1343 922 1364 ens
934 1358 941 1370 ,
972 1344 1004 1365 ac

165 1390 215 1420 per
237 1382 289 1411 hoc
310 1382 421 1411 mutari.

244 1428 275 1456 Et
296 1429 334 1457 sic
347 1429 356 1442 ²³
377 1431 453 1466 patet
483 1428 614 1457 ultimum
626 1451 633 1463 ,
654 1428 720 1466 quia
740 1436 795 1457 non
823 1427 926 1457 dicitur
946 1436 1005 1457 mu-

166 1475 217 1503 tari
251 1478 366 1512 propter
400 1474 662 1503 diversificationem
696 1474 899 1511 proprietatum
930 1474 1004 1503 circa

166 1521 240 1550 idem
261 1520 452 1557 suppositum,
477 1520 549 1549 sicut
579 1523 621 1549 est
641 1521 669 1549 in
690 1520 843 1549 mutatione
863 1520 1003 1555 naturali,

165 1567 215 1596 sed
235 1569 349 1604 propter
377 1566 585 1603 corruptionem
615 1569 642 1596 et
662 1567 846 1604 inceptionem
867 1566 1002 1595 eiusdem.

165 1613 219 1642 Nec
239 1616 281 1642 est
301 1613 371 1642 illud
393 1613 496 1641 simile:
518 1613 598 1641 Pater
628 1615 718 1650 potest
739 1619 873 1649 generare
894 1614 921 1640 et
951 1612 1004 1649 spi-

164 1667 228 1689 rare
249 1660 308 1688 sine
329 1660 372 1689 sui
393 1660 562 1689 mutatione:
584 1667 651 1696 ergo
672 1659 790 1697 Spiritus
805 1661 917 1688 sanctus
929 1659 938 1672 ⁴
960 1667 1004 1696 ge-

163 1705 255 1735 nerari
277 1708 304 1734 et
324 1705 439 1742 spirari,
461 1706 527 1742 quia
547 1713 601 1733 non
622 1707 663 1734 est
682 1704 892 1739 inconveniens,
913 1712 1003 1733 unum

164 1752 332 1790 principium
347 1752 476 1789 pluribus
490 1752 580 1780 modis
593 1751 758 1788 producere,
767 1751 816 1780 sed
826 1758 916 1779 unum
930 1751 1004 1787 prin-

164 1798 297 1835 cipiatum
316 1798 446 1835 pluribus
466 1797 556 1827 modis
575 1797 693 1835 produci
721 1799 762 1826 est
782 1796 952 1834 impossibile
976 1800 1003 1826 et

164 1845 401 1882 incompossibile;
422 1847 449 1874 et
470 1845 532 1873 ideo
550 1846 627 1881 patet
646 1844 725 1873 illud.

523 1937 590 1966 Due.
612 1937 642 1966 V.

241 2030 308 2059 Item
329 2029 440 2058 videtur
460 2029 563 2058 falsum
584 2030 691 2064 dicere,
713 2036 777 2058 cum
798 2028 878 2057 dicit:
910 2028 1001 2057 Pater

163 2085 222 2105 ηοη
242 2080 284 2104 est
292 2080 393 2113 potens
406 2076 467 2104 nisi
478 2080 591 2104 natura
601 2086 612 2109 ;
633 2076 695 2104 eius
720 2075 796 2104 enim
815 2075 943 2112 potentia
961 2078 1002 2103 est

164 2122 296 2156 essentia,
318 2122 383 2159 quia
404 2122 558 2151 secundum
578 2122 630 2150 hoc
649 2130 804 2159 generare,
826 2122 900 2158 quod
922 2121 1000 2150 nullo

163 2169 246 2197 modo
266 2171 307 2197 est
327 2168 476 2203 essentiae,
498 2168 575 2196 nullo
596 2168 678 2196 modo
698 2170 771 2196 esset
791 2168 938 2204 potentiae.

241 2215 415 2243 Responnno:
438 2214 570 2250 Quamvis
590 2214 726 2251 potentia,
757 2213 883 2242 absolute
915 2214 1001 2242 consi-

164 2260 278 2294 derata,
306 2260 341 2288 sit
370 2260 444 2288 idem
473 2259 549 2296 quod
569 2259 705 2293 essentia,
735 2262 828 2287 tamen
859 2259 999 2296 potentia,

165 2306 230 2343 quia
250 2314 305 2334 non
318 2309 360 2335 est
373 2314 474 2335 nomen
488 2306 557 2335 adeo
577 2306 748 2334 abstractum
769 2306 840 2334 sicut
860 2305 998 2339 essentia,

163 2352 286 2380 trahitur
306 2352 341 2380 ad
362 2359 518 2389 personam.
540 2352 616 2380 Unde
636 2351 758 2389 potentia
778 2351 929 2388 generandi
944 2359 998 2379 non

1847 108 1900 136 145

1067 179 1133 208 dicit
1146 181 1275 207 naturam
1291 179 1413 209 divinam
1428 182 1601 219 simpliciter,
1617 182 1665 211 sed
1680 185 1808 212 naturam
1828 186 1860 212 ut
1873 184 1901 213 in

1065 226 1114 254 tali
1134 233 1252 263 persona
1264 249 1271 261 ,
1292 226 1397 256 scilicet
1417 228 1587 263 innascibili;
1608 229 1669 258 ideo
1684 238 1738 258 non
1752 233 1794 259 est
1812 230 1901 259 simile

1065 271 1100 300 de
1121 271 1173 300 hoc
1187 271 1297 300 nomine
1318 273 1441 301 essentia
1455 276 1482 302 et
1502 274 1536 302 de
1552 275 1603 303 hoc
1624 276 1734 304 nomine
1744 276 1903 312 potentia&

1417 366 1484 395 DUB.
1507 367 1547 395 Vl.

1142 456 1209 484 ltem
1231 456 1342 485 videtur
1364 457 1436 486 male
1451 457 1544 487 dicere
1565 459 1617 487 ibi:
1636 459 1736 488 Aliam
1756 461 1903 499 significes

1060 501 1234 537 potentiam,
1250 510 1309 540 qua
1323 502 1414 530 Pater
1431 506 1525 539 potest
1542 503 1661 540 yiqnere
1681 507 1749 539 etc.;
1770 506 1836 542 quia
1856 515 1902 543 po-

1064 547 1166 576 tentiae
1187 548 1286 576 divisio
1311 548 1452 577 sufficiens
1471 552 1513 577 est
1534 557 1584 586 per
1605 550 1733 578 activam
1755 554 1782 580 et
1810 553 1902 589 passi-

1063 602 1132 622 vam
1144 594 1174 628 6;
1195 595 1244 623 sed
1261 603 1346 631 posse
1364 595 1485 632 yiqnere
1505 596 1571 624 dicit
1592 597 1743 633 potentiam
1763 599 1880 627 activam
1895 622 1902 634 ,

1059 648 1144 676 posse
1162 640 1248 677 92'9212‘
1275 640 1427 677 potentiam
1458 641 1612 678 passivam:
1646 650 1712 678 ergo
1738 650 1792 671 non
1813 647 1902 680 potest

1062 686 1117 714 alia
1136 686 1258 723 potentia
1273 687 1430 723 significari.
1447 687 1481 716 Sz'
1501 691 1532 716 tu
1553 688 1649 722 dieas,
1671 689 1746 725 quod
1759 698 1901 726 yene)·a7'e

1062 740 1117 760 non
1138 735 1180 761 est
1200 740 1283 769 agere
1303 733 1434 769 proprie,
1456 733 1584 762 similiter
1605 742 1655 763 nec
1673 736 1814 771 generari
1827 736 1900 773 pati;

1062 778 1218 812 obiicitur,
1240 779 1315 816 quod
1329 780 1468 816 potentiae
1484 780 1696 817 distinguuntur
1716 789 1767 818 per
1787 784 1901 817 actus⁷3

1061 825 1110 853 sed
1131 825 1208 853 aliud
1229 828 1271 854 est
1291 825 1404 862 gignere
1425 828 1452 854 et
1482 826 1559 855 aliud
1590 827 1678 864 gigni:
1700 835 1766 865 ergo
1787 829 1841 857 alia
1860 833 1902 858 est

1061 872 1183 908 potentia
1204 871 1289 900 huius
1310 875 1337 901 et
1358 872 1442 901 illius.

1139 918 1316 947 RESPONnEo:
1338 918 1392 947 Ista
1413 918 1570 953 distinctio,
1601 928 1686 956 quam
1717 921 1794 957 ponit
1821 922 1900 958 Magi-

1060 965 1117 992 ster
1132 963 1166 992 de
1180 963 1303 1000 potentia
1324 964 1453 1001 gignendi
1474 965 1563 993 act1ve
1594 967 1622 994 et
1651 966 1774 1002 passive,
1806 966 1901 995 sunda-

1061 1011 1109 1037 tur
1128 1017 1214 1046 super
1235 1010 1296 1044 hoc,
1321 1010 1396 1047 quod
1418 1011 1540 1047 potentia
1559 1013 1650 1048 potest
1670 1012 1840 1041 considerari
1862 1020 1900 1041 se·
1924 1021 2009 1048 Potentia

1061 1055 1185 1083 cundum
1207 1055 1235 1084 id
1256 1056 1333 1093 quod
1352 1059 1412 1090 est;
1433 1059 1461 1085 et
1481 1057 1520 1086 sic
1542 1057 1608 1086 dicit
1628 1061 1773 1093 naturam,
1788 1061 1815 1087 et
1828 1059 1899 1088 sicut
1911 1045 2037 1092 ffisssssiissssressfm

1061 1110 1117 1131 una
1137 1106 1238 1131 natura
1257 1105 1299 1131 est
1318 1103 1347 1131 in
1378 1107 1527 1140 generante
1551 1107 1578 1133 et
1599 1105 1691 1141 genito
1703 1127 1710 1139 ‚
1729 1105 1778 1134 sed
1798 1105 1852 1134 alio
1873 1108 1900 1134 et

1060 1148 1114 1176 alio
1135 1149 1227 1183 modo,
1249 1149 1287 1178 sic
1311 1149 1409 1178 eadem
1430 1150 1559 1187 potentia.
1580 1151 1671 1179 Potest
1691 1151 1793 1180 iterum
1815 1152 1901 1180 consi-

1061 1194 1154 1223 derari
1175 1195 1330 1224 secundum
1355 1195 1381 1224 id
1404 1196 1445 1224 ad
1464 1197 1541 1234 quod
1562 1200 1616 1230 cst;
1644 1200 1671 1226 et
1691 1197 1730 1226 sic
1755 1197 1821 1226 dicit
1844 1206 1900 1226 mo-

1060 1240 1129 1269 dum
1149 1241 1287 1270 existendi
1307 1244 1436 1270 naturam
1457 1242 1486 1270 in
1506 1250 1625 1280 persona
1645 1243 1673 1272 in
1694 1244 1899 1280 comparatione

1060 1287 1096 1316 ad
1116 1287 1219 1322 alium,
1240 1287 1288 1324 qui
1309 1290 1351 1316 est
1381 1288 1551 1326 principium
1571 1289 1615 1318 vel
1636 1290 1842 1327 principiatum.
1869 1291 1899 1319 Et

1060 1333 1099 1362 sic
1111 1356 1118 1368 ‚
1133 1341 1197 1362 cum
1215 1333 1319 1362 diversi
1342 1334 1418 1362 modi
1442 1334 1515 1369 sint,
1537 1335 1664 1364 diversae
1686 1336 1819 1364 dicuntur
1839 1345 1901 1373 pro-

1059 1379 1191 1416 prietates
1217 1388 1302 1417 posse
1333 1388 1485 1418 generare,
1496 1383 1523 1410 et
1552 1389 1634 1418 posse
1652 1382 1793 1419 generari
1813 1385 1840 1411 et
1862 1382 1900 1411 di-

1060 1425 1241 1462 stinguuntur
1261 1426 1417 1455 secundum
1438 1429 1517 1456 actus
1537 1428 1697 1464 personales
1708 1439 1716 1463 3
1738 1429 1786 1457 sed
1809 1428 1900 1466 primo

1059 1472 1142 1500 modo
1163 1480 1226 1500 non.

1407 1565 1473 1594 DUB.
1496 1566 1548 1594 VII.

1136 1657 1203 1686 Item
1236 1658 1381 1695 quaeritur
1406 1658 1440 1687 de
1464 1658 1517 1687 hoc
1541 1659 1616 1696 quod
1641 1659 1722 1694 dicit,
1747 1660 1821 1696 quod
1853 1660 1899 1689 Fi-

1059 1703 1117 1732 lius
1141 1702 1224 1732 habet
1240 1705 1416 1741 potentiam,
1438 1714 1498 1743 qua
1525 1709 1618 1742 potest
1638 1714 1697 1734 esse
1720 1706 1816 1735 Filius
1839 1707 1898 1735 sive

1059 1757 1118 1787 qua
1135 1753 1228 1786 potest
1244 1750 1336 1787 gigni.
1359 1750 1475 1779 Videtur
1489 1751 1563 1780 enim
1588 1751 1707 1780 dubium
1721 1751 1765 1780 vel
1786 1752 1897 1787 falsum,

1058 1795 1125 1831 quia
1142 1795 1229 1832 yiym‘
1251 1796 1363 1825 omnino
1386 1798 1428 1825 est
1451 1805 1468 1825 a
1483 1797 1619 1834 pignere,
1641 1800 1669 1826 et
1686 1797 1807 1835 yiynere
1826 1800 1867 1827 est
1881 1806 1897 1826 a

1057 1841 1179 1877 potentia
1204 1841 1301 1870 Patris:
1331 1850 1397 1879 ergo
1418 1845 1445 1871 et
1469 1842 1561 1880 yz'yni.

1136 1888 1309 1917 REsponnsso:
1335 1889 1410 1918 Sicut
1444 1890 1567 1926 potentia
1601 1890 1730 1927 gignendi
1755 1891 1784 1919 in
1817 1891 1896 1920 Patre

1058 1941 1113 1961 non
1135 1933 1201 1962 dicit
1222 1934 1274 1962 nisi
1308 1937 1438 1963 naturam
1460 1935 1488 1963 in
1519 1943 1638 1972 persona
1667 1938 1698 1963 ut
1729 1938 1823 1964 natam
1859 1944 1895 1965 ex

1058 1986 1087 2007 se
1111 1979 1268 2016 producere
1292 1979 1394 2014 aliam,
1418 1980 1457 2009 sic
1481 1981 1604 2017 potentia
1626 1981 1755 2018 gignendi
1777 1982 1805 2010 in
1830 1982 1896 2010 Filio

1057 2033 1112 2054 non
1136 2026 1203 2054 dicit
1226 2025 1279 2054 nisi
1303 2026 1457 2055 naturam‘³
1483 2027 1511 2055 in
1535 2035 1654 2064 persona
1676 2030 1708 2055 ut
1728 2030 1821 2055 natam
1835 2036 1898 2065 pro—

1057 2072 1122 2101 duci
1145 2073 1181 2101 ab
1205 2072 1275 2107 alia3
1299 2073 1370 2102 sicut
1393 2073 1467 2102 enim
1492 2074 1633 2111 hypostasi
1657 2074 1744 2103 Patris
1768 2074 1896 2105 convenit

1056 2127 1204 2156 generare,
1229 2120 1268 2148 sic
1292 2120 1432 2157 hypostasi
1447 2120 1505 2148 Filii
1530 2121 1658 2149 convenit
1679 2122 1815 2158 generari.
1841 2122 1894 2151 Nec

1055 2166 1129 2194 valet
1152 2166 1227 2203 quod
1250 2166 1379 2195 obiicitur
1393 2167 1422 2195 in
1436 2167 1616 2196 contrarium.
1631 2167 1699 2195 Nam
1723 2175 1804 2196 omne
1819 2168 1893 2205 quod

1055 2212 1139 2241 habet
1163 2213 1262 2247 Filius,
1286 2213 1344 2242 sive
1368 2213 1515 2242 essentiale
1544 2213 1601 2242 sive
1626 2214 1785 2250 personale,
1811 2214 1894 2242 habet

1055 2265 1071 2285 a
1095 2258 1181 2286 Patre.
1203 2258 1267 2287 Ideo
1301 2259 1429 2295 quamvis
1454 2259 1548 2296 ipsum
1572 2259 1645 2296 gigni
1671 2259 1706 2287 sit
1730 2267 1746 2287 a
1771 2259 1893 2296 potentia

1054 2304 1161 2338 Patris,
1188 2312 1244 2332 non
1273 2305 1434 2334 excluditur
1462 2308 1555 2334 tamen
1566 2305 1586 2339 ⁹,
1614 2306 1682 2342 quin
1710 2306 1832 2342 potentia
1856 2305 1894 2342 gi-

1055 2349 1158 2386 gnendi
1181 2350 1292 2386 passiva
1317 2350 1351 2379 sit
1378 2351 1406 2379 in
1431 2351 1504 2379 Filio.
1534 2352 1586 2380 Sed
1615 2351 1662 2380 illa
1686 2351 1810 2388 potentia
1838 2359 1893 2380 non

226 2497 232 2512 ¹
250 2498 301 2520 Vat.
317 2500 407 2526 praeter
423 2497 492 2520 finem
508 2504 562 2520 mss.
579 2500 601 2520 et
617 2497 653 2520 ed.
671 2498 679 2519 1¹
701 2497 764 2520 addit
779 2497 848 2520 idem.

224 2537 234 2551 ²
250 2537 283 2559 De
299 2537 363 2559 varia
379 2537 511 2565 acceptione
527 2538 596 2559 huius
612 2537 710 2559 nominis
723 2536 871 2566 proprietas,
885 2538 998 2565 quatenus

162 2575 247 2598 scilicet
263 2576 370 2598 convenit
385 2581 439 2597 cum
455 2575 563 2597 relatione
579 2578 601 2598 et
617 2575 647 2598 ab
669 2581 696 2597 ea
718 2575 877 2603 distinguitur,
894 2575 960 2597 sicuti
976 2577 998 2597 et

162 2614 192 2636 de
208 2613 356 2636 relationibus
373 2614 395 2635 in
417 2614 464 2636 Deo
481 2613 535 2636 vide
551 2614 607 2635 infra
625 2613 647 2635 d.
666 2614 702 2636 26.
726 2619 767 2642 per
784 2615 860 2635 totam.
877 2625 909 2629 —
925 2613 997 2636 Codd.

163 2653 206 2675 hoc
222 2653 272 2675 loco
289 2654 347 2674 inter
363 2659 388 2675 se
405 2658 449 2675 non
467 2653 617 2680 conveniunt;
635 2653 704 2681 aliqui
722 2653 783 2674 enim
808 2654 832 2674 ut
857 2652 877 2674 X
903 2657 929 2674 cc
946 2655 998 2679 post

161 2690 213 2714 ideo
229 2690 251 2713 si
267 2692 372 2713 omittunt
387 2691 411 2713 in
427 2690 546 2720 personis,
566 2697 579 2713 e
596 2695 673 2713 contra
691 2691 741 2713 cod.
760 2691 778 2713 T
795 2697 849 2713 cum
861 2690 897 2713 ed.
913 2691 918 2712 1
935 2690 998 2712 addit

161 2728 262 2757 divinis,·
279 2735 331 2751 mox
351 2732 402 2757 post
418 2735 467 2752 esse
483 2729 547 2751 multi
564 2729 631 2751 codd.
649 2735 702 2751 cum
719 2729 772 2751 edd.
786 2730 794 2750 l
806 2747 810 2757 ,
824 2730 837 2751 2
848 2747 853 2757 ,
866 2729 879 2751 3
892 2729 998 2751 omittunt

162 2767 309 2797 hypostasis,
332 2767 395 2796 quod
417 2767 468 2789 cod.
486 2773 526 2796 cc,
551 2768 732 2795 interpunctione
749 2770 833 2790 mutata
845 2785 850 2795 ,
868 2768 932 2796 ponit
948 2767 997 2789 loco

162 2805 288 2835 hypostasi.

223 2844 233 2859 ³
250 2845 328 2867 Plures
345 2844 411 2867 codd.
429 2848 454 2867 ut
470 2845 714 2867 AGHIKSTWXZ
730 2851 782 2868 cum
800 2845 835 2868 ed.
856 2846 863 2868 l
890 2847 998 2868 omittunt

287 2890 311 2913 S.
328 2890 415 2913 Bonan.
432 2903 463 2907 —
480 2891 545 2913 Tom.
563 2891 577 2913 l.

1052 2496 1101 2525 sic,
1120 2499 1143 2519 et
1159 2497 1228 2525 paulo
1245 2497 1303 2520 infra
1320 2497 1367 2519 fere
1384 2503 1464 2520 omnes
1481 2497 1548 2520 codd.
1566 2504 1619 2520 cum
1640 2498 1676 2521 ed.
1703 2499 1709 2520 1
1739 2501 1816 2521 contra
1840 2499 1891 2521 Vat.

1052 2535 1272 2566 diversificationem
1288 2539 1377 2564 ponunt
1393 2542 1435 2564 pro
1452 2536 1616 2559 diversitatem.

1113 2574 1124 2589 ⁴
1135 2574 1191 2597 Cod.
1207 2574 1239 2597 dd
1256 2574 1320 2597 addit
1334 2576 1415 2604 potest.

1114 2613 1124 2628 ⁵
1140 2614 1207 2636 Plura
1223 2613 1252 2636 de
1269 2614 1313 2636 hoc
1329 2613 1415 2642 dubio,
1433 2615 1492 2636 sicut
1507 2617 1530 2636 et
1546 2614 1575 2636 de
1591 2614 1684 2636 duobus
1701 2621 1766 2644 seqq.
1789 2615 1842 2637 vide
1855 2615 1891 2637 hic

1052 2659 1075 2681 q.
1093 2653 1114 2674 2.
1131 2655 1153 2675 et
1169 2652 1190 2674 3.
1208 2658 1235 2674 ac
1251 2652 1313 2680 apud
1330 2653 1482 2681 Richardum‚
1500 2654 1537 2676 hic
1553 2660 1575 2682 q.
1593 2654 1614 2675 3.

1113 2691 1123 2706 ὃ
1140 2691 1199 2713 Vide
1215 2692 1317 2719 Aristot.,
1335 2691 1362 2714 V.
1380 2692 1477 2720 Metaph.
1495 2694 1546 2714 text.
1565 2692 1601 2714 47.
1619 2695 1641 2714 et
1657 2692 1713 2714 ibid.
1736 2692 1773 2714 ΙΧ.
1800 2695 1850 2714 text.
1869 2693 1889 2714 2.

1052 2730 1098 2759 (lV.
1110 2736 1130 2753 c.
1144 2730 1180 2752 ⁴2.
1192 2732 1214 2752 et
1224 2730 1277 2751 Vlll.
1289 2736 1309 2752 c.
1323 2729 1361 2758 1.).
1513 2730 1523 2744 ⁷
1533 2731 1591 2753 Vide
1603 2737 1673 2759 supra
1685 2738 1707 2760 q.
1721 2732 1741 2753 l.
1753 2731 1855 2753 fundam.
1869 2732 1889 2753 2.

1114 2768 1124 2783 δ
1140 2769 1214 2797 Aliqui
1230 2768 1297 2791 codd.
1315 2771 1340 2790 ut
1357 2769 1375 2790 T
1392 2775 1418 2791 cc
1435 2769 1506 2791 modo
1524 2770 1623 2797 positivo
1640 2769 1665 2792 ἐπ
1681 2769 1741 2793 Filio
1757 2769 1813 2793 dicit
1823 2771 1893 2792 natu>

1052 2812 1114 2829 ram.
1131 2806 1186 2829 Cod.
1204 2806 1236 2829 hb
1253 2809 1305 2835 post
1319 2813 1422 2836 persona
1438 2807 1502 2830 addit
1517 2807 1579 2830 Filii.

1114 2846 1124 2861 ⁹
1139 2845 1211 2868 Codd.
1229 2847 1335 2869 omittunt
1351 2847 1436 2869 tamen.

1675 2894 1700 2915 ¹9
