2253 3317
758 142 841 170 DIST.
863 141 881 169 l.
903 141 975 169 ART.
996 140 1025 168 ll.
1048 139 1182 176 QUAEST.
1205 138 1307 167 UNICA.
1867 135 1903 164 37

165 224 216 252 5110
237 222 353 251 fundata
374 224 416 250 est
438 228 522 257 super
544 220 654 249 falsum.
676 219 845 256 Augustinus
867 218 941 246 enim
961 225 1007 254 po-

164 270 205 297 nit
225 270 254 297 in
274 268 459 296 notificatione
480 275 551 301 una,
581 266 656 303 quod
677 268 718 294 est
744 265 920 302 cognitionis,
942 271 1006 292 cum

166 315 245 343 dicit:
276 313 362 342 «Frui
390 316 432 342 est
460 313 604 350 quiescere
624 312 652 340 in
680 311 796 348 cognitis
807 322 840 345 »ς
869 310 942 339 cadit
970 312 1007 337 13-

165 368 229 389 men
251 361 286 389 ibi
309 361 381 389 sicut
402 360 552 397 dispositio.

244 407 284 435 Ex
306 406 358 435 hoc
386 406 469 435 etiam
496 407 586 442 patet,
608 412 695 441 quare
723 412 778 432 11011
803 402 935 432 definitur
956 409 1007 438 per

24 453 250 505 qffgggssigffmfidflm
270 453 316 481 et¹
338 460 431 489 spem,
454 452 525 481 sicut
552 459 603 488 per
631 451 790 483 caritatem,
815 449 881 486 quia
906 448 1007 477 caritas

166 499 296 527 informat
311 494 569 535 concupiscibilem,
584 496 664 525 cuius
685 499 727 525 est
744 494 818 532 frui.
838 495 941 523 Tamen
956 494 1008 523 ista

166 545 292 582 quaestio
319 544 446 573 similiter
473 543 589 572 fundata
615 545 657 571 est
683 549 768 579 super
795 541 913 575 falsum,
942 541 1008 578 quia

166 599 259 625 amor,
274 599 330 628 quo
345 590 478 620 definitur
491 589 573 627 frui,
595 591 637 618 est
651 588 806 617 communis
827 588 862 616 ad
883 596 1008 616 amorem

165 641 273 667 castum
288 641 315 667 et
329 638 509 666 libidinosum
519 636 541 671 ²,
556 643 612 673 quo
626 642 729 664 avarus
743 634 846 663 fruitur
860 643 939 669 auro,
954 642 1007 662 non

168 685 300 722 proprius
320 684 408 720 ipsius
429 683 558 712 caritatis.

251 732 274 759 l.
296 731 335 759 Ad
356 730 427 758 illud
447 738 513 766 ergo
544 728 619 766 quod
647 728 791 763 obiicitur,
814 728 888 765 quod
920 727 1010 755 omnis

0 782 1 789 ¹
28 781 157 828 5311111ἕέ11-
169 778 259 807 virtus
280 777 364 805 habet
388 776 520 805 delectari
541 778 569 804 et
583 774 735 812 (1111613113,
756 782 821 803 611111
842 774 939 802 unitur
959 781 1010 802 suo

169 824 276 852 01116610
284 834 292 857 3
323 822 489 855 11166111111111,
520 821 596 858 quod
624 820 685 857 ipsa
715 820 859 855 voluntas,
887 822 919 848 ut
949 819 1010 847 vult

168 868 373 906 Augustinus⁴,
394 871 469 897 amat
490 867 543 896 sibi
563 870 591 896 et
611 867 680 896 aliis.
703 868 735 895 Et
756 867 827 896 sicut
841 866 923 895 etiam
945 866 1011 894 dicit

168 915 347 945 Anselmus⁵:
377 914 533 944 «Voluntas
561 914 675 942 inclinat
702 913 770 941 alias
797 913 872 941 vires
900 915 927 941 et
950 912 1012 940 aliis

169 965 315 992 meretur»
331 984 338 996 ,
359 962 422 991 ideo
443 961 503 990 eius
524 960 656 997 quietatio
671 962 698 989 et
713 959 858 989 delectatio
873 959 1012 987 redundat

168 1009 196 1037 in
218 1009 286 1037 alias
307 1008 389 1037 vires.
412 1007 488 1036 Unde
510 1007 582 1035 sicut
602 1006 731 1035 voluntas
760 1014 815 1034 non
836 1006 888 1034 sibi
916 1013 1013 1041 cogno-

170 1055 235 1090 scit,
257 1055 305 1084 sed
327 1054 397 1082 ratio
419 1053 558 1090 cognoscit
578 1052 631 1081 sibi
646 1054 673 1081 et
687 1052 837 1086 voluntati,
859 1051 897 1079 ita
917 1051 1013 1079 volun-

170 1104 212 1130 tas
242 1101 292 1130 sibi
326 1103 353 1129 61
382 1100 483 1128 rationi
514 1099 668 1127 delectatur
699 1101 726 1127 et
757 1097 848 1134 ipsam
869 1097 1012 1134 quiescere

170 1148 241 1177 facit.

248 1195 275 1222 2.
295 1193 334 1222 Ad
362 1192 432 1221 illud
457 1191 533 1229 quod
565 1191 710 1225 obiicitur,
732 1191 807 1227 quod
838 1198 935 1218 amans
956 1198 1011 1218 non

168 1240 287 1271 fruitur.
309 1239 360 1268 nisi
383 1238 475 1268 videat
496 1238 541 1267 vel
561 1237 677 1271 habeat;
692 1237 858 1271 dicendum,
880 1237 955 1273 quod
975 1236 1015 1264 vi-

170 1287 236 1316 dere
263 1289 291 1315 et
319 1285 423 1314 habere
454 1285 638 1322 requiruntur
666 1284 701 1312 ad
731 1282 817 1320 frui,
839 1283 966 1312 similiter
988 1285 1015 1312 et

1062 224 1174 244 amare.
1196 216 1265 244 Nam
1291 215 1315 243 si
1342 215 1405 252 quis
1433 214 1509 243 videt
1530 213 1635 251 aliquid
1657 216 1684 242 61
1711 213 1809 247 1131161,
1837 220 1905 241 111111-

1064 270 1149 299 quam
1171 262 1338 296 delectatur,
1360 261 1413 290 nisi
1434 264 1523 296 amet3
1544 261 1624 289 aliter
1645 263 1738 288 tamen
1752 259 1905 296 requiritur

1063 309 1133 338 visio
1154 316 1240 345 quam
1262 316 1349 336 amor.
1378 308 1447 336 Nam
1474 307 1543 336 visio
1572 306 1708 343 disponit,
1729 305 1857 334 similiter
1879 308 1906 333 et

1062 353 1162 388 tentio,
1184 354 1233 382 sed
1262 362 1340 382 amor
1369 353 1482 382 delicias
1511 353 1643 390 suggerit.
1665 352 1741 381 Unde
1763 354 1805 380 est
1826 351 1906 387 quasi

1062 407 1180 428 acumen
1194 400 1373 436 penetransss,
1389 402 1415 428 61
1430 399 1492 428 ideo
1508 399 1533 428 ei
1548 398 1670 427 maxime
1684 398 1811 426 convenit
1826 397 1907 425 unire

1063 449 1090 474 et
1110 454 1161 483 per
1182 454 1355 483 consequens
1377 446 1515 475 delectare
1530 448 1557 474 et
1571 445 1710 482 quietare:
1734 445 1795 473 ideo
1817 451 1907 472 655611-

1063 492 1180 526 tialiter,
1201 500 1256 520 non
1277 492 1453 529 dispositive,
1476 495 1517 521 est
1532 491 1634 520 fruitio.
1650 491 1765 528 Propter
1776 490 1851 527 quod
1866 492 1908 518 est

1063 538 1272 575 intelligendum
1282 561 1289 573 ‚
1305 539 1380 575 quod
1395 542 1474 567 actus
1489 538 1640 567 voluntatis
1654 540 1744 574 potest
1759 536 1908 573 dupliciter

1065 586 1251 620 considerari,
1273 586 1377 614 scilicet
1392 593 1442 622 per
1456 585 1572 613 modum
1597 584 1741 621 appetitus
1769 586 1797 612 et
1810 584 1819 598 ⁷
1834 591 1909 611 com-

1063 633 1234 669 plete-entiae.
1265 633 1357 661 Primo
1392 632 1475 661 modo
1503 631 1667 660 antecedere
1698 633 1788 667 potest
1820 630 1908 666 ipsam

1066 679 1216 713 visionem;
1237 678 1360 707 secundo
1381 686 1448 707 vero
1470 678 1664 714 consequitur,
1691 680 1718 705 et
1740 676 1767 704 in
1789 676 1841 704 hoc
1868 678 1909 704 est

1068 725 1191 762 perfecta
1219 725 1289 753 ratio
1318 725 1405 762 ipsius
1433 724 1587 759 fruitionis,
1614 724 1718 753 scilicet
1739 723 1767 751 in
1790 722 1910 759 compla-

1067 772 1156 801 centia
1177 772 1218 801 rei
1240 772 1315 800 visae
1336 774 1363 800 et
1384 771 1503 799 habitae.
1649 793 1652 796 .

1145 817 1170 846 3.
1193 818 1232 846 Ad
1254 817 1339 846 illud:
1362 817 1436 846 Visio
1457 819 1498 845 est
1512 819 1569 844 tota
1590 823 1710 850 merces3
1741 813 1910 847 dicendum,

1068 864 1143 901 quod
1165 863 1236 892 illud
1262 872 1318 892 non
1349 863 1452 892 dicitur
1479 863 1607 900 proprie,
1635 862 1683 890 sed
1705 869 1755 898 per
1777 859 1911 889 concomi-

1069 911 1182 939 tantiam
1193 911 1215 945 S,
1236 911 1302 947 quia
1322 910 1392 939 visio
1406 912 1433 938 et
1447 909 1661 946 complacentia,
1678 908 1705 936 in
1720 916 1776 945 qua
1796 910 1837 936 est
1851 914 1912 944 per-

1068 958 1138 986 fecta
1160 958 1230 986 ratio
1250 957 1405 991 fruitionis,
1427 956 1650 993 inseparabiliter
1671 963 1701 984 se
1721 954 1832 983 liabent.

1147 1004 1174 1032 4.
1189 1004 1229 1032 Ad
1244 1004 1313 1032 illud
1326 1004 1402 1041 quod
1417 1003 1562 1037 obiicitur,
1584 1002 1659 1039 quod
1673 1001 1728 1030 fide
1743 1003 1769 1029 et
1784 1008 1833 1037 spe
1847 1000 1913 1028 frui-

1068 1058 1149 1084 mur3
1165 1050 1331 1084 dicendum,
1352 1049 1428 1086 quod
1452 1048 1522 1077 illud
1544 1056 1599 1076 non
1620 1050 1662 1076 est
1676 1055 1776 1076 verum
1796 1054 1847 1083 per
1867 1053 1912 1079 56,

1069 1097 1135 1133 quia
1149 1096 1289 1133 quaelibet
1309 1096 1413 1124 harum
1430 1095 1530 1132 accipit
1544 1095 1680 1123 rationem
1700 1092 1876 1122 tendentiae⁹
1897 1100 1913 1120 a

1070 1143 1199 1177 caritate;
1220 1143 1296 1171 unde
1317 1142 1412 1171 fruitio
1434 1150 1489 1170 non
1511 1144 1553 1170 est
1567 1149 1603 1170 ex
1619 1141 1677 1170 istis
1698 1141 1752 1169 nisi
1772 1148 1823 1177 per
1847 1138 1914 1168 cari-

1070 1191 1163 1217 tatem.
1186 1189 1249 1217 Sola
1269 1189 1343 1217 enim
1365 1188 1466 1217 caritas
1486 1188 1643 1217 considerat
1658 1187 1741 1215 finem
1757 1187 1785 1214 in
1806 1186 1913 1214 ratione

1070 1235 1133 1264 finis
1154 1237 1181 1264 et
1211 1235 1319 1264 obiecti.
1351 1235 1427 1263 Unde
1448 1243 1503 1263 non
1535 1234 1637 1262 dicitur
1669 1232 1770 1269 aliquis
1801 1238 1914 1268 sperare

1072 1282 1177 1316 Deum,
1199 1282 1271 1310 sicut
1291 1288 1394 1309 amare.

895 1357 1183 1394 SGHOLION.

233 1436 247 1457 l.
275 1435 298 1457 ln
324 1435 435 1457 solutione
460 1434 579 1462 principali
604 1434 673 1456 huius
697 1433 852 1461 quaestionis,
879 1433 926 1454 scil.
952 1431 1015 1460 quod

173 1474 256 1504 fruitio
273 1474 305 1497 sit
320 1475 388 1497 actus
404 1473 550 1501 voluntatis,
568 1479 648 1495 omnes
671 1473 756 1501 antiqui
779 1471 884 1494 doctores
908 1477 962 1494 cum
979 1472 1016 1493 Se-

171 1513 267 1540 raphico
285 1513 438 1540 conveniunt;
456 1514 554 1534 attamen
572 1512 617 1533 iam
634 1511 682 1533 istis
699 1510 843 1538 temporibus
868 1511 928 1532 eirca
950 1515 1016 1538 quas-

170 1551 226 1574 dam
243 1550 338 1573 subtiles
355 1550 384 1573 de
401 1551 443 1572 hac
460 1556 484 1572 re
501 1550 646 1578 quaestiones
664 1551 728 1571 erant
744 1549 920 1571 controversiae.

235 1588 317 1611 Primo
335 1588 413 1617 quoad
429 1588 508 1618 ipsum
525 1588 665 1617 conceptum
680 1586 800 1617 fruitiom's
818 1588 839 1609 S.
857 1587 1016 1609 Bonaventura

174 1628 252 1655 docet,
270 1628 401 1650 fruitionem
418 1633 608 1655 praesupponere
630 1627 725 1655 quidem
748 1626 902 1654 cognitionem
920 1626 969 1647 sive
985 1626 1017 1647 vi-

174 1667 261 1689 sionem
286 1669 395 1694 tanquam
412 1666 585 1693 dispositionem
596 1683 601 1693 ,
619 1668 707 1692 tamen,
726 1665 873 1687 essentialiter
890 1663 1016 1692 loquendo,

173 1705 247 1733 ipsam
264 1710 314 1726 esse
331 1706 408 1726 actum
424 1704 547 1726 voluntatis
557 1721 562 1731 ,
579 1704 619 1732 qui
632 1704 739 1730 importet
751 1705 799 1725 tum
812 1702 957 1725 dilectionem
968 1705 1017 1725 tum

174 1743 364 1771 delectationem,
382 1743 431 1765 sive
448 1748 499 1764 esse
516 1742 639 1764 formaliter
656 1742 768 1764 actionem
785 1742 920 1769 voluntatis,
933 1747 1017 1769 nempe

174 1787 304 1804 amorosam
323 1782 372 1803 eius
389 1782 559 1809 inhaesionem,
578 1780 607 1803 ad
628 1786 698 1809 quam
715 1779 822 1810 sequitur
838 1779 1019 1808 inseparabiliter

174 1822 250 1850 passio
268 1820 438 1847 delectationis,
456 1820 496 1842 cfr.
514 1821 551 1842 hic
567 1819 597 1842 ad
614 1820 635 1841 2.
658 1823 680 1842 et
703 1819 759 1841 dub.
787 1819 831 1847 423
856 1819 887 1841 ΙΙΙ.
913 1820 973 1841 Sent.
995 1819 1018 1841 d.

174 1860 210 1882 29.
228 1866 248 1881 a.
267 1860 287 1881 i.
305 1866 327 1888 q.
345 1860 373 1887 2,
392 1861 414 1881 et
431 1858 485 1880 ibid.
503 1858 525 1880 d.
544 1858 580 1880 35.
598 1864 617 1880 a.
636 1858 656 1879 ¹1.
675 1864 696 1886 q.
722 1858 742 1879 t.
768 1858 791 1879 in
817 1864 892 1885 corp.;
916 1858 938 1879 ll.
957 1858 1018 1879 Sent.

138 1914 145 1920 r
173 1898 195 1921 d.
219 1899 255 1921 38.
278 1904 297 1920 a.
323 1899 342 1920 11.
366 1904 388 1927 q.
412 1898 432 1919 2.
456 1897 485 1919 ad
508 1896 530 1919 4.
554 1896 661 1919 Hexaem.
685 1897 757 1919 Serm.
778 1897 813 1918 42.
831 1898 853 1918 in
878 1896 929 1918 fine.
956 1896 1019 1918 Idem

174 1937 240 1960 docet
257 1937 338 1959 Scotus
355 1942 409 1959 cum
426 1937 474 1959 suis
486 1954 491 1964 ,
509 1935 618 1958 Richard.
634 1942 647 1957 a
664 1935 721 1957 Med.
732 1953 737 1963 ,
755 1935 778 1957 B.
796 1934 880 1957 Albert.
900 1935 926 1956 M.
937 1953 942 1963 ,
960 1935 1018 1957 Petr.

175 1983 187 1998 a
205 1976 257 1998 Tar.
269 1994 274 2004 ,
292 1976 360 1998 Henr.
379 1974 451 1997 Gand.
469 1986 500 1990 —
516 1975 558 1996 Alii
575 1980 632 1996 vero
653 1974 759 1996 doctores
776 1974 856 1996 volunt
867 1992 872 2002 ,
889 1974 1019 1996 fruitionem

174 2021 226 2037 esse
242 2014 366 2036 formaliter
383 2014 457 2041 ipsam
481 2011 673 2039 delectationem,
691 2018 736 2034 non
754 2012 849 2041 quidem
866 2012 1020 2040 qualemcum-

173 2059 234 2081 que,
252 2052 292 2074 sed
310 2051 460 2079 animatam,
479 2057 519 2073 seu
538 2057 597 2079 quae
615 2052 735 2073 coniuncta
752 2054 787 2073 est
804 2056 858 2073 cum
874 2051 1020 2078 quietatione;

172 2092 249 2119 ipsam
265 2097 322 2113 vero
341 2097 385 2113 non
403 2097 453 2113 esse
470 2096 576 2113 amoram
593 2091 635 2112 nisi
652 2091 796 2112 connotative
808 2092 830 2112 et
845 2089 977 2117 causaliter3
990 2090 1020 2111 ita

175 2130 281 2158 discipuli
299 2130 321 2151 S.
341 2130 459 2158 Thomae,
476 2133 533 2152 teste
551 2128 663 2152 Caietano
687 2129 731 2158 (ad
749 2130 770 2151 S.
788 2129 803 2151 l.
822 2129 844 2151 ii.
863 2135 884 2157 q.
904 2129 924 2150 sl.
941 2134 961 2150 a.
980 2128 1018 2157 t),

173 2169 266 2196 Dionys.
284 2167 358 2190 Carth.
377 2168 466 2197 aliique.

238 2206 346 2230 Secundo
355 2225 361 2234 ‚
379 2207 456 2236 quoad
473 2208 567 2235 actum,
580 2208 602 2229 in
615 2213 662 2236 quo
678 2207 754 2229 fruitio
767 2207 891 2229 formaliter
904 2206 1019 2234 consistit,

176 2246 242 2268 docet
266 2246 288 2268 S.
307 2245 407 2273 Bonav.,
425 2246 462 2268 hic
479 2246 508 2268 ad
526 2246 546 2268 t.
564 2248 586 2268 61
602 2247 630 2273 2;
656 2246 679 2268 ll.
704 2246 764 2268 Sent.
789 2245 811 2267 d.
830 2245 866 2267 24.
884 2251 906 2273 p.
925 2245 939 2267 l.
957 2251 977 2267 a.
997 2245 1018 2267 2.

176 2291 198 2313 q.
218 2285 246 2306 t‘:
264 2290 357 2306 omnem
378 2283 552 2306 delectationem
565 2285 707 2312 spiritualem
719 2287 795 2307 ortum
807 2283 892 2306 habere
904 2290 931 2305 ex
942 2289 1021 2305 amore

1070 1430 1208 1458 voluntatis,
1226 1431 1403 1458 praesupposita
1420 1430 1569 1458 perceptione
1586 1429 1750 1452 convenientis.
1768 1427 1916 1451 Consentiunt

1071 1470 1131 1492 Alex.
1149 1470 1212 1497 Hal,
1231 1469 1299 1491 Henr.
1317 1469 1404 1497 Gand.‚
1424 1469 1529 1491 Richard.
1547 1475 1559 1491 a
1577 1468 1634 1491 Med.
1652 1469 1692 1497 qui
1708 1469 1766 1491 inter
1783 1468 1825 1490 alia
1842 1468 1896 1490 dicit
1911 1472 1916 1489 :

1076 1517 1086 1528 11
1103 1508 1185 1530 Actum
1203 1509 1333 1536 cognitivae
1350 1513 1395 1529 non
1413 1508 1517 1536 sequitur
1534 1507 1653 1530 delectatio
1671 1507 1713 1529 11151
1734 1506 1849 1529 mediante
1865 1509 1917 1528 actu

1072 1548 1220 1576 appetitivae.
1238 1555 1248 1567 »
1269 1547 1317 1570 Hoc
1334 1549 1433 1575 negatur
1449 1546 1478 1569 ab
1496 1546 1630 1569 auctoribus
1647 1545 1762 1568 secundae
1779 1546 1909 1567 sententiae.

1138 1585 1228 1613 Tertio,
1246 1586 1299 1608 hinc
1316 1589 1364 1608 orta
1376 1588 1410 1608 est
1424 1585 1521 1608 celebris
1537 1585 1701 1613 controversia,
1719 1585 1843 1612 praecipue
1860 1584 1918 1606 inter

1075 1625 1175 1646 asseclas
1192 1624 1214 1646 S.
1233 1624 1337 1646 Thomae
1354 1627 1376 1647 et
1394 1624 1455 1646 Scoti
1478 1625 1561 1652 agitata
1572 1641 1577 1651 ,
1595 1626 1673 1646 utrum
1691 1623 1737 1645 scil.
1755 1621 1871 1645 beatitudo
1895 1622 1918 1644 in

1074 1664 1147 1691 patria
1164 1664 1288 1685 formaliter
1305 1664 1413 1686 consistat
1429 1664 1452 1685 in
1469 1666 1521 1685 actu
1537 1662 1668 1685 intellectus
1693 1663 1742 1684 sive
1767 1662 1789 1683 in
1814 1655 1917 1689 visione,

1076 1703 1116 1730 qui
1134 1705 1182 1724 tum
1200 1708 1302 1724 amorem
1322 1705 1371 1724 tum
1389 1702 1563 1724 delectationem
1588 1701 1769 1729 inseparabiliter
1790 1699 1859 1722 habet
1882 1705 1919 1721 an-

1075 1747 1145 1769 nexa,
1163 1742 1235 1763 immo
1256 1750 1267 1761 α
1283 1741 1409 1763 virtualiter
1426 1741 1524 1763 continet
1542 1743 1563 1762 et
1587 1740 1706 1763 causaliter
1723 1739 1794 1761 exerit
1808 1746 1818 1758 n
1849 1737 1919 1766 (Caie-

1075 1779 1158 1807 tanus),
1177 1786 1204 1801 an
1223 1780 1314 1807 potius,
1332 1781 1358 1801 ut
1379 1779 1428 1801 vult
1453 1779 1533 1801 Scotus
1556 1784 1610 1801 cum
1635 1779 1683 1800 aliis
1705 1778 1794 1804 multis,
1820 1777 1842 1798 in
1867 1779 1918 1799 actu

1075 1817 1219 1846 voluntatis,
1237 1819 1277 1846 qui
1294 1818 1407 1839 visionem
1436 1818 1547 1846 supponit
1572 1820 1595 1839 et
1619 1817 1767 1839 delectatione
1784 1816 1918 1843 completur.

1075 1856 1138 1878 Hane
1155 1857 1312 1884 quaestionem
1329 1856 1401 1883 tangit
1418 1856 1439 1877 S.
1458 1856 1552 1883 Bonav.,
1573 1856 1609 1877 hic
1626 1855 1655 1877 ad
1673 1855 1710 1883 3.;
1728 1855 1793 1882 plura
1811 1854 1865 1876 vide
1882 1854 1917 1876 lV.

1077 1895 1137 1917 Sent.
1155 1895 1177 1917 d.
1194 1894 1229 1917 49.
1248 1900 1270 1922 p.
1289 1895 1309 1916 11.
1327 1901 1349 1923 q.
1368 1894 1388 1916 5.
1406 1894 1467 1916 Haec
1485 1895 1640 1916 controversia
1657 1894 1764 1916 cohaeret
1775 1899 1828 1915 cum
1838 1892 1919 1916 doctri-

1077 1934 1111 1955 nis
1128 1933 1299 1961 psychologicis
1316 1933 1443 1960 praecipue
1468 1931 1497 1954 de
1522 1932 1629 1954 relatione
1654 1932 1712 1954 inter
1736 1932 1873 1954 intellectum
1898 1934 1921 1954 et

1074 1972 1223 1994 voluntatem.

1139 2010 1162 2032 ll.
1180 2010 1213 2032 De
1230 2011 1365 2038 quaestione
1382 2010 1419 2032 hic
1436 2010 1570 2038 proposita:
1587 2009 1648 2031 Alex.
1666 2009 1729 2037 Hal.,
1747 2009 1769 2030 S.
1787 2015 1810 2037 p.
1835 2008 1871 2031 IV.
1896 2015 1919 2037 q.

1076 2050 1112 2071 26.
1131 2055 1161 2071 m.
1181 2049 1201 2071 4.
1219 2061 1250 2065 —
1261 2049 1334 2076 Scot,
1352 2049 1388 2071 hic
1406 2055 1427 2077 q.
1446 2049 1467 2070 3.
1486 2049 1508 2070 in
1526 2048 1596 2070 Oxon.
1613 2048 1782 2075 6111611011.-
1794 2048 1815 2070 S.
1829 2048 1919 2076 Thom.,

1077 2089 1113 2111 hic
1130 2095 1152 2117 q.
1172 2089 1191 2110 i.
1210 2094 1229 2110 a.
1249 2089 1257 2110 11
1272 2095 1277 2116 ;
1295 2088 1317 2110 S.
1335 2088 1350 2110 l.
1368 2088 1390 2110 ll.
1409 2094 1431 2116 q.
1451 2088 1486 2109 ill.
1504 2094 1524 2109 a.
1543 2088 1562 2109 11.
1590 2090 1612 2110 61
1632 2088 1652 2109 2.
1669 2099 1702 2103 -
1718 2087 1741 2109 B.
1767 2087 1851 2109 Alhert.
1869 2087 1919 2115 (Μ,

1077 2128 1113 2149 1116
1130 2133 1149 2149 3.
1169 2127 1204 2149 112.
1222 2130 1244 2149 61
1262 2127 1297 2149 17.
1309 2127 1408 2149 -Ρ611,
1426 2133 1439 2149 3
1457 2127 1509 2149 Tar.
1520 2144 1525 2154 ‚
1542 2127 1579 2149 hic
1595 2133 1617 2155 q.
1635 2127 1655 2148 2.
1674 2132 1693 2148 a.
1712 2126 1732 2148 ¹1.
1746 2137 1777 2141 —
1789 2125 1894 2148 Richard.
1907 2132 1920 2147 a

1077 2165 1148 2194 Med,
1167 2166 1203 2188 hie
1220 2172 1240 2187 a.
1259 2166 1280 2187 2.
1298 2172 1320 2194 q.
1339 2166 1360 2187 ΙΙ.
1377 2177 1409 2181 -
1425 2165 1499 2193 AEgid.
1517 2166 1543 2188 R.
1554 2184 1559 2194 ,
1577 2166 1613 2188 hic
1630 2165 1644 2187 l.
1657 2166 1729 2193 princ.
1742 2171 1764 2194 q.
1778 2165 1841 2187 1.-
1852 2165 1920 2187 Henr.

1080 2205 1161 2233 Gand,
1180 2205 1201 2227 S.
1219 2211 1238 2227 a.
1257 2204 1293 2227 49,
1311 2211 1333 2233 q.
1352 2205 1373 2227 6.
1391 2211 1412 2227 n.
1431 2205 1483 2233 26.;
1501 2205 1530 2228 de
1547 2205 1695 2228 delectatione
1713 2205 1781 2227 etiam
1798 2205 1845 2233 agit
1862 2205 1883 2226 S.
1900 2211 1920 2226 a.

1080 2244 1116 2266 50.
1135 2250 1156 2272 q.
1175 2244 1195 2266 2.
1212 2256 1244 2260 —
1261 2243 1362 2266 Durand.
1373 2262 1378 2271 ,
1396 2244 1433 2266 hic
1450 2251 1471 2273 q.
1491 2245 1511 2266 t.
1523 2256 1555 2260 —
1567 2244 1659 2271 Dionys.
1673 2243 1757 2272 Carth.,
1770 2244 1807 2266 hic
1818 2250 1840 2272 q.
1858 2244 1878 2266 3.
1890 2256 1921 2260 —

1079 2283 1141 2310 Biel,
1159 2283 1195 2304 hic
1213 2289 1234 2311 qv
1255 2283 1276 2304 2.

222 2370 247 2391 ,1
267 2369 322 2392 Cod.
340 2370 369 2391 W
386 2369 429 2392 vel.

241 2408 250 2423 ²
267 2408 405 2430 Auctoritate
421 2414 476 2430 mss.
488 2410 510 2430 et
521 2408 556 2431 ed.
570 2409 578 2430 t
595 2409 737 2431 removimus
749 2408 884 2436 particulam
895 2406 943 2435 rel,
961 2414 1021 2436 quae

178 2448 215 2470 hic
231 2453 243 2469 a
261 2447 311 2469 Vat.
335 2447 394 2469 male
416 2447 519 2475 additur,
543 2448 597 2476 quia
622 2447 721 2469 verbum
739 2446 889 2469 libiclinosmn
906 2447 969 2474 large
986 2452 1021 2468 ac-

178 2489 271 2514 ceptum
297 2487 365 2508 etiam
386 2487 594 2514 concupiscentiam
616 2487 736 2508 oculorum
759 2486 923 2513 complectitur.
947 2485 1019 2507 Codd.

179 2525 194 2547 Ρ
211 2527 232 2547 61
250 2525 268 2552 Q
286 2526 337 2552 post
360 2524 468 2547 caritatis
491 2524 578 2546 addunt
601 2526 648 2553 est;
672 2524 722 2547 cod.
747 2525 767 2546 X
790 2527 867 2546 autem
885 2524 951 2552 legit:
968 2523 1019 2546 ideo

179 2569 227 2586 nou.
245 2564 278 2585 est
293 2562 407 2592 proprius
424 2562 498 2592 ipsius
514 2563 628 2586 cat-itatis.

241 2601 251 2615 3
268 2601 329 2623 Licet
352 2602 416 2623 multi
439 2607 493 2624 mss.
512 2604 536 2623 ut
552 2602 570 2623 A
580 2601 595 2624 C
605 2602 622 2623 G
632 2602 651 2624 K
662 2602 678 2623 L
688 2601 706 2623 Ο
716 2602 731 2623 5
740 2602 758 2623 T
768 2602 786 2624 U
797 2601 816 2623 V
825 2602 855 2623 W
865 2602 886 2623 X
896 2601 915 2623 Y
924 2602 940 2623 Z
958 2602 1021 2623 omit-

179 2641 226 2661 tant
243 2640 265 2661 61
281 2638 394 2668 quietari,
418 2639 562 2661 retinendum
579 2642 654 2662 tamen
672 2640 787 2668 duximus,
804 2642 853 2662 tum
875 2641 928 2668 quia
946 2640 967 2661 in
985 2640 1021 2662 ali-

181 2678 266 2707 quibus
283 2678 451 2706 antiquioribus
463 2684 517 2700 mss.
535 2681 559 2701 ut
575 2679 634 2701 FHI
651 2681 693 2701 etc.
711 2680 838 2707 invenitur,
856 2671 905 2701 tum
922 2680 975 2708 quia
987 2685 1022 2701 su-

182 2718 260 2744 perius
277 2718 299 2738 in
317 2717 365 2744 ipsa
383 2716 510 2739 obiectione
527 2717 653 2740 exhibetur.

244 2754 253 2769 ⁴
271 2754 389 2782 Colligitur
405 2761 432 2776 ex
450 2755 499 2776 XV.
518 2754 546 2777 tle
564 2755 626 2777 Trin.
638 2762 657 2777 6.
671 2757 712 2783 22,
731 2756 771 2778 ubi
783 2757 891 2784 ostendit,
904 2756 1023 2785 (1110111116-

183 2795 268 2821 moria,
287 2795 412 2816 intellectus
429 2796 450 2816 et
467 2800 532 2815 amor
548 2800 588 2816 seu
606 2795 711 2817 voluntas
728 2801 772 2817 non
790 2796 834 2817 sint
851 2802 891 2817 sua
910 2801 950 2817 nec
968 2795 1023 2822 sibi,
1052 2804 1053 2807 ¹

183 2833 224 2855 sed
242 2834 362 2861 supposito
375 2836 454 2861 agant,
467 2832 580 2861 quidquid
593 2835 669 2861 agunt.
688 2834 746 2855 Ε1111
760 2834 949 2861 praecedentibus
966 2835 1025 2862 capi-

184 2873 236 2895 tulis
253 2874 374 2895 trinitatem
392 2874 413 2894 in
438 2873 513 2894 anima
536 2874 651 2900 repertam
674 2878 727 2895 cum
746 2873 854 2895 Trinitate
871 2873 948 2895 divina
965 2879 1025 2895 60111-

1078 2368 1187 2396 parando,
1206 2374 1224 2390 6.
1244 2368 1272 2389 17
1285 2368 1313 2390 de
1326 2368 1411 2395 Spiritu
1424 2369 1446 2390 S.
1459 2369 1505 2390 ait:
1523 2369 1573 2396 ipse
1590 2370 1666 2390 autem
1683 2369 1705 2390 et
1721 2367 1798 2390 5111161
1814 2368 1857 2390 illis
1875 2373 1920 2389 non

1077 2408 1119 2429 nisi
1136 2407 1215 2435 diligit.
1232 2419 1264 2422 —
1281 2407 1374 2428 Plurimi
1392 2407 1458 2429 codd.
1475 2408 1504 2429 ut
1518 2406 1570 2429 vult
1586 2413 1629 2434 pro
1646 2408 1675 2429 111
1690 2406 1751 2429 dicit.

1138 2446 1148 2460 ⁵
1165 2446 1225 2468 Libr.
1243 2445 1273 2468 de
1289 2445 1415 2468 Concordia
1429 2440 1594 2473 praescientiae
1611 2446 1651 2468 Dei
1669 2452 1722 2468 611111
1739 2445 1811 2467 libero
1834 2445 1882 2467 arb.
1901 2451 1920 2467 c.

1081 2487 1113 2508 ll.
1131 2488 1153 2508 et
1171 2486 1211 2513 12,
1231 2485 1270 2507 ubi
1288 2485 1354 2513 dicit,
1372 2485 1436 2513 quod
1453 2486 1558 2507 voluntas
1575 2488 1654 2507 movet
1671 2486 1747 2507 omnia
1759 2486 1920 2513 instrumenta,

1078 2531 1137 2553 quae
1159 2525 1180 2546 in
1199 2524 1265 2546 nobis
1282 2526 1341 2551 sunt,
1358 2527 1383 2546 ut
1399 2530 1481 2546 manus
1504 2527 1550 2552 c-tc3
1568 2528 1590 2547 et
1607 2524 1671 2553 quod
1687 2531 1714 2546 ex
1731 2525 1781 2552 ipsa
1807 2532 1817 2544 «
1830 2524 1922 2546 deseen-

1078 2564 1111 2586 dit
1127 2569 1195 2585 omne
1213 2564 1321 2585 meritum
1339 2563 1439 2585 hominis
1449 2571 1469 2585 ».
1482 2575 1513 2579 —
1524 2563 1557 2585 De
1574 2563 1677 2585 doctrina
1695 2563 1730 2585 hic
1742 2563 1815 2591 posita
1832 2562 1886 2585 vide
1898 2563 1920 2585 11.

1078 2603 1139 2624 Sent.
1158 2602 1179 2624 d.
1198 2601 1234 2623 24.
1253 2608 1275 2629 p,
1295 2602 1314 2623 l.
1332 2607 1352 2623 a.
1371 2602 1391 2623 2.
1415 2608 1437 2630 q.
1459 2602 1476 2623 1.

1141 2639 1150 2654 ⁶
1168 2640 1208 2661 Hic
1225 2639 1333 2667 loquendi
1346 2639 1430 2662 modus
1441 2642 1530 2662 sumtus
1542 2642 1614 2662 estex
1626 2640 1729 2667 Hugonis
1746 2639 1775 2661 de
1792 2639 1813 2661 S.
1832 2639 1922 2661 Victore

1079 2679 1161 2707 Expos.
1179 2679 1201 2700 in
1219 2678 1321 2705 Dionysii
1339 2678 1388 2700 libr.
1408 2678 1437 2700 de
1454 2677 1547 2700 Caelest.
1567 2678 1682 2700 Hierarch.
1701 2684 1720 2700 c.
1738 2677 1760 2700 7.

1141 2718 1150 2732 ⁷
1168 2717 1224 2740 Cod.
1242 2718 1263 2739 X
1281 2718 1317 2740 hic
1335 2718 1417 2745 repetit
1433 2724 1475 2747 per
1491 2716 1596 2740 modum.

1142 2756 1151 2770 8
1169 2756 1317 2778 Restituimus
1334 2762 1361 2778 ex
1378 2762 1432 2778 mss.
1459 2758 1481 2778 et.
1505 2756 1541 2778 ed.
1564 2757 1569 2777 l
1591 2756 1665 2783 magis
1690 2756 1797 2778 usitatum
1823 2755 1923 2777 verbum

1081 2793 1288 2818 concomitantiam
1307 2794 1356 2816 loco
1374 2793 1598 2817 concomutationem.

1143 2833 1152 2847 9
1170 2833 1225 2856 Cod.
1244 2833 1264 2854 X
1282 2832 1402 2855 malentis.
1420 2833 1442 2854 ln
1460 2833 1504 2855 fine
1527 2833 1681 2860 responsionis
1704 2832 1754 2855 cod.
1778 2832 1796 2854 R
1819 2832 1881 2855 addit
1903 2834 1924 2855 et

1080 2873 1178 2902 propter
1196 2871 1238 2894 hoc
1256 2877 1302 2894 non
1320 2871 1389 2894 valet.
