2253 3317
30 967 58 994 sd
75 972 131 990 oppa-

15 993 80 1009 situm.

657 137 738 165 DIST.
763 136 838 164 xvii.
861 136 885 163 Ι).
906 136 937 164 it.
960 136 1030 164 ΛΒΤ.
1054 134 1168 164 UNlCUS
1190 134 1324 171 QUAEST.
1348 135 1376 162 ll.

142 216 189 245 ubi
208 219 249 244 est
270 218 464 252 augmentum.
486 214 521 243 ibi
551 217 592 243 est
619 214 755 251 appositio
775 214 893 243 alicuius
919 213 988 242 eius-
1014 232 1016 241 ,

142 263 205 291 dem
235 262 359 298 generis,
381 264 407 290 et
429 261 477 289 ubi
492 261 640 298 appositio,
663 261 699 289 ibi
714 260 832 289 additio:
856 268 922 297 ergo
936 262 987 288 etc.

222 308 249 337 3.
270 308 352 341 ltem⁷
376 308 427 336 hoc
446 307 557 336 videtur
578 316 659 344 posse
680 307 787 336 ostendi
806 315 856 344 per
876 306 987 339 simile,

1014 212 1016 231 i

143 355 229 392 quia.l
252 355 353 383 caritas
378 357 420 383 est
441 355 468 382 in
488 354 594 389 anima,
621 354 692 383 sicut
713 354 763 382 lux
786 354 812 381 in
841 354 917 382 aere:
939 353 987 381 sed
1014 362 1017 392 g

144 401 193 429 lux
216 401 241 429 in
264 401 328 429 a'e're
359 404 477 436 augetur
508 408 559 436 per
579 400 749 429 additionem
774 400 836 428 novi
860 399 988 434 luminis,
1014 395 1017 427 ὲ

145 451 174 476 ut
196 450 283 484 patet„
300 447 321 476 si
338 447 386 475 uni
401 446 533 475 candelae
553 446 722 475 illuminanti
748 446 909 483 supervenit
923 446 987 474 alia:

142 502 209 531 ergo
230 498 255 522 et
278 494 304 522 in
327 493 441 522 caritate
462 493 515 522 erit
536 493 664 522 similiter
682 496 811 530 respectu
832 493 949 521 animae.

221 541 248 569 [ι.
271 541 352 574 Item,
370 541 420 569 hoc
443 540 554 569 videtur
575 548 625 577 per
635 540 819 577 principium.
834 539 989 576 augmenti,

120 588 207 626 „quia
238 595 275 616 ex
301 587 406 616 eisdem
439 590 480 615 est
511 587 733 624 unumquodque
757 590 785 615 et
812 587 936 615 nutritur
963 588 990 614 et

143 636 262 670 augetur
275 634 297 660 ²:
320 641 386 670 ergo
407 641 457 670 per
472 633 643 662 consimilem
659 633 774 662 modum
790 633 873 661 habet
890 632 990 661 caritas

143 680 284 717 generari,
299 680 458 708 conservari
474 682 501 708 et
515 680 625 716 augeri;
640 680 689 708 sed
705 682 854 716 generatur
869 680 896 708 in
912 679 991 708 nohis
1018 675 1019 678 ’

144 734 194 764 per
211 727 335 755 divinam
358 726 542 755 influentiam:
568 734 634 763 ergo
655 730 682 755 et
697 734 746 764 per
767 727 883 755 eandem
909 726 992 754 maio
1018 727 1020 763 ᾖ

143 782 202 802 rem
224 777 356 810 augetur:
379 774 427 802 sed
450 774 496 802 ubi
521 774 608 802 maior
623 773 778 808 influentia,
800 774 906 810 aliquid
927 773 992 810 plus
1019 795 1020 798 η

145 819 257 849 influitS
292 828 375 857 quam
408 820 503 857 prius:
525 823 551 849 et
578 820 627 849 ubi
654 820 719 853 hor.
742 820 778 849 ibi
806 823 847 848 est
872 820 990 849 additio:

145 874 212 904 ergo
236 870 286 895 etr.

224 913 354 942 Com-m:
381 915 402 942 l.
435 914 542 942 Maioris
576 914 686 942 virtutis
714 918 755 943 est
786 914 862 943 calor
889 913 993 942 amoris

145 959 298 996 spiritualis
324 968 409 998 quam
432 960 501 998 ignis
530 958 698 995 'materiatis3
720 961 769 989 sed
792 960 863 997 ignis
883 968 911 989 se
933 960 993 997 ipso

146 1007 297 1042 augetur⁴:
319 1015 386 1043 ergo
406 1011 433 1036 et
453 1008 569 1042 caritas,
590 1015 662 1044 quae
676 1010 718 1036 est
739 1008 809 1044 ignis
831 1006 992 1044 spiritualis.

225 1054 250 1081 Ξ.
274 1054 351 1087 ltem‚
374 1054 448 1091 quod
477 1062 531 1082 non
556 1062 607 1091 per
626 1055 843 1091 appositionem,
866 1054 992 1085 videtur.

146 1100 212 1137 quia
233 1100 254 1128 si
278 1100 397 1137 simplex
419 1100 537 1138 simplici
553 1101 689 1133 addatur,
710 1101 780 1130 nihil
801 1101 893 1130 maius
912 1100 993 1130 effici·
1020 1097 1021 1101 ’

147 1150 208 1181 tur.
230 1154 279 1175 nec
313 1147 384 1176 mole
409 1156 458 1176 nee
481 1148 597 1182 virtute,
619 1151 650 1176 ut
671 1148 693 1177 si
715 1150 836 1185 punctus
857 1149 991 1185 puncto⁵:
1020 1169 1021 1173 ,

1019 1206 1021 1222 2
1048 1191 1185 1219 minuitur
1206 1191 1443 1228 concupiscentia,
1465 1191 1503 1219 sic
1532 1190 1631 1220 erescit
1651 1190 1767 1224 caritas3
1788 1193 1815 1219 et
1842 1190 1895 1219 tale

146 1201 213 1230 ergo
233 1201 283 1222 neo
305 1194 325 1222 si
349 1194 450 1223 caritas
470 1194 592 1223 addatur
613 1195 737 1230 caritati,
759 1195 811 1224 erit
832 1195 929 1223 maior.

225 1240 251 1269 3.
273 1240 351 1275 Item,
374 1241 396 1269 si
411 1241 525 1269 additur
546 1241 668 1278 aliquid,
683 1250 747 1271 cum
769 1242 937 1271 additionem
953 1249 993 1270 se-

146 1290 249 1324 quatur
277 1288 453 1324 compositio.
482 1290 509 1316 et
536 1288 572 1317 ad
600 1289 734 1317 maiorem
765 1289 992 1326 compositionem

148 1333 258 1362 virtutis
279 1334 461 1362 diminutiofl:
483 1342 550 1371 ergo
570 1338 675 1372 quanto
702 1335 788 1364 maior
817 1335 848 1363 tit
875 1335 992 1369 additio⁷

148 1382 223 1408 tanto
237 1380 356 1409 efficitur
370 1380 471 1409 caritas
485 1380 674 1417 impotentior,
693 1384 720 1409 et
740 1385 844 1418 quanto
862 1381 994 1418 impoten-
1019 1375 1021 1396 1

148 1426 214 1456 tior.
243 1429 318 1455 tanto
344 1427 447 1455 minor:
474 1435 539 1464 ergo
568 1435 631 1456 eum
660 1431 842 1464 augmentum
870 1428 993 1456 caritatis

147 1474 182 1502 sit
206 1477 341 1511 quantum
364 1474 396 1502 ad
428 1474 575 1509 virtutem.
603 1474 704 1503 caritas
724 1483 776 1503 non
802 1478 922 1511 augetur
943 1483 993 1512 per

147 1520 325 1549 additionem.

225 1567 252 1595 4.
274 1567 352 1597 Item.
375 1568 396 1596 si
422 1568 527 1604 aliquid
549 1568 671 1596 addatur
692 1568 777 1605 priori
803 1568 924 1602 caritati,
945 1571 994 1596 aut

147 1614 272 1642 additum
290 1617 328 1642 est
351 1614 464 1647 caritas.
479 1618 527 1643 aut
548 1623 615 1649 non:
631 1615 652 1643 si
675 1623 741 1643 non:
758 1623 824 1652 ergo
842 1623 896 1643 non
911 1617 994 1651 auget

146 1660 306 1694 caritatem:
329 1661 349 1688 si
376 1668 442 1689 vero
462 1665 505 1689 est
532 1661 646 1694 oaritas3
672 1661 720 1690 sed
748 1662 849 1690 caritas
877 1670 931 1690 non
952 1664 995 1690 est

147 1707 299 1736 materialis
320 1710 447 1744 respectu
469 1708 604 1737 caritatis:
627 1716 693 1744 ergo
716 1716 780 1736 eum
795 1716 829 1737 ex
852 1708 994 1745 aliquibus

148 1753 259 1782 duobus
280 1762 334 1782 uon
357 1754 404 1782 fiat
424 1762 527 1783 unum.
549 1755 601 1783 nisi
622 1763 711 1783 unum
733 1755 768 1783 sit
789 1754 932 1783 materiale
954 1763 995 1783 re·
1021 1764 1023 1773 =

148 1803 244 1837 speetu
265 1800 381 1829 alterius
394 1801 416 1831 ⁷.
438 1809 473 1829 cx
496 1801 609 1830 caritate
631 1802 836 1838 praeexistente
858 1804 885 1830 et
900 1809 995 1838 super-

148 1847 242 1876 addita
256 1855 310 1875 non
332 1847 362 1875 fit
384 1855 485 1882 unum:
508 1848 556 1876 sed
577 1848 612 1876 ad
628 1851 808 1885 augmentum
826 1856 939 1877 necesse
954 1850 996 1877 est

150 1893 209 1922 fieri
225 1901 312 1922 unum
328 1901 364 1922 ex
379 1897 497 1930 augente
513 1897 538 1923 et
560 1897 654 1923 aucto:
670 1902 737 1932 ergo
755 1895 832 1923 nullo
847 1895 930 1924 modo
944 1903 995 1932 per

149 1940 318 1969 additionem
340 1943 459 1977 augetur
471 1941 489 1968 ⁸.

213 2079 218 2092 ¹
240 2078 288 2100 Yat.
306 2079 382 2101 minus
400 2079 504 2102 distincte
521 2084 543 2102 et
559 2083 636 2102 contra
655 2081 768 2108 plui-imos
786 2087 839 2103 mss.
858 2081 922 2111 quod
943 2082 993 2103 loco

150 2117 213 2147 qaia,
232 2121 255 2139 et
271 2123 323 2139 mox
340 2124 461 2145 perperam
479 2121 501 2141 et
518 2122 594 2141 contra
612 2119 680 2141 codd.
698 2126 724 2141 ar
741 2120 777 2142 ed.
799 2120 804 2142 1
825 2125 874 2143 uon
891 2121 994 2149 aaqetzo·

150 2163 192 2185 pro
208 2157 310 2186 (lassetur
322 2175 328 2184 ,
347 2159 369 2179 et
384 2156 534 2180 illmnimetcw
550 2158 599 2180 loco
616 2157 771 2182 illmnamnti.

212 2196 221 2210 ²
238 2196 340 2223 Aristot..
360 2196 382 2218 ll.
400 2195 429 2218 de
446 2197 527 2218 Gener.
545 2200 567 2219 et
583 2196 688 2225 Corrupt.
701 2201 751 2220 text.
765 2198 801 2220 50.
814 2197 843 2226 (c.
857 2199 900 2226 8.):
914 2198 994 2220 Omnia

151 2235 211 2256 enim
229 2235 359 2257 nutriuntur
376 2241 401 2256 ex
419 2235 517 2261 eisdem.
536 2241 562 2257 ex
579 2235 665 2264 quibus
682 2239 741 2258 suut.
760 2237 781 2258 ln
799 2237 835 2259 illa
858 2237 993 2264 propositio-

152 2279 179 2295 ne
197 2273 246 2295 Vat.
264 2279 385 2300 perperam
403 2275 425 2295 et
441 2276 517 2296 eontra
536 2280 590 2296 mss.
608 2281 634 2296 ac
651 2275 687 2296 ed.
707 2275 715 2296 =l
737 2275 819 2297 omittit
835 2276 874 2298 esl.

212 2311 222 2326 3
239 2311 294 2334 (lod.
313 2312 330 2334 O
348 2313 463 2334 usitatiore
481 2312 550 2335 modo
567 2312 686 2342 inlinitur.

213 2350 220 2364 ⁴
239 2350 283 2373 Csr.
301 2351 390 2373 Aristot.
401 2369 406 2378 ,
424 2352 438 2373 l.
456 2351 485 2373 de
502 2352 582 2374 Gener.
600 2356 622 2375 et
639 2351 745 2381 Corrupt.
769 2356 819 2375 text.
838 2353 874 2375 39.
901 2353 929 2378 (c.
956 2353 995 2381 5):

152 2390 207 2412 Nam
224 2391 301 2418 ignem
319 2389 347 2411 ad
365 2390 426 2412 huuc
442 2391 516 2413 iacere
534 2391 629 2413 modum
647 2392 770 2419 contingit,
789 2392 895 2414 videlieet
909 2392 996 2414 iniectis

153 2430 173 2450 in
192 2435 244 2451 euni
262 2430 301 2457 qui
319 2430 364 2451 iam
381 2432 413 2451 est
431 2429 504 2457 lignis.
522 2430 610 2452 Verum
636 2431 664 2452 ita
689 2430 782 2459 quidem
808 2432 906 2453 accretio
932 2431 996 2458 (aug-

153 2468 269 2496 mentatio)
287 2470 337 2495 est3
355 2471 375 2490 at
402 2474 454 2489 s'urn
473 2468 532 2496 ligna
558 2469 607 2497 ipsa
625 2469 798 2497 accenduntur,
816 2470 932 2497 generatio
949 2470 995 2497 (ed.
1023 2482 1024 2502 ἶ

152 2506 338 2535 Firmin-Didot.).

216 2545 225 2560 ⁵
242 2546 279 2568 Est
296 2546 430 2574 Aristotelis,
449 2546 462 2567 l.
481 2545 509 2568 [le
526 2546 607 2568 Gener.
625 2550 647 2569 et
664 2546 769 2574 Corrupt.
788 2550 838 2569 text.
862 2547 882 2568 8.
902 2549 929 2575 (c.
949 2548 994 2575 2.),

154 2583 193 2606 ubi
210 2584 321 2612 ostendit.
340 2585 403 2613 quod
420 2588 503 2612 puncta
522 2584 598 2607 addita
616 2586 706 2613 punctis
723 2591 767 2607 non
786 2586 867 2607 saciant
884 2586 996 2613 magnitu-

1829 134 1881 162 311

1359 221 1569 241 CONCiAESist

1047 305 1166 334 Caritas
1189 309 1316 343 auqetur
1346 305 1450 334 uirtute
1477 306 1579 334 diviua
1597 315 1651 343 per
1679 306 1887 343 appositionem

1164 352 1205 380 uel
1225 352 1432 380 incremeittzmi
1452 352 1577 381 maioris
1595 352 1771 389 influentiae.

1123 444 1301 473 Rizsrouneo:
1338 445 1376 473 Ad
1414 445 1620 481 praedictorum
1652 446 1862 483 intelligentiam
1877 446 1887 458 ⁹

1045 491 1211 525 notandum.
1235 492 1310 528 quod
1333 492 1406 521 circa
1427 492 1478 521 hoc
1506 492 1558 520 i'uit
1583 492 1688 529 duplex
1710 493 1810 530 opinio.
1832 493 1889 521 Una
1901 498 1970 521 opimo
1985 499 2000 515 (Δ

1045 541 1098 572 est,
1120 538 1194 575 quod
1209 541 1390 574 augmentum
1412 538 1534 567 caritatis
1548 541 1590 567 est
1611 547 1661 576 per
1678 539 1887 576 depurationem

1046 585 1103 613 sive
1124 592 1174 621 per
1189 585 1444 621 impermixtionem
1466 593 1529 613 eum
1551 585 1698 614 contrario.
1713 586 1889 614 Contrarium

1046 634 1140 660 autem
1154 632 1257 660 amoris
1279 631 1344 660 casti
1359 632 1380 645 ¹⁰
1396 635 1435 660 est
1457 640 1537 660 amor
1552 632 1788 669 concupiscentiae
1794 644 1801 667 ς
1815 633 1890 661 unde

1046 680 1150 715 quanto
1177 678 1266 715 magis
1287 678 1313 706 in
1343 678 1422 707 nohis
1449 678 1625 716 extinguitur
1653 679 1889 716 eoncupiscentia.

1047 727 1123 752 tanto
1145 724 1231 761 magis
1253 724 1408 762 depuratur
1430 724 1545 759 caritas:
1567 728 1594 753 et
1615 728 1718 762 quanto
1739 725 1827 762 magis
1848 725 1892 754 de-

1047 774 1180 808 puratur.
1201 774 1276 799 tanto
1298 772 1386 809 magis
1410 772 1582 801 assimilatur
1603 772 1659 801 Deo
1680 775 1706 801 et
1727 772 1832 801 accedit
1855 773 1889 801 ad

1048 818 1199 846 terminum
1205 829 1212 852 3
1227 821 1253 847 et
1267 821 1371 855 quanto
1386 818 1473 855 magis
1488 818 1604 849 accedit.
1621 821 1695 847 tanto
1710 818 1797 856 magis
1811 826 1892 855 auge-

1048 867 1103 893 tur.
1126 865 1156 893 Et
1177 865 1221 893 isti
1236 868 1403 901 posuerunt,
1418 865 1561 894 caritatem
1583 873 1662 901 posse
1680 873 1731 901 per
1752 873 1781 894 se
1795 866 1891 902 augeri

1048 919 1098 948 per
1119 911 1348 940 assuefactionem
1370 912 1398 940 in
1418 911 1490 940 bono
1511 914 1538 941 et
1556 911 1773 940 debilitationem
1794 920 1892 941 concu-

1048 958 1206 995 piscentiae.
1222 958 1298 987 Ratio
1319 961 1425 993 autem,
1440 966 1512 995 quae
1533 958 1599 987 istos
1614 958 1711 992 movit,
1733 958 1785 987 fuit
1802 961 1893 987 aueto-
1904 965 2019 1007 &gaam

1049 1005 1116 1034 ritas
1132 1005 1290 1042 Philosophi
1303 1005 1339 1034 ¹¹.
1353 1005 1400 1042 qui
1416 1005 1490 1039 dicit,
1503 1005 1606 1034 formas
1621 1005 1724 1034 intendi
1739 1013 1789 1042 per
1804 1013 1892 1034 acces·
1973 1004 1975 1006 ’

1049 1059 1112 1080 sum
1132 1051 1166 1080 ad
1182 1052 1333 1080 terminum
1348 1054 1375 1081 et
1396 1052 1650 1089 impermixtionem
1665 1060 1729 1080 cum
1745 1052 1891 1081 contrario.
1932 1083 1935 1086 ¹

1049 1097 1109 1126 Fuit
1129 1098 1211 1126 etiam
1233 1106 1297 1126 cum
1326 1098 1377 1127 hoc
1398 1099 1549 1127 auctoritas
1574 1098 1733 1135 Augustini,
1759 1098 1807 1135 qui
1829 1098 1895 1126 dicit

1048 1144 1076 1172 in
1098 1144 1169 1173 libro
1190 1145 1328 1181 octoginta
1349 1145 1434 1173 trium
1456 1144 1653 1181 Quaestionum
1667 1143 1706 1178 ¹²,
1727 1144 1802 1181 quod
1823 1145 1895 1173 sicut

1048 1241 1229 1276 augmentum
1245 1246 1295 1275 per
1315 1238 1448 1267 maiorem
1468 1238 1678 1274 depurationem
1699 1237 1816 1274 simplici
1839 1245 1892 1265 non

1048 1287 1194 1322 repugnat.

1127 1332 1179 1361 Sed
1200 1332 1251 1360 ista
1272 1331 1370 1369 positio
1391 1340 1445 1360 non
1467 1335 1508 1360 est
1528 1332 1706 1366 conveniens,
1725 1331 1855 1369 quoniam
1869 1332 2024 1364 ¹²Reprotiatnr

1048 1381 1177 1407 constans
1202 1382 1257 1407 est.
1286 1378 1428 1406 caritatem
1450 1378 1583 1407 maiorem
1612 1381 1639 1406 et
1660 1378 1796 1407 minorem
1817 1387 1893 1413 esse,

1048 1425 1122 1453 omni
1144 1425 1254 1454 sublata
1274 1424 1508 1461 concupiscentia,
1531 1425 1603 1453 siout
1622 1425 1649 1453 in
1671 1425 1762 1461 primo
1784 1425 1894 1455 homine

1020 1477 1022 1505 ζ
1048 1475 1075 1500 et
1096 1472 1178 1500 etiam
1200 1472 1227 1500 in
1243 1471 1366 1508 Angelis3
1381 1479 1448 1507 ergo
1469 1479 1532 1499 cum
1555 1471 1668 1499 omniuo
1683 1471 1718 1499 sit
1738 1471 1776 1500 ibi
1797 1471 1896 1508 imper-

1049 1519 1150 1553 mixta,
1173 1519 1199 1547 in
1221 1518 1346 1557 quolibet
1366 1518 1468 1555 Angelo
1485 1521 1512 1547 et
1532 1519 1616 1547 etiam
1631 1518 1658 1547 in
1680 1521 1754 1547 statu
1769 1518 1895 1548 innoeen-

1049 1567 1102 1595 tiae
1123 1569 1195 1594 esset
1216 1566 1242 1594 in
1264 1573 1386 1595 summo.
1409 1566 1482 1603 quod
1499 1565 1616 1594 stultum
1638 1569 1677 1594 est
1694 1566 1795 1595 dicere.
1817 1566 1893 1595 Unde

1049 1621 1103 1641 non
1125 1616 1166 1641 est
1187 1612 1353 1646 dicendum,
1375 1615 1511 1649 quantum
1532 1613 1568 1640 ad
1584 1612 1774 1641 remissionem
1797 1620 1895 1641 coucu-

1050 1659 1199 1696 piscentiae
1213 1659 1309 1696 augeri
1322 1659 1341 1673 ¹⁴
1355 1659 1510 1688 seeundum
1524 1659 1736 1693 substantiam,-
1748 1660 2034 1689 conceden-astinenum

1050 1706 1118 1735 dum
1134 1709 1175 1734 est
1190 1709 1291 1734 tamen.
1306 1708 1443 1742 quantum
1454 1706 1489 1735 ad
1501 1706 1693 1735 remissionem
1705 1706 1897 1743 eoncupiscen-

1051 1752 1104 1781 tiae
1125 1752 1237 1780 intendi
1260 1760 1314 1789 per
1340 1750 1494 1789 fervorem.
1517 1752 1548 1781 Et
1576 1753 1628 1781 hoe
1658 1753 1741 1782 niodo
1770 1752 1897 1789 intelligit

1051 1799 1235 1836 Augustiims;
1257 1802 1284 1827 et
1306 1799 1356 1828 hoc
1372 1799 1454 1827 modo
1470 1799 1593 1836 loquitur
1607 1799 1689 1828 etiam
1712 1799 1896 1836 Philosophus

1051 1846 1085 1875 de
1106 1846 1203 1874 formis
1217 1848 1354 1882 quantum
1374 1846 1409 1874 ad
1425 1846 1619 1880 intensionem.
1639 1854 1693 1874 non
1709 1849 1844 1883 quantum
1860 1847 1893 1874 ad

1051 1895 1242 1930 augmentum.

1131 1939 1188 1967 Alia
1210 1938 1308 1975 positio
1322 1943 1378 1973 est.
1400 1939 1473 1978 quod
1490 1939 1590 1968 caritas
1610 1942 1729 1976 augetur
1744 1947 1794 1976 per
1815 1948 1897 1976 appo-
1932 1949 2028 1967 semema

1909 1972 1995 1990 auctoris.

1021 2093 1022 2104 ;
1050 2083 1116 2107 sunu
1134 2079 1174 2102 sed
1192 2081 1210 2101 si
1229 2080 1327 2107 potentia
1345 2079 1392 2101 duo
1410 2083 1478 2106 suat.
1502 2083 1569 2101 erunt
1592 2085 1677 2107 unum,
1695 2082 1720 2101 ut
1744 2079 1842 2107 duplum
1868 2086 1894 2101 ex

1022 2503 1025 2538 i

1051 2119 1143 2141 duobus
1160 2118 1262 2141 dimidiis
1278 2119 1393 2146 potentia;
1411 2121 1475 2141 actus
1493 2124 1592 2147 namque
1610 2121 1707 2146 separat.

1113 2157 1122 2172 ⁸
1142 2158 1191 2180 Vat.
1209 2160 1287 2180 contra
1305 2157 1445 2185 antiquiores
1469 2157 1536 2179 codd.
1561 2160 1583 2179 et
1607 2157 1644 2179 ed.
1671 2158 1679 2179 sl
1707 2158 1781 2186 polest
1804 2157 1895 2187 [Lityerl.

1051 2196 1120 2218 Paulo
1138 2200 1189 2219 ante
1207 2196 1284 2224 plures
1302 2195 1369 2218 codd.
1387 2198 1411 2218 ut
1436 2195 1627 2218 AGHRTUYZ
1649 2202 1675 2217 ee
1701 2196 1719 2217 it
1740 2201 1793 2217 cum
1819 2195 1855 2218 ed.
1883 2196 1890 2217 t

1051 2236 1218 2264 auymentato,
1239 2235 1308 2263 aliqui
1326 2237 1402 2256 autem
1420 2240 1542 2262 perperam
1559 2235 1686 2263 uuymmzlo
1704 2240 1745 2262 pro
1763 2235 1839 2257 uitulo.

1113 2274 1123 2287 ⁰
1140 2274 1214 2302 Aliqui
1232 2273 1299 2295 codd.
1317 2275 1341 2295 ut
1359 2273 1376 2294 T
1387 2272 1407 2294 X
1425 2272 1514 2295 addunt
1530 2274 1569 2295 est.

1115 2313 1133 2328 ¹⁰
1151 2314 1200 2335 Vat.
1219 2319 1271 2335 cum
1290 2312 1340 2334 cod.
1358 2318 1384 2334 cc
1401 2311 1490 2334 Cim-isti
1505 2318 1548 2340 pro
1564 2311 1635 2339 casti,
1655 2312 1696 2334 sed
1713 2311 1788 2334 obstat
1799 2312 1897 2334 auctori-

1052 2355 1085 2374 tas
1102 2352 1258 2380 antiquiorum
1273 2350 1341 2373 codd.
1359 2356 1413 2372 cum
1431 2350 1467 2372 ed.
1485 2351 1489 2372 Ι
1505 2353 1528 2372 et
1544 2352 1662 2372 contextus
1680 2356 1777 2372 necnon
1796 2356 1852 2372 usus
1864 2350 1896 2372 lo-

1052 2391 1137 2420 quendi
1155 2391 1177 2413 S.
1195 2390 1312 2412 Doctoris.
1331 2389 1358 2411 ‹le
1377 2396 1423 2418 quo
1440 2389 1493 2411 vide
1510 2396 1579 2417 supra
1598 2389 1620 2412 d.
1639 2390 1659 2411 ¹l.
1677 2396 1696 2411 a.
1716 2390 1736 2411 2.
1749 2395 1770 2418 q.
1788 2389 1895 2411 1.]ἰιῐῑιιει

1052 2437 1115 2458 corp.
1133 2433 1220 2459 quaest.

1115 2469 1131 2483 ¹¹
1151 2468 1212 2491 Libr.
1229 2468 1256 2490 V.
1275 2468 1341 2495 Phys.
1361 2470 1411 2490 text.
1430 2468 1465 2489 v19.
1485 2467 1513 2492 (if.
1532 2468 1579 2495 ⁶2.):
1597 2467 1668 2495 Magis
1689 2469 1765 2489 autem
1782 2469 1804 2488 et
1821 2467 1896 2489 minus

1051 2511 1086 2530 est
1102 2514 1127 2530 ex
1145 2513 1187 2535 en,
1206 2508 1258 2536 quia
1276 2507 1328 2534 plus
1345 2508 1384 2528 aut
1400 2506 1476 2528 mInus
1488 2507 1594 2528 contrarii
1611 2506 1683 2532 inest,
1707 2507 1729 2527 et
1751 2510 1802 2527 uon.
1821 2505 1847 2526 Et
1862 2504 1895 2526 lll.

1022 2540 1025 2548 ’
1052 2547 1110 2575 Τορ.
1121 2553 1139 2569 c.
1159 2546 1178 2568 4.
1196 2547 1255 2568 circa
1273 2545 1376 2568 medium
1395 2544 1423 2573 (e.
1436 2545 1483 2573 5.):
1506 2545 1531 2567 Et
1542 2551 1601 2573 quae
1613 2544 1732 2567 contrariis
1748 2546 1800 2566 sunt
1811 2544 1896 2571 imper-

1022 2579 1025 2596 1

153 2623 230 2645 dinem
247 2623 296 2645 sivo
314 2629 388 2651 neque
411 2624 485 2645 maius
511 2629 584 2652 nequo
611 2625 694 2646 minus.
720 2636 752 2641 —
776 2624 824 2646 Mox
851 2624 901 2646 cod.
928 2625 946 2649 Τ
963 2626 998 2647 est
1022 2615 1025 2642 Ῐ

154 2661 203 2683 loco
221 2661 271 2684 etit.

216 2700 225 2715 ⁶
243 2701 327 2722 :luctor
345 2700 394 2722 libr.
414 2701 441 2722 tle
467 2700 557 2729 slausis7
585 2707 677 2729 propos.
708 2701 748 2723 17:
771 2701 850 2723 Omnis
875 2702 910 2723 ris
935 2702 995 2723 unita

156 2740 206 2767 plus
223 2743 254 2762 ost
274 2740 373 2763 intinita.
392 2746 460 2768 quam
479 2741 552 2762 virtus
568 2740 724 2768 multiplicata.
741 2740 785 2763 Cir.
803 2741 871 2763 etiam
896 2741 996 2768 Dionys.y

153 2778 183 2800 dr
201 2778 250 2800 Div.
269 2779 333 2801 Nom.
351 2785 370 2801 (·.
390 2779 410 2801 5.

217 2817 226 2832 ⁷
245 2817 301 2840 Vide
319 2818 422 2844 Aristot.⁷
441 2818 485 2839 Vll.
505 2818 600 2845 Mctaph.
618 2821 670 2840 text.
689 2817 724 2840 49.
743 2819 788 2843 (Vl.
806 2824 825 2840 c.
843 2818 884 2846 13.)
896 2824 900 2840 1
914 2819 998 2846 impos-

1024 2743 1025 2767 }
1053 2739 1097 2762 Cfr.
1115 2740 1183 2761 etiam
1201 2738 1314 2760 Euchirid.
1333 2744 1351 2760 ο.
1374 2738 1422 2760 tsi.
1440 2745 1461 2760 ιι.
1480 2738 1521 2765 3-2,

155 2855 220 2878 sibile
236 2857 297 2878 enini
309 2860 353 2884 est.
366 2856 515 2878 substantiam
533 2862 560 2878 ex
577 2856 708 2879 substantiis
724 2863 775 2879 esse
785 2875 790 2882 ,
807 2863 866 2885 quae
878 2858 910 2879 sic
922 2858 999 2879 insunt
1024 2866 1026 2877 t

157 2897 179 2916 ut
197 2897 262 2917 actu:
281 2901 340 2923 quae
358 2896 419 2916 enim
436 2895 482 2917 duo
500 2896 532 2917 sic
549 2898 598 2917 actu
617 2898 683 2921 sunt,
703 2901 819 2924 uunquam
847 2902 918 2917 unum
946 2898 996 2918 actu

1052 2587 1169 2613 mixtiora,
1187 2586 1261 2613 magis
1278 2585 1340 2612 ta11a3
1359 2588 1383 2607 ut
1400 2585 1474 2607 albius
1491 2584 1585 2613 quidem
1603 2584 1668 2611 nigro
1685 2583 1859 2611 impermixtius.

1116 2624 1135 2638 ¹2
1152 2624 1245 2652 Quaest.
1263 2624 1307 2645 36:
1326 2623 1493 2646 Nutrimentum
1505 2623 1555 2645 eius
1567 2621 1685 2650 (caritatis)
1711 2624 1744 2643 est
1768 2621 1897 2643 imminutio

1053 2663 1198 2691 cupiditatis:
1216 2662 1340 2689 perfectio,
1358 2662 1418 2684 nulla
1435 2661 1555 2689 cupiditas.
1572 2673 1604 2677 —
1620 2661 1646 2682 Et
1662 2660 1731 2688 paulo
1748 2662 1813 2688 post:
1833 2660 1896 2688 Quis-

1053 2702 1105 2730 quis
1123 2701 1191 2728 igitur
1208 2706 1258 2722 cain
1280 2700 1365 2721 nutrire
1391 2699 1452 2727 vult,
1478 2700 1544 2721 instet
1570 2698 1700 2720 minuendis
1724 2697 1896 2725 cupiditatibus.

1539 2737 1578 2759 ubi
1600 2737 1671 2759 (licitz
1697 2737 1803 2758 Minuitur
1819 2738 1895 2758 autem

1053 2778 1181 2806 cupiditas,
1200 2777 1291 2799 caritate
1309 2780 1430 2799 crescente.

1117 2816 1135 2831 ¹3
1153 2817 1257 2839 Plurimis
1275 2822 1329 2838 mss.
1347 2822 1399 2838 cum
1417 2815 1453 2837 etl.
1474 2815 1480 2836 l
1504 2814 1682 2843 postulantibus,
1696 2814 1817 2841 posuimus
1842 2819 1896 2843 qim-

1054 2856 1119 2880 m‘um
1136 2856 1186 2878 loco
1202 2854 1266 2885 quia.

1117 2893 1135 2909 Η
1153 2894 1239 2921 Supple
1258 2899 1310 2915 eum
1329 2893 1379 2915 eod.
1399 2893 1416 2914 Y
1434 2892 1563 2915 raritatem.
