2253 3317
772 159 804 188 IN
825 159 843 187 1.
866 157 988 187 LIBRUM
1010 157 1268 189 SENTENTIARUM.

151 243 172 261 et
194 240 216 261 in
240 238 345 261 distincto
367 238 485 260 volumine
507 238 597 266 scripta.
621 238 674 260 Mira
696 240 771 259 tamen
794 239 827 259 est
849 236 993 265 hypothesis,

151 291 221 313 quam
238 284 299 307 idem
317 284 390 307 editor
413 285 434 306 in
452 284 591 312 praefatione
613 283 642 305 ad
661 283 676 305 l.
700 286 788 305 tomum
811 288 866 305 suae
890 281 995 304 editionis

152 332 247 360 protert,
265 331 327 360 quod
345 332 429 354 scilieet
445 331 628 354 Commentarius
645 330 667 352 S.
685 330 857 355 Bonaventuiae
879 329 995 357 duplicem

151 385 244 402 cursum
261 379 416 407 theologicum
434 378 555 405 contineat,
574 383 674 406 quorum
698 377 787 405 primus
803 382 846 404 pro
871 375 995 404 incipienti-

150 426 195 448 bus
208 428 293 447 textum
303 424 402 453 Magistri
414 425 461 446 istis
472 424 549 446 dubiis
560 423 693 446 litteralibus
703 423 860 451 explicaverit,
872 423 928 445 alter
939 428 995 445 vero

150 473 229 499 postea
246 472 363 499 provectis
379 471 401 493 in
414 470 515 493 doctrina
534 471 679 499 quaestiones
692 469 853 497 profundiores
868 475 996 498 proposue-

152 519 185 540 rit.
203 518 266 540 Hanc
284 518 466 545 suppositionem
484 517 545 539 omni
563 522 642 539 carere
664 516 823 543 fundamento,
840 516 905 538 facile
921 515 995 538 editor

151 564 297 591 percepisset,
306 563 323 585 si
336 563 471 591 inspexisset
479 562 659 585 Commentarios
671 563 768 585 allorum
777 562 923 590 antiquorum
936 567 959 583 v.
972 567 994 589 g.

150 609 172 631 S.
194 609 307 637 'rhomae,
327 609 385 632 Petri
405 616 417 632 a
437 609 582 637 Tarantasia,
596 608 701 631 Richardi
718 614 730 630 a
742 608 880 635 lllediavilla,
892 607 931 636 qui
944 610 996 635 post

152 657 231 685 longas
248 656 393 686 quaestiones
414 655 551 678 brevissime
571 655 647 684 aliqua
669 654 739 677 dubia
754 654 813 677 circa
834 654 930 676 litteram
953 653 995 675 Ma-

151 704 214 731 gistri
231 703 349 731 explicant.
368 702 424 725 Hinc
441 704 513 730 patet,
531 708 602 730 pauca
614 701 656 724 -illa
668 701 740 724 verba
757 700 930 730 quaestionibus
946 707 995 723 suc-

150 750 252 772 cedentia
270 755 314 772 non
333 755 400 777 posse
417 748 526 777 appellari
544 749 646 776 primum
662 754 757 771 cursum
775 748 909 776 theologiae.
926 747 995 769 Diffu—

151 797 209 819 siora
227 796 321 825 quidem
339 796 476 824 plerumque
487 797 541 817 sunt
556 795 597 817 ista
609 793 680 816 dubia
692 794 755 822 apud
767 794 789 816 S.
799 794 995 822 Bonaventuram,

151 843 192 865 sed
204 849 249 865 non
267 845 364 871 possunt
380 848 430 865 csse
447 842 536 870 primus
548 847 629 863 cursus
646 847 689 869 pro
701 840 868 869 incipientibus,
881 842 929 862 tum
941 840 995 869 quia

152 891 172 911 in
186 889 305 912 codicibus
316 889 396 912 ordine
413 889 455 911 loci
468 890 596 917 sequuntur
612 888 682 915 illum,
696 893 764 916 quem
782 888 819 909 hic
830 887 903 910 editor
914 892 995 911 secem-

151 936 208 959 detm
219 942 314 958 cursum
326 935 430 963 appellat,
440 937 488 957 tum
498 935 558 964 quia,
569 934 659 957 citando
671 940 740 961 saepe
751 933 914 962 praecedentes
925 940 995 962 quae-

152 983 236 1005 stiones
252 988 378 1010 earumque
398 980 529 1010 doctrinam
542 980 702 1009 supponendo,
719 980 768 1002 illas
784 980 829 1001 iam
847 979 915 1001 lectas
931 985 994 1008 prae·

152 1030 292 1056 supponunt.
309 1027 359 1055 Quo
371 1027 405 1055 fit,
423 1031 448 1049 ut
463 1027 600 1056 plerumque
618 1027 674 1049 haec
691 1025 761 1049 dubia
773 1026 898 1049 difficiliora
910 1026 954 1048 sint
966 1025 994 1047 ad

153 1074 323 1102 intelligendum
341 1080 411 1103 quam
428 1075 491 1102 ipsae
509 1074 660 1103 quaestiones.

216 1121 243 1143 Ut
259 1123 335 1143 autem
352 1120 433 1143 melius
450 1121 471 1142 in
484 1120 582 1143 editione
599 1123 645 1142 tres
656 1119 818 1142 Commentarii
833 1123 919 1148 partes,
938 1125 995 1148 quas

152 1173 319 1190 commemorax
327 1168 396 1195 imus,
410 1167 481 1189 oculis
493 1167 616 1194 legentium
634 1168 770 1194 appareant,
783 1165 909 1188 adiecimus
920 1166 995 1188 titulos

152 1214 330 1242 superscriptos:
342 1212 424 1236 divisio
436 1214 526 1241 temtus,
540 1212 649 1235 tractatio
661 1211 837 1241 quoestioumn,
848 1210 919 1234 dubio
931 1210 996 1235 circa

153 1260 256 1283 titteram
272 1259 388 1290 Maqtstrz‘.

214 1353 228 1382 S
246 1354 266 1376 3.
289 1353 321 1376 De
342 1352 396 1376 oties
416 1352 526 1376 subsidiis
546 1353 655 1375 nostram
676 1351 799 1375 editionem
819 1350 995 1374 illustrantibus

152 1399 209 1422 hoec
224 1397 368 1422 subiicimus.

214 1446 286 1468 Editio
306 1446 424 1473 Vaticana,
445 1451 504 1474 quae
524 1446 545 1467 in
565 1445 609 1467 hoc
628 1447 704 1467 secuta
725 1447 760 1467 est
779 1445 882 1472 proxime
902 1450 994 1472 praece-

152 1494 231 1515 dentes
247 1492 308 1520 edd.,
325 1492 439 1516 ordinarie
455 1493 572 1515 citationes
588 1493 610 1514 S.
628 1492 759 1520 Scripturae
775 1495 798 1514 et
814 1492 917 1519 Pau-um,
935 1498 995 1520 quae

153 1541 174 1561 in
191 1541 242 1568 ipso
263 1541 323 1562 textu
344 1540 431 1567 positae
451 1541 526 1567 erant,
548 1538 577 1561 ad
599 1540 727 1567 marginem
750 1539 833 1561 reiecit.
854 1538 898 1560 Nos
918 1540 994 1560 autem

153 1586 298 1614 reposuimus
314 1586 336 1607 in
354 1587 439 1607 textum
456 1591 537 1607 omnes
554 1585 626 1613 locos,
644 1590 702 1614 quos
719 1584 847 1607 secundum
864 1584 955 1607 codices
972 1585 993 1606 in

153 1633 203 1660 ipso
212 1635 271 1655 textu
281 1632 303 1654 S.
316 1632 488 1655 Bonaventurae
500 1632 586 1660 positos
598 1632 734 1654 invenimus.
747 1631 873 1653 Plurimum
886 1631 995 1659 temporis

152 1683 174 1701 et
186 1678 270 1702 laboris
287 1680 456 1702 consumsimus
476 1680 497 1701 in
518 1678 659 1707 reperiendis
670 1678 844 1701 etconserendis
861 1678 995 1700 auctoritati-

153 1726 207 1754 bus,
225 1732 284 1755 quae
295 1726 331 1748 vel
349 1725 378 1748 ab
395 1726 445 1753 ipso
458 1726 479 1747 S.
492 1725 588 1747 Doctore
600 1726 686 1753 passim
703 1725 836 1753 laudantur,
853 1725 889 1747 vel
902 1725 931 1747 ab
945 1725 995 1753 ipso

152 1775 322 1800 supponuntur,
339 1771 375 1793 vel
393 1772 414 1793 in
437 1772 519 1793 nostris
536 1771 631 1793 Scholiis
651 1773 673 1792 et
695 1771 753 1793 notis
777 1771 880 1793 citantur.
904 1770 993 1793 Nullum

153 1819 228 1841 locum
245 1818 377 1846 citavimus,
395 1824 464 1847 quem
482 1818 524 1845 ipsi
542 1823 586 1839 non
604 1817 759 1845 inspeximus,
778 1817 818 1839 nisi
831 1818 910 1845 paucis
926 1818 948 1839 in
966 1817 995 1839 lo-

153 1866 195 1893 cis,
213 1864 265 1893 ubi,
282 1864 401 1887 deficiente
418 1870 495 1892 opere,
514 1864 582 1886 tidem
600 1864 696 1886 alienam
713 1870 820 1891 expresse
837 1864 994 1891 allegavimus.

153 1911 199 1933 Hoc
216 1915 320 1933 nostrum
341 1910 443 1933 studium
461 1911 532 1932 doctis
557 1911 625 1937 viris,
643 1911 683 1939 qui
701 1909 820 1932 nobiscum
843 1909 888 1932 fide
905 1910 994 1932 illarum

152 1958 296 1985 citationum,
314 1963 374 1986 quac
391 1963 403 1979 a
426 1957 522 1979 saeculis
539 1956 567 1978 de
584 1956 642 1978 libro
654 1957 675 1978 in
693 1955 776 1978 librum
793 1957 994 1984 transmigrarunt,

152 2010 221 2031 saepe
234 2010 258 2025 se
270 2003 379 2031 deceptos
396 2009 446 2025 esse
463 2002 598 2029 doluerunt,
615 2003 769 2030 gratissimum
783 2009 833 2025 esse
850 2002 994 2025 confidimus.

154 2051 248 2072 Veniam
266 2050 334 2072 etiam
351 2049 449 2077 dabunt,
467 2050 485 2071 si
503 2049 580 2077 nobis,
598 2048 698 2071 adhibita
715 2050 784 2071 etiam
801 2055 884 2077 magna
902 2049 995 2078 diligen—

152 2098 194 2125 tia,
212 2102 276 2119 error
292 2096 407 2118 interdum
424 2097 473 2118 sivo
490 2097 511 2118 in
525 2096 623 2118 notando
641 2096 690 2118 sive
706 2096 727 2118 in
746 2096 891 2124 intelligendo
908 2097 956 2119 sive
973 2097 994 2119 in

153 2143 324 2166 transcribendo
341 2143 417 2172 aliquo
435 2144 484 2165 loco
502 2142 635 2171 obrepserit.
653 2143 701 2165 Hoc
717 2143 739 2165 in
761 2144 842 2171 primis
859 2144 927 2165 huius
944 2143 994 2166 libri

152 2189 336 2212 distinctionibus
353 2189 440 2212 facilius
460 2189 563 2212 accidere
588 2191 661 2218 potuit
680 2196 750 2219 quam
776 2191 798 2212 in
816 2190 994 2218 posterioribus,

153 2242 179 2258 cx
198 2242 244 2264 quo
262 2237 283 2257 in
302 2236 359 2258 soliis
376 2236 420 2258 iam
438 2237 497 2264 typis
510 2237 642 2265 compositis
660 2238 705 2259 sere
723 2243 803 2260 omncs
825 2237 887 2260 locos
904 2238 925 2259 in
947 2238 994 2260 suis

153 2282 252 2305 sontibus
269 2282 345 2305 denuo
366 2283 513 2311 inspeximus.
532 2283 611 2306 lilultos
628 2289 682 2306 sane
707 2284 769 2306 locos
795 2284 931 2313 invenimus,
955 2285 993 2313 qui

153 2331 272 2358 hucusque
296 2330 364 2352 etiam
381 2329 410 2352 ab
431 2330 527 2352 aliorum
550 2330 767 2352 commentariorum
792 2330 813 2352 in
837 2329 993 2352 Lombardum

152 2376 278 2399 editoribus
294 2377 331 2398 vel
351 2377 444 2398 omnino
461 2377 552 2399 suerunt
569 2377 676 2405 neglecti,
697 2377 733 2399 vel
753 2377 809 2399 salso
829 2378 903 2405 citati;
926 2378 993 2405 pauci

152 2426 238 2445 tantum
256 2429 348 2445 omnem
366 2425 465 2445 nostram
481 2423 621 2451 diligentiam
638 2424 773 2451 effugerunt.

215 2470 276 2492 Licet
292 2469 376 2492 Doctor
387 2470 525 2498 Seraphieus
537 2471 558 2491 in
576 2470 698 2492 tractandis
709 2470 882 2499 quaestionibus
897 2471 994 2498 philoso-

154 2516 226 2542 phicis
243 2516 271 2537 sit
292 2515 360 2537 valde
382 2515 485 2543 sobrius,
508 2516 605 2544 plurima
629 2519 703 2538 tamen
727 2516 883 2544 philosophica
905 2518 926 2539 in
951 2518 994 2540 hoc

152 2560 321 2583 Commentario
338 2560 455 2590 supponit,
475 2564 499 2583 ut
510 2562 555 2583 iam
572 2562 594 2583 in
612 2562 750 2584 Praefatione
770 2563 869 2590 generali
887 2563 994 2586 observa-

153 2609 236 2630 vimus.
255 2607 276 2629 ln
297 2607 405 2629 omnibus
427 2609 569 2635 argumentis
585 2614 611 2630 ex
632 2608 724 2631 ratione
744 2610 826 2632 sumtis
847 2610 993 2633 fundamenta

152 2661 233 2677 mrum
245 2661 272 2676 ex
289 2655 386 2682 receptis
397 2655 432 2676 illa
450 2657 521 2677 aetate
532 2648 715 2685 definitionibus,
730 2655 901 2685 axiomatibus,
916 2656 994 2680 distin-

152 2699 267 2723 clionibus
275 2700 346 2728 affert,
356 2701 410 2728 quin
419 2701 552 2728 saepissime
563 2700 647 2723 fontem
657 2707 737 2724 eorum
746 2704 769 2724 et
779 2703 890 2730 originem
903 2702 993 2725 indicet.

154 2747 310 2774 Philosophiae
327 2747 435 2769 studiosis
452 2749 541 2775 gratum
555 2753 605 2769 esse
622 2751 741 2776 putamus,
760 2748 823 2777 quod
834 2749 929 2771 multam
941 2756 994 2777 ope-

153 2799 201 2815 ram
211 2793 373 2815 contulerimus
385 2792 515 2821 indagando
527 2794 638 2822 originem
648 2794 684 2816 vel
694 2795 773 2817 saltem
785 2796 882 2823 primani
893 2796 993 2818 radicem

153 2840 234 2861 harum
246 2840 418 2868 auctoritatum,
436 2846 495 2868 quae
513 2840 649 2869 plerumque
666 2842 687 2862 in
707 2842 797 2869 scriptis
816 2842 939 2864 Aristotelis
957 2843 992 2865 vel

153 2889 356 2909 commentatorum
374 2887 478 2908 eiusdem
496 2887 639 2915 quaerendae
656 2891 727 2910 erant.

215 2932 295 2960 Quoad
303 2932 406 2960 Scholt'a,
417 2933 513 2961 singulis
525 2933 697 2961 quaestionibus
706 2940 717 2955 a
727 2933 793 2956 nobis
805 2934 888 2963 addita,
899 2936 925 2957 iis
934 2942 993 2964 quae

341 2974 364 2998 S.
382 2975 470 2998 Honor.
486 2987 518 2991 —
535 2975 553 2997 T
555 2981 600 2997 om.
618 2975 633 2997 l.

1794 162 1893 191 LXXXI

1051 242 1120 264 supra
1133 237 1155 258 in
1168 236 1308 260 Praelatione
1320 239 1419 266 generali
1437 238 1546 267 diximUS,
1564 240 1620 261 haec
1637 239 1801 262 subnectimus.
1819 240 1896 268 impri-

1051 283 1094 305 mis
1111 282 1233 306 cem‘tatem
1249 286 1271 306 et
1286 284 1416 314 qenuinom
1432 284 1648 314 interpretationem
1658 286 1774 314 seraphici
1792 286 1897 309 Doctoris

1051 329 1183 352 sectandam
1205 330 1272 353 nobis
1294 337 1344 353 csse
1361 332 1504 359 censuimus,
1527 334 1638 360 quantum
1661 332 1722 354 Deus
1745 332 1844 361 dederit,
1868 339 1895 355 ne

1051 382 1077 398 ex
1103 378 1276 405 praeconceptis
1299 378 1429 400 scholarum
1455 378 1601 406 opinionibus
1625 379 1722 401 alienam
1739 379 1775 401 vel
1793 382 1896 401 nostram

1051 423 1185 445 sententiam
1197 422 1315 446 arbitr-arie
1328 427 1405 446 nostro
1416 424 1507 446 Doctori
1519 424 1675 447 subiiciamus.
1693 425 1742 447 lure
1754 428 1830 447 autem
1842 431 1896 448 con-

1051 469 1155 497 queritur
1171 469 1194 491 Ρ.
1211 469 1398 492 Bartholomaeus
1415 476 1427 492 a
1450 470 1563 493 Barberiis
1578 470 1632 494 Ord.
1649 470 1756 500 Capucc.,
1769 472 1790 493 in
1808 472 1895 494 Praeta-

1051 516 1111 538 tione
1127 516 1163 538 sui
1180 522 1261 538 cursus
1278 516 1409 544 theologici,
1426 522 1506 539 omnes
1523 520 1724 546 commentatores,
1742 522 1837 546 excepto
1849 524 1895 541 uno

1052 562 1162 584 Matthaeo
1179 562 1273 585 Ferchio
1285 562 1338 585 Ord.
1358 563 1407 584 Min.
1420 562 1577 592 Conventual.‚
1590 572 1599 583 ιι
1612 569 1667 586 vere
1679 558 1812 587 fidelissimo
1823 564 1895 587 Bona—

1052 609 1175 630 venturista
1186 616 1195 628 n
1206 626 1211 636 ,
1228 608 1377 636 Seraphicum
1394 609 1515 631 Doctorem
1538 609 1827 638 plerumqueflpertraxisse
1843 611 1895 638 plus

1053 655 1158 677 minusve
1182 663 1192 674 «ι
1206 655 1234 677 ad
1255 658 1331 683 partes
1355 656 1391 678 vel
1415 656 1585 678 Themistarum
1609 656 1644 679 vel
1667 657 1814 679 Scotistarum
1834 658 1894 680 iuxta

1051 702 1153 724 cuiusvis
1170 703 1348 730 propensionem
1361 709 1477 732 meosque
1494 706 1561 726 vocat
1572 710 1616 726 non
1634 708 1835 733 commentatores,
1853 705 1894 728 sed

1052 748 1197 770 adversarios
1213 747 1330 771 doctrinae
1347 750 1490 778 Seraphicae.
1502 763 1534 767 —
1549 749 1654 773 Ceterum
1672 752 1694 773 in
1717 751 1894 779 interpretandis

1052 794 1106 817 locis
1123 794 1288 817 difficilioribus
1304 798 1327 817 et
1343 795 1448 818 obscuris
1463 797 1530 818 etiam
1548 797 1645 820 invitum
1663 797 1684 819 in
1703 797 1768 819 talem
1791 803 1894 821 errorem

1051 842 1151 865 incidere
1163 848 1242 870 posse,
1256 843 1400 865 manifestum
1417 846 1458 866 est.
1480 844 1519 866 Vel
1541 845 1590 872 ipse
1603 844 1624 866 l).
1640 844 1714 866 Barth.
1727 844 1755 866 de
1768 844 1892 871 Barbcriis,

1051 889 1102 911 licet
1118 890 1139 911 in
1165 889 1255 918 scriptis
1277 889 1299 911 S.
1316 889 1420 912 Doctoris
1437 890 1575 918 quotidianis
1597 891 1762 919 quinquaginta
1780 897 1893 913 annorum

1051 935 1142 964 studiis,
1161 939 1184 958 ut
1196 937 1245 964 ipsc
1257 939 1356 964 testatur,
1374 940 1500 964 occupatus
1516 940 1538 959 ct
1555 937 1576 959 in
1588 938 1621 959 eis
1639 938 1807 960 versatissimus
1826 940 1894 967 atque

1050 983 1161 1010 veritatis,
1179 985 1204 1005 ut
1214 983 1315 1011 videtur,
1328 983 1519 1011 studiosissimus,
1531 983 1650 1011 scopulum
1663 984 1737 1012 illum,
1750 987 1774 1007 ut
1791 985 1825 1007 sui
1837 987 1895 1007 tem-

1051 1029 1113 1057 poris
1125 1030 1244 1057 opiniones
1254 1030 1275 1051 S.
1288 1029 1461 1052 Bonaventurae
1473 1029 1611 1058 attribueret,
1625 1036 1668 1052 non
1681 1031 1774 1053 omnino
1786 1031 1894 1059 effugisse

1051 1075 1117 1098 nobis
1133 1075 1231 1098 videtur.
1250 1076 1303 1098 inde
1329 1079 1353 1098 ut
1369 1082 1396 1098 eo
1419 1077 1507 1098 cautius
1524 1076 1713 1104 procederemus,
1737 1083 1781 1099 non
1807 1080 1894 1100 tantum

1051 1122 1080 1145 ad
1096 1123 1173 1150 ipsum
1195 1122 1217 1144 S.
1241 1123 1440 1151 ssonaventuram,
1463 1123 1503 1145 sed
1529 1124 1596 1145 etiam
1614 1122 1643 1145 ad
1666 1129 1734 1145 suum
1756 1124 1892 1152 magistrum

1051 1169 1202 1192 Alexandrum
1220 1169 1339 1192 Halensem
1363 1172 1384 1192 et
1400 1169 1430 1192 ad
1452 1170 1507 1192 alios
1524 1170 1665 1197 synchronos
1682 1171 1805 1199 scriptores
1828 1171 1894 1194 nohis

1051 1215 1217 1238 recurrendum
1229 1222 1279 1238 esse
1291 1217 1433 1244 putarimus,
1448 1219 1472 1239 ut
1483 1217 1570 1239 facilius
1582 1223 1661 1239 veram
1673 1218 1806 1240 sententiam
1819 1221 1895 1241 aucto-

1051 1263 1082 1285 ris
1099 1263 1170 1285 nostri
1186 1269 1369 1291 assequeremur.
1382 1264 1440 1286 lnter
1451 1264 1493 1286 hos
1509 1264 1610 1286 eminent
1626 1264 1705 1287 Petrus
1718 1271 1729 1286 a
1749 1265 1892 1293 Tarantasia‚

1051 1309 1139 1332 amicus
1156 1310 1177 1331 S.
1195 1310 1379 1337 Bonaventurae,
1402 1311 1441 1339 qui
1458 1311 1479 1332 in
1498 1316 1540 1332 suo
1556 1310 1725 1333 Commentario
1747 1312 1768 1334 in
1786 1311 1893 1334 Lombar—

1052 1354 1120 1384 dum,
1138 1356 1255 1378 manifeste
1267 1356 1371 1384 plurimis
1387 1357 1409 1378 in
1422 1356 1477 1378 locis
1494 1356 1515 1378 S.
1534 1357 1618 1379 Bonav.
1639 1358 1753 1386 sequitur,
1771 1357 1795 1379 Β.
1813 1357 1892 1379 Alber-

1051 1405 1087 1425 tus
1104 1402 1138 1429 M„
1156 1402 1178 1424 S.
1196 1402 1297 1425 Thomas
1314 1406 1335 1425 et
1352 1409 1378 1425 ex
1397 1404 1478 1425 nostris
1495 1406 1584 1431 praeter
1601 1403 1753 1425 Alexandrum
1769 1405 1893 1431 praecipue

1051 1448 1178 1470 Richardus
1194 1454 1206 1470 a
1225 1448 1349 1471 Mediax-illa
1372 1452 1394 1471 et
1411 1449 1499 1472 Scottis.
1522 1449 1614 1472 Multum
1633 1450 1698 1472 nobis
1719 1452 1803 1478 profuit
1825 1452 1893 1473 etiam

1051 1501 1111 1522 opus
1122 1494 1156 1517 Fr.
1169 1495 1272 1517 Bruliseri
1285 1501 1296 1517 a
1314 1496 1362 1517 suis
1374 1495 1492 1523 discipulis
1509 1498 1663 1523 reportatum;
1676 1502 1718 1518 nec
1735 1502 1779 1519 non
1792 1498 1813 1519 in
1827 1504 1894 1526 quae-

1051 1541 1163 1563 stionibus
1173 1540 1202 1563 de
1215 1541 1261 1563 Deo
1272 1547 1320 1564 uno
1330 1542 1424 1563 Summa
1437 1542 1473 1564 illa
1486 1542 1507 1563 P.
1521 1542 1619 1570 Trigosi,
1632 1545 1653 1564 et
1665 1544 1686 1564 in
1699 1543 1747 1565 aliis
1759 1544 1895 1572 quaestioni—

1051 1588 1095 1610 bus
1106 1594 1166 1617 opus
1184 1589 1206 1611 P.
1224 1589 1307 1611 Forcsti
1326 1589 1354 1611 de
1366 1589 1482 1612 Trinitate.
1499 1589 1593 1611 Librum
1607 1590 1629 1611 Ρ.
1648 1590 1722 1612 Barth.
1740 1590 1767 1612 de
1781 1590 1895 1613 Barberiis

1051 1641 1096 1657 non
1114 1637 1252 1664 accepimus,
1273 1636 1314 1658 nisi
1326 1638 1448 1664 postquam
1470 1636 1557 1658 Scholia
1576 1637 1597 1658 in
1610 1636 1624 1658 l,
1643 1636 1726 1658 librum
1749 1638 1793 1659 iam
1811 1638 1893 1665 scripta

1051 1685 1124 1710 erant;
1143 1682 1257 1704 interdum
1275 1685 1350 1705 tarncn
1368 1689 1396 1704 eo
1413 1683 1448 1705 usi
1466 1688 1553 1705 sumus.

1113 1729 1220 1752 Ceterum
1231 1730 1253 1751 iu
1266 1730 1301 1752 his
1318 1730 1399 1752 nostris
1411 1730 1506 1752 Scholiis
1523 1731 1616 1752 minime
1629 1731 1823 1759 praesumsimus,
1839 1732 1894 1754 viris

1051 1778 1072 1799 in
1091 1777 1193 1799 doctrina
1210 1777 1336 1805 theologica
1348 1778 1512 1799 consummatis
1529 1777 1614 1806 aliquid
1626 1784 1765 1806 proponere,
1784 1778 1847 1806 quod
1859 1785 1895 1801 eo-

1052 1829 1103 1845 rum
1121 1823 1241 1845 attentione
1264 1824 1292 1845 sit
1310 1822 1414 1851 dignum.
1433 1823 1502 1845 Etiam
1520 1830 1532 1845 a
1550 1825 1711 1846 controversiis
1730 1824 1893 1853 diiudicandis,

1051 1870 1172 1898 profundis
1194 1861 1307 1898 mysteriis
1329 1871 1510 1899 perscrutandis,
1534 1871 1607 1899 longis
1629 1872 1741 1900 apologiis
1767 1872 1895 1895 scribendis

1051 1917 1215 1943 abstinuimus,
1238 1917 1414 1944 sapientioribus
1435 1924 1461 1939 ea
1483 1918 1640 1946 relinquendo,
1663 1918 1719 1940 Nam
1741 1919 1794 1941 nihil
1817 1920 1894 1941 animo

1051 1963 1190 1986 intendimus
1202 1964 1243 1985 nisi
1256 1969 1282 1985 ea
1294 1963 1407 1991 proferre,
1420 1970 1479 1992 quae
1492 1965 1542 1986 usui
1554 1970 1604 1986 esse
1614 1965 1701 1992 possint
1712 1964 1813 1987 studium
1826 1966 1894 1988 huius

1051 2009 1212 2032 Commentarii
1229 2009 1397 2039 incipientibus.

1114 2056 1264 2078 Tentavimus
1280 2059 1357 2078 autem
1378 2062 1421 2084 pro
1438 2055 1526 2078 viribus
1543 2057 1609 2078 etiam
1627 2056 1772 2079 difficillimos
1788 2063 1893 2085 quosque

1051 2102 1113 2125 locos
1129 2102 1258 2130 explanare.
1282 2101 1397 2124 Interdum
1423 2105 1499 2124 autem
1521 2102 1615 2124 sortasse
1632 2103 1654 2124 in
1677 2102 1816 2125 facilioribus
1837 2104 1896 2126 locis

1050 2149 1190 2177 explicandis
1206 2148 1387 2176 abundavimus3
1411 2149 1559 2176 peceaximus
1580 2152 1656 2171 autem
1678 2151 1731 2171 tunc.
1753 2150 1773 2172 iu
1797 2151 1893 2178 gratiam

1051 2195 1151 2223 lectoris,
1169 2201 1238 2223 quem
1256 2194 1357 2218 breviter
1374 2196 1485 2217 instruere
1507 2196 1551 2217 iam
1576 2196 1684 2218 scientem
1706 2196 1782 2218 minus
1804 2196 1896 2219 videtur

1050 2240 1236 2269 incommodum,
1255 2247 1325 2269 quam
1343 2241 1460 2269 negligere
1477 2242 1622 2264 nescientem.

1113 2287 1135 2308 ln
1145 2286 1189 2308 tine
1199 2286 1341 2308 scholiorum
1352 2287 1503 2314 apposuimus
1512 2288 1689 2315 praecipuorum
1702 2288 1892 2310 Scholasticorum

1051 2333 1112 2355 locos
1129 2333 1273 2360 praecedenti
1290 2334 1416 2362 quaestioni
1433 2333 1454 2355 S.
1473 2333 1557 2355 Bonav.
1579 2334 1750 2361 respondentes.
1769 2334 1830 2356 idem
1848 2335 1892 2356 iam

1051 2380 1102 2402 iecit
1113 2379 1182 2401 editio
1192 2379 1311 2406 Vaticana,
1324 2379 1389 2401 cuius
1396 2382 1470 2401 tamen
1481 2380 1596 2401 citationes
1607 2380 1741 2407 saepissime
1753 2381 1892 2402 correximus

1050 2430 1072 2449 et
1088 2426 1249 2454 supplevimus
1265 2425 1372 2448 addendo
1384 2426 1439 2448 alios
1456 2430 1567 2449 auctores.
1580 2426 1671 2449 Constat
1688 2430 1774 2455 autem,
1796 2434 1893 2455 magnos

1051 2473 1099 2496 illos
1116 2474 1199 2496 saeculi
1217 2473 1271 2494 xm.
1286 2473 1408 2500 magistros
1425 2473 1523 2495 invicem
1541 2479 1565 2494 sc
1583 2473 1719 2502 plerumque
1730 2474 1853 2501 explicare,
1871 2477 1893 2496 et

1050 2520 1119 2541 alium
1131 2519 1291 2547 supplemento
1303 2519 1394 2546 explere
1411 2519 1474 2548 quod
1486 2519 1550 2541 deest
1566 2520 1609 2541 alii.
1627 2519 1684 2541 lluic
1695 2524 1814 2542 auctorum
1832 2520 1894 2542 elen-

1050 2567 1093 2588 cho
1102 2565 1229 2588 adiecimus
1239 2566 1307 2587 etiam
1324 2566 1413 2594 aliquos
1429 2566 1579 2587 Scholasticos
1596 2566 1708 2594 sequioris
1726 2567 1803 2588 aetatis
1820 2570 1841 2588 et
1853 2567 1893 2588 mi-

1051 2613 1112 2634 noris
1123 2612 1272 2637 auctoritatis,
1290 2611 1459 2633 utDurandum
1476 2615 1498 2634 et
1509 2611 1636 2633 Gabrielem
1654 2612 1706 2634 Biel.
1721 2612 1747 2634 lli
1759 2613 1819 2635 enim
1837 2614 1894 2641 ipsis

1050 2658 1197 2686 opinionibus
1215 2658 1263 2680 suis
1280 2664 1324 2680 non
1342 2657 1501 2685 probabilibus
1520 2661 1542 2679 et
1561 2658 1686 2680 rationibus
1703 2659 1894 2682 insufficientibus

1050 2706 1144 2733 sapienti
1162 2705 1238 2727 lectori
1256 2704 1285 2726 ad
1302 2705 1420 2726 xeritatem
1446 2704 1572 2726 distinctius
1596 2704 1765 2732 intelligendam
1790 2712 1891 2728 nonnun-

1049 2758 1119 2781 quam
1137 2751 1222 2780 aliquid
1240 2751 1342 2773 conferre
1354 2754 1456 2778 possunt.
1474 2751 1607 2779 Dionysium
1620 2754 1696 2774 autem
1708 2751 1891 2780 Cartlmsianum,

1050 2798 1133 2820 saeculi
1151 2797 1200 2819 XV.
1219 2797 1343 2825 doctorem,
1362 2797 1413 2819 idco
1431 2797 1607 2825 adscripsimus,
1626 2801 1673 2820 tum
1692 2799 1744 2826 quia
1762 2798 1890 2820 transcribit

1050 2844 1174 2872 perlongos
1192 2844 1253 2866 locos
1271 2844 1317 2865 sere
1334 2844 1437 2865 omnium
1455 2845 1602 2872 antiquorum
1628 2845 1790 2872 magistrorum
1808 2844 1891 2866 saeculi

1050 2890 1105 2917 Xlli,
1122 2891 1189 2912 etiam
1207 2889 1303 2911 ineditos
1321 2889 1356 2918 (ν.
1374 2896 1396 2917 g.
1414 2896 1439 2912 ex
1452 2890 1546 2911 Summa
1564 2889 1687 2918 Uldarici),
1706 2893 1753 2912 tum
1772 2891 1823 2918 quia
1843 2891 1890 2917 ipse

1050 2936 1139 2958 illorum
1156 2936 1302 2964 antiquorum
1324 2936 1428 2963 spiritum
1446 2936 1579 2958 aemulatur.
1597 2935 1724 2958 Notandum
1747 2939 1821 2958 tamen
1844 2938 1890 2963 est,

1666 2979 1703 3000 Xll
