2253 3317
345 147 385 174 Nl.
1097 146 1198 174 mun
1221 146 1304 174 SlXTl
1327 146 1368 175 lv.

343 223 471 269 spiritu
497 223 686 269 sapientiae
712 226 742 257 et
770 222 960 257 intellectus
985 225 1016 257 et
1041 222 1164 258 stolam
1186 222 1321 270 ρῶν-’(116
1346 222 1464 257 ’ὼῑαῖπίΐ
1490 235 1581 269 eum,
1602 223 1733 269 (Eecli.
1762 225 1819 271 15,
1847 225 1905 271 5.),
1925 229 1963 259 et
1984 238 2088 260 eoro-

342 282 447 316 navit
471 282 518 316 ad
543 286 668 327 portas
695 280 879 327 Paradisi,
907 281 945 315 in
973 293 1047 328 qua
1072 294 1146 316 una
1172 294 1258 316 cum
1284 281 1446 327 Angelis
1471 281 1592 327 gloria
1617 287 1655 317 et
1680 281 1862 318 felicitate
1888 283 2058 318 laetatur.

436 341 455 387 ξ
480 341 511 375 2.
538 339 739 374 Laetemur
763 340 890 386 itaque
917 344 954 374 et
979 339 1205 386 exultemus,
1233 340 1323 386 quia
1340 339 1512 374 caelestis
1537 340 1604 374 illa
1629 341 1732 375 curia
1749 353 1794 375 ex
1820 341 1930 377 nobis
1955 341 2084 389 habet,

343 400 402 433 eni
431 399 479 434 sit
504 411 593 433 eura
618 398 662 432 de
688 398 816 444 nobis,
844 398 910 444 qui
936 398 1013 432 suis
1039 410 1106 433 nos
1132 403 1307 445 protegat
1332 398 1493 445 meritis,
1521 411 1615 445 quos
1641 398 1860 434 informavit
1885 401 2083 447 exemplis,

342 458 574 492 illuminavit
599 457 780 491 doctrinis
806 462 843 491 et
868 457 1060 491 miraculis
1089 456 1346 503 confirmavit3
1374 469 1488 504 quem
1507 456 1610 492 Deus
1636 457 1742 492 dedit
1767 459 1914 493 cunctis
1932 459 2087 505 populis

343 517 380 550 in
406 516 565 560 gloriam
592 520 629 550 et
653 515 851 562 honorem,
880 516 987 550 euius
1013 515 1193 550 memoria
1217 516 1258 550 in
1284 515 1550 551 benedictione
1576 520 1642 551 est.

435 575 454 621 ξ
480 575 511 609 3.
537 574 592 609 Ea
608 586 771 620 namque
798 574 843 608 de
861 574 1001 609 divinis
1018 574 1130 609 rebus
1149 574 1315 620 scripsit,
1343 578 1386 609 ut
1403 574 1441 608 in
1469 587 1512 609 eo
1535 573 1697 621 Spiritus
1723 574 1882 610 Sanctus
1905 575 2085 623 loquutus

342 634 522 668 videatur.
549 633 608 667 Ita
632 633 712 678 pie,
739 632 914 679 religiose
940 637 978 667 et
1003 637 1130 681 sanet-e
1157 633 1274 679 vixit,
1301 637 1344 667 ut
1369 633 1520 679 scriptis
1546 633 1624 668 vita
1649 638 1885 680 congrueret,
1913 639 1951 669 et
1984 635 2085 681 quod

341 692 530 726 scribebat
555 692 706 726 doceret
734 691 920 738 exemplo.
947 691 993 726 In
1023 704 1098 738 quo
1124 704 1271 726 morum
1298 691 1417 726 virtus
1443 695 1480 726 et
1506 691 1700 737 signorum
1733 692 1883 727 claritas
1908 693 1961 727 ita
1985 706 2085 728 com-

341 756 446 797 perta
471 755 542 797 est,
562 755 618 795 ut,
646 750 944 796 congruentibus
962 750 1138 785 maximis
1164 749 1307 784 meritis
1325 762 1368 784 ac
1395 750 1600 796 miraculis,
1620 763 1728 785 verae
1746 751 1956 786 sanctitatis
1981 752 2085 787 testi-

341 810 510 844 monium
534 822 556 844 a
581 809 768 844 militante
794 808 965 844 Ecclesia
989 808 1170 843 debeatur
1195 808 1328 852 eidem.
1973 810 1977 812 “

435 868 453 915 ξ
479 869 510 903 4.
537 867 635 903 Nam
661 881 747 903 cum
773 869 810 902 in
830 867 920 903 flore
947 868 1091 901 virente
1116 867 1339 913 iuventutis,
1359 866 1535 902 humanis
1556 866 1714 902 abiectis
1733 867 1934 915 illecebris,
1955 869 2087 904 divino
2116 872 2121 876 “

340 940 377 962 se
404 927 610 962 addixisset
627 927 795 973 servitio,
822 926 1059 972 Religionem
1078 925 1119 960 B.
1138 924 1345 971 Francisei,
1373 937 1468 972 quae
1487 937 1555 971 per
1579 925 1695 960 ardua
1712 926 1849 973 tendit,
1876 927 2082 975 ingressus,

340 991 486 1020 tantum
506 986 636 1020 sedula
653 986 814 1020 lectione
833 990 871 1019 et
887 985 1037 1020 assidua
1055 984 1220 1019 oratione
1238 983 1418 1030 profecit,
1446 988 1488 1018 ut
1506 997 1593 1019 cum
1612 984 1788 1031 Sapiente
1811 986 1944 1021 merito
1962 986 2086 1021 dicere

340 1050 483 1091 posset:
513 1044 656 1091 Optavi,
684 1047 715 1079 et
739 1043 843 1079 clatus
869 1046 917 1078 est
940 1043 1027 1078 mihi
1052 1055 1168 1078 sensus
1195 1042 1295 1089 (Sap.
1322 1043 1360 1089 7,
1389 1042 1446 1089 7.).

434 1104 453 1150 ξ
478 1105 509 1138 5.
537 1103 781 1138 Illuminatus
806 1102 907 1136 enim
933 1102 981 1136 ab
1019 1115 1080 1149 eo,
1108 1102 1172 1149 qui
1199 1101 1393 1136 illuminat
1424 1114 1573 1137 omnem
1600 1114 1769 1149 sensum,
1802 1103 1867 1149 qui
1893 1102 1977 1150 lux,
2005 1104 2083 1150 via,

342 1163 477 1197 veritas
503 1166 560 1197 est
585 1166 621 1196 et
648 1162 743 1208 vita,
770 1173 978 1208 paucorum
1003 1174 1189 1196 annorum
1218 1161 1340 1207 spatio
1366 1160 1629 1195 incredibilem
1655 1165 1711 1195 est
1735 1161 1931 1196 scientiam
1957 1175 2087 1197 conse·
2113 1193 2116 1196 .

341 1227 495 1268 quutus3
514 1234 583 1255 1100
610 1220 795 1255 talentum
815 1219 887 1255 sibi
906 1232 926 1254 a
944 1219 1110 1255 Domino
1129 1219 1314 1254 creditum
1334 1219 1482 1254 suda-rio
1500 1219 1693 1266 inligavit,
1712 1223 1778 1254 aut
1796 1224 1913 1255 terrae
1930 1220 2086 1268 infodit,

341 1281 404 1314 sed
431 1285 473 1315 ut
499 1280 799 1326 sapientissimus
824 1279 1067 1325 dispensator
1085 1278 1122 1313 in
1152 1291 1392 1313 communem
1417 1278 1624 1313 utilitatem
1649 1279 1847 1313 convertit.
1873 1278 1918 1313 In
1945 1279 2085 1314 celebri

340 1340 440 1373 enim
456 1338 654 1374 Parisiensi
673 1338 873 1384 gynmasio
892 1337 1108 1372 cathedram
1125 1337 1235 1384 rexit,
1256 1336 1322 1371 ubi
1339 1336 1563 1372 abscondita
1580 1336 1858 1384 Scripturarum
1871 1338 2085 1385 enucleans,

341 1411 415 1433 11011
442 1398 563 1433 solum
591 1397 679 1431 viva
712 1409 803 1431 voce
829 1395 974 1442 profuit
1007 1396 1155 1442 multis,
1183 1396 1248 1431 sed
1274 1396 1388 1430 etiam
1422 1395 1587 1442 plurima
1620 1395 1802 1430 librorum
1836 1396 2085 1444 opt-imorum,

340 1462 421 1491 tum
447 1457 486 1491 in
506 1456 619 1491 saeris
636 1456 772 1490 litteris
798 1460 878 1490 tun]
898 1455 936 1489 in
964 1454 1168 1489 maioribus
1195 1454 1377 1500 scientiiS,
1398 1458 1644 1489 monumenta
1660 1454 1828 1501 reliquit,
1848 1467 1944 1501 quae
1961 1460 2087 1490 essent

341 1516 443 1550 omni
470 1520 637 1561 tempore
662 1514 823 1560 posteris
848 1513 1055 1560 profutura.

435 1574 453 1621 ξ
480 1574 510 1609 6.
537 1573 699 1620 Magnus
724 1573 908 1619 doctrina,
936 1585 1011 1607 11011
1038 1572 1160 1607 11111101·
1185 1569 1401 1606 humilitate
1427 1576 1465 1606 et
1482 1572 1581 1606 vitae
1607 1571 1763 1619 meritis,
1791 1584 1904 1619 quem
1921 1572 2086 1607 Alexan-

340 1634 405 1668 der
430 1633 475 1667 de
501 1633 610 1679 Ales,
638 1632 768 1667 doctor
794 1631 1038 1677 clarissimus,
1066 1631 1127 1665 eui
1154 1643 1191 1665 se
1218 1631 1255 1665 in
1283 1630 1528 1677 disciplinam
1553 1634 1707 1665 sanctus
1732 1630 1997 1666 Bonaventura
2013 1636 2086 1666 tra-

340 1693 497 1739 diderat,
517 1696 643 1726 tantae
661 1691 899 1727 innocentiae
924 1704 967 1725 ae
986 1689 1226 1725 columbinae
1244 1689 1502 1736 simplicitatis
1520 1693 1697 1736 expertus
1715 1694 1772 1724 est
1789 1701 1881 1736 esse,
1902 1694 1945 1725 ut
1962 1690 2085 1725 dicere

340 1752 473 1787 solitus
498 1750 629 1797 fuerit,
657 1750 729 1785 sibi
755 1750 894 1795 videri,
922 1749 1023 1796 quod
1049 1749 1087 1783 in
1114 1761 1157 1783 eo
1182 1748 1306 1783 Adam
1331 1761 1527 1795 nunquam
1552 1752 1755 1794 peccasset.

434 1811 453 1857 ξ
479 1811 510 1845 7.
536 1809 698 1856 Magnus
724 1809 837 1843 etiam
864 1809 900 1843 111
930 1807 1070 1843 Ordine
1088 1807 1246 1842 fratrum
1271 1806 1476 1853 Minorum,
1505 1807 1566 1842 0111
1584 1819 1682 1842 unus
1707 1807 1878 1842 onmium
1895 1812 1982 1854 post
1999 1808 2086 1843 bea-

340 1876 422 1905 tum
447 1869 691 1904 Franciscum
716 1868 925 1915 plurimum
951 1866 1105 1913 profuit.
1133 1866 1194 1900 Ad
1211 1867 1292 1901 eius
1317 1866 1419 1900 enim
1437 1865 1697 1912 gubernacula
1721 1870 1876 1901 vocatus
1902 1870 1940 1901 et
1965 1866 2087 1902 Gene-

339 1929 428 1964 ralis
453 1927 639 1974 Minister,
666 1926 830 1962 Domino
847 1926 1074 1973 inspirante,
1102 1931 1262 1972 creatus,
1289 1925 1404 1960 talem
1423 1937 1460 1960 se
1487 1925 1564 1960 suis
1581 1924 1757 1971 praebuit
1782 1924 1957 1972 subditis,
1985 1926 2085 1960 utin

340 1989 406 2023 illo
433 1987 666 2022 dominicum
691 1986 788 2020 illud
814 1985 980 2023 verbum,
999 1985 1189 2019 videretur
1214 1984 1435 2030 impletum:
1465 1984 1534 2029 Qui
1557 1984 1671 2019 maior
1688 1986 1736 2019 est
1761 1986 1925 2029 vestrum,
1951 1984 1998 2019 sit
2021 1985 2086 2019 mi-

340 2048 448 2082 nister
476 2049 579 2081 cester·
604 2044 750 2091 (Matth.
778 2045 837 2091 2Ο’,
865 2045 932 2089 26;
960 2044 1023 2090 23,
1053 2044 1133 2089 11.).

434 2106 453 2152 ξ
479 2106 511 2140 8.
538 2104 635 2140 Nam
662 2104 847 2150 sapientia
872 2109 909 2138 et
934 2116 1079 2138 morum
1106 2102 1323 2148 integritate
1353 2102 1487 2147 maior,
1522 2101 1767 2148 praelationis
1801 2101 1967 2136 officium
1997 2114 2085 2136 cum

340 2170 445 2200 tanta
470 2163 638 2198 exercuit
663 2163 832 2208 caritate,
860 2162 961 2208 quod
987 2166 1120 2208 sponte
1146 2160 1302 2195 humilis
1325 2173 1426 2194 nunc
1457 2160 1644 2207 doctrina,
1672 2172 1774 2195 nunc
1792 2160 2083 2207 monitionibus,

340 2236 442 2258 nunc
467 2222 725 2257 exhortatione
751 2220 932 2266 fraterna,
959 2233 1061 2254 1111110
1087 2220 1200 2254 etiam
1235 2218 1418 2265 corporali
1452 2219 1604 2253 servitio
1638 2218 1850 2265 satagebat,
1886 2223 1930 2254 ut
1962 2219 2085 2255 bonus

342 2283 480 2319 Christi
505 2281 631 2327 miles,
658 2279 901 2315 inferioribus
926 2279 1147 2313 ministrare.
1175 2277 1254 2312 Nec
1280 2277 1402 2312 solum
1429 2290 1524 2324 quae
1549 2277 1597 2312 ab
1623 2277 1705 2324 ipso
1731 2277 1773 2312 B.
1795 2277 1996 2313 Francisco
2022 2278 2085 2324 pie

341 2348 378 2376 et
404 2345 531 2376 sancte
559 2340 707 2374 fuerant
732 2339 907 2373 instituta
932 2337 1223 2382 diligentissime
1241 2336 1461 2383 custodivit,
1488 2336 1552 2371 sed
1579 2336 1701 2370 multa
1722 2337 1835 2371 etiam
1861 2336 2084 2383 adinventa,

342 2413 450 2448 quae,
479 2403 670 2434 crescente
696 2398 855 2432 fratrum
882 2410 1053 2443 numero,
1073 2396 1282 2431 necessaria
1299 2395 1539 2441 videbantur,
1566 2395 1715 2430 adiecit.
1736 2394 1915 2430 Ordinem
1934 2407 2084 2442 quoque

341 2462 466 2507 ipsum
492 2459 530 2493 in
557 2457 771 2504 provincias
797 2456 1061 2502 custodiasque
1088 2455 1227 2489 divisit.

435 2519 454 2565 ξ
480 2519 511 2553 9.
538 2516 699 2561 Magnus
724 2516 837 2550 etiam
864 2515 1051 2559 dignitate
1076 2515 1113 2548 111
1140 2513 1310 2548 Romana
1336 2513 1409 2547 fuit
1435 2512 1617 2547 Ecclesia.
1648 2512 1954 2547 Increbrescentc
1981 2512 2082 2546 enim

342 2579 441 2613 fama
475 2575 730 2620 innocentiae,
767 2574 958 2608 doetrinae
984 2586 1026 2607 ae
1061 2573 1283 2619 prudentiae
1309 2572 1407 2618 eius,
1442 2585 1462 2606 a
1489 2571 1551 2606 fel.
1578 2584 1649 2606 ree.
1678 2571 1858 2617 Gregorio
1885 2571 1988 2617 Papa
2012 2570 2081 2616 X.,

340 2637 623 2684 praedecessore
650 2638 791 2679 nostro,
818 2633 865 2667 ad
884 2632 1136 2667 cardinalatus
1162 2636 1218 2666 est
1243 2635 1399 2666 vocatus
1416 2631 1611 2677 honorem,
1640 2634 1682 2665 ut
1707 2630 1786 2665 eius
1804 2642 1916 2676 opera
1941 2630 1980 2663 in
2006 2641 2084 2663 ma-

342 2696 453 2730 ximis
479 2699 516 2729 et
541 2693 776 2728 difficillimis
801 2691 930 2737 rebus,
958 2703 1053 2737 quae
1080 2690 1314 2737 temporibus
1340 2689 1416 2724 illis
1442 2689 1666 2735 inciderant,
1694 2693 1876 2735 uteretur,
1903 2688 1942 2722 in
1970 2700 2082 2734 quem

342 2754 545 2797 Gregorius
570 2753 650 2798 ipse
685 2751 733 2786 ob
759 2751 929 2797 ingentia
960 2750 1029 2784 viri
1056 2750 1187 2783 merita
1219 2762 1317 2783 novo
1347 2754 1403 2783 est
1428 2761 1518 2783 usus
1544 2748 1728 2794 exemplo.
1748 2747 1882 2783 Statim
1905 2747 2007 2781 enim
2024 2746 2083 2780 illi

342 2813 527 2847 Albanen.
564 2811 752 2846 connnisit
785 2809 1013 2854 Ecclesiam,
1050 2820 1144 2855 quae
1179 2820 1252 2842 non
1290 2808 1360 2841 nisi
1397 2806 1667 2842 vetustioribus
1702 2805 1957 2840 cardinalibus
1987 2805 2085 2839 solet

341 2871 538 2905 esnnmitti.

434 2930 453 2975 ὅ
480 2930 533 2964 10.
560 2928 646 2964 Non
672 2927 811 2962 fefellit
838 2927 1138 2973 expectationem
1174 2925 1315 2960 Sunnni
1356 2924 1553 2959 Pontifieis
1594 2936 1637 2958 ac
1676 2923 1769 2958 sacri
1803 2927 1953 2957 senatus
1987 2921 2086 2967 opti-
