2253 3317
35 485 169 504 Fundamenta.

51 1276 79 1295 Aa
93 1273 168 1298 opposi-

86 1301 124 1317 tum
128 1311 132 1316 .

745 134 828 163 DIST.
849 134 889 161 III.
912 133 939 161 P.
961 133 990 161 II.
1012 133 1085 161 ART.
1106 132 1135 160 ΙΙ.
1159 132 1293 168 QUAEST.
1315 133 1344 160 11.

1880 130 1912 158 91

903 256 1133 294 QUAEsrlo
1158 256 1195 283 11.

322 347 426 375 Utrum
446 354 544 379 mens,
565 344 670 373 notitia
691 348 717 372 et
737 352 822 372 aonor
843 342 969 371 habeant
989 341 1138 375 ordinem,
1160 340 1366 378 aequalitatem
1387 344 1413 368 et
1433 339 1772 368 consubstantialitatent.

254 432 380 461 Secundo
401 431 547 468 quaeritur
569 430 603 459 de
624 429 684 458 istis
709 429 736 457 in
758 428 963 465 comparatione
984 427 1017 455 ad

176 480 310 510 invicem.
332 478 487 509 secundum
511 477 648 514 triplicem
671 475 921 512 comparationem,
935 481 1019 511 quam

175 526 252 563 ponit
273 525 458 562 Augustinus,
484 523 613 552 videlicet
637 522 768 555 ordinis,
784 520 972 558 aequalitatis
993 523 1021 549 et

175 570 504 605 consubstantialitatis,
526 572 553 598 et
573 569 702 605 Magister
723 568 820 596 recitat
845 567 872 595 in
894 567 985 595 littera
1002 567 1020 595 ¹.

178 618 256 647 Ordo
277 620 319 646 est
340 618 411 645 inter
433 617 510 650 haec,
533 616 598 652 quia
618 622 697 644 mens
722 617 764 643 est
787 622 904 651 parens,
925 614 1021 642 notitia

177 668 219 693 est
239 664 347 701 proles,
369 663 468 691 tertius
489 665 531 691 est
551 670 630 690 amor
650 661 685 689 ab
706 664 827 698 utroque
856 660 1020 698 procedens.

176 710 348 748 Aequalitas
378 710 460 738 etiam
490 711 532 737 est
562 708 618 743 ibi,
647 708 712 745 quia
743 715 822 736 mens
853 710 961 735 tantum
992 714 1022 735 se

174 757 266 791 novit,
287 759 424 793 quantum
445 758 499 789 est,
514 758 542 784 et
556 758 665 783 tantum
686 762 715 783 se
730 754 739 768 ²
760 754 864 791 diligit,
885 757 1022 790 quantum

175 811 205 832 se
226 803 309 831 novit.
334 801 629 831 Consubstantialitas
650 802 733 830 etiam
740 812 747 835 3
762 801 837 829 unde
852 800 1023 837 Augustinus

175 858 247 878 nono
273 849 308 878 de
330 849 462 877 Trinitate
477 848 505 876 ¹³:
535 848 754 882 «Admonemur,
775 847 797 876 si
819 850 972 884 utcumque
986 846 1025 875 vi-

176 896 243 924 dere
274 903 440 933 possumus,
462 895 681 924 substantialiter
702 895 770 923 haec
795 895 822 922 in
847 894 940 922 anima,
968 893 1025 922 exi-

176 945 269 976 stere,
298 950 353 970 non
386 945 519 979 tanquam
540 942 568 970 in
590 941 730 976 subiecto,
749 944 781 969 ut
801 941 877 969 color
908 941 935 968 in
967 947 1025 968 cor-

174 996 255 1026 pore,
270 991 318 1017 aut
333 988 391 1016 ulla
411 988 530 1025 qualitas
551 991 600 1016 aut
620 988 778 1025 quantitas3
793 987 931 1024 quidquid
946 986 1021 1015 enim

174 1035 229 1064 tale
250 1038 306 1069 est,
327 1043 382 1063 non
403 1034 513 1063 excedit
534 1034 732 1067 substantiam,
755 1034 783 1062 in
807 1042 863 1070 qua
882 1036 931 1062 est.
947 1033 1023 1061 Mens

175 1085 270 1110 autem
290 1089 399 1115 amore,
422 1088 477 1117 quo
508 1088 536 1109 se
568 1083 657 1114 amat,
688 1082 779 1117 potest
810 1087 905 1107 amare
938 1079 1023 1107 etiam

176 1128 254 1156 aliud
269 1139 297 1162 »;
318 1131 345 1156 et
366 1128 403 1155 ita
423 1127 499 1161 vult,
522 1127 597 1163 quod
619 1135 698 1155 amor
723 1126 757 1155 sit
781 1126 1025 1154 consubstantialis

179 1175 276 1203 menti.

260 1222 284 1249 1.
306 1221 359 1250 Sed
387 1220 517 1249 obiicitur
548 1222 644 1249 contra
675 1220 744 1248 hoc:
776 1219 867 1247 Primo
897 1218 1024 1253 videtur,

181 1267 257 1305 quod
279 1268 306 1296 in
328 1268 371 1296 his
392 1275 447 1295 non
469 1267 504 1295 sit
525 1267 596 1295 ordo
617 1274 668 1295 nec
682 1266 691 1281 ⁴
711 1266 797 1303 origo.
823 1266 875 1294 Aut
896 1265 969 1294 enim
984 1273 1026 1294 ac-

179 1315 321 1352 cipiuntur
341 1322 393 1351 pro
413 1313 556 1342 habitibus
577 1313 704 1348 innatis,
733 1316 782 1341 aut
814 1311 976 1350 acquisitis.
998 1311 1025 1339 Si

180 1369 231 1398 pro
252 1361 381 1394 innatis,
402 1360 498 1389 nullus
518 1363 560 1388 est
582 1359 660 1394 ordo,
681 1359 747 1396 quia
768 1359 852 1388 simul
875 1361 940 1387 sunt
961 1366 1025 1386 curn

179 1408 240 1445 ipsa
262 1408 373 1442 anima3
395 1407 418 1436 si
440 1415 491 1444 pro
512 1406 681 1444 acquisitis,
705 1406 744 1434 sic
775 1414 854 1434 amor
884 1405 1026 1442 praecedit

134 1485 135 1490 ¹
179 1454 321 1487 notitiam3
342 1453 438 1482 nullus
465 1453 540 1481 enim
560 1453 680 1489 acquirit
695 1452 704 1465 ⁵
726 1452 771 1481 vel
799 1452 893 1481 studet
920 1451 1026 1488 aliquid

182 1501 343 1535 addiscere,
364 1500 416 1529 nisi
438 1502 512 1528 amet
532 1500 611 1528 scire.
634 1499 711 1528 Unde
732 1498 901 1535 Augustinus
923 1498 951 1526 in
972 1497 1027 1526 fine

182 1547 247 1575 noni
269 1547 304 1575 de
325 1546 495 1575 Trinitate⁶:
529 1546 667 1574 «Pastum
693 1545 793 1574 mentis
818 1545 956 1573 antecedit
983 1552 1029 1581 ap-

181 1594 300 1631 petitus,
331 1601 386 1630 quo
413 1593 441 1621 id
469 1593 544 1630 quod
565 1600 647 1621 nosse
667 1592 799 1620 volumus
820 1591 981 1628 quaerendo
1002 1594 1029 1619 et

183 1640 366 1674 inveniendo,
386 1640 510 1668 nascitur
530 1639 639 1676 proles,
661 1646 732 1675 quae
755 1641 796 1667 est
816 1638 877 1675 ipsa
890 1637 1028 1665 notitia».

182 1687 235 1716 Aut
256 1695 322 1723 ergo
344 1694 399 1715 non
420 1689 461 1715 est
482 1686 566 1720 ordo,
587 1688 636 1713 aut
656 1693 711 1713 non
731 1688 773 1713 est
793 1684 856 1713 talis
877 1684 954 1712 ordo.

261 1734 287 1762 2.
310 1733 377 1761 Item
390 1755 397 1767 ,
419 1733 531 1761 videtur
551 1731 626 1768 quod
654 1739 709 1759 non
731 1732 766 1759 sit
796 1731 834 1759 ibi
855 1730 1029 1768 aequalitas,

183 1781 236 1809 Aut
257 1780 331 1808 enim
352 1779 448 1808 notitia
469 1782 496 1807 et
516 1786 595 1807 amor
616 1778 791 1815 accipiuntur
816 1785 866 1814 per
887 1784 1029 1813 compara—

186 1827 290 1855 tionem
310 1826 346 1854 ad
367 1834 414 1854 res
435 1824 607 1862 inferioreS,
629 1827 677 1852 aut
698 1824 733 1852 ad
762 1823 903 1852 animani.
937 1823 963 1850 Si
994 1822 1030 1851 ad

184 1881 231 1901 res
253 1871 423 1909 inferiores,
445 1871 623 1900 manifestum
645 1873 701 1905 est,
726 1870 801 1907 quod
832 1877 887 1898 non
918 1872 960 1897 est
992 1869 1029 1897 ibi

186 1919 355 1956 aequalitas3
376 1918 465 1947 multa
486 1918 559 1946 enim
574 1917 718 1951 novimus,
733 1924 805 1953 quae
820 1924 874 1944 non
886 1923 1014 1949 amamus
1023 1926 1031 1949 ;

184 1966 207 1995 si
229 1966 256 1994 in
277 1965 484 2002 comparatione
497 1965 507 1979 ⁷
528 1964 563 1993 ad
585 1958 735 1997 animam,
764 1966 812 1991 aut
843 1965 885 1991 est
912 1962 1033 1998 aequali-

186 2016 229 2041 tas
250 2015 386 2049 quantum
409 2011 444 2040 ad
459 2010 661 2045 intensionem,
676 2013 725 2038 aut
739 2013 875 2046 quantum
889 2008 925 2037 ad
941 2012 1032 2036 eaeten-

185 2059 304 2087 sionem.
321 2059 461 2094 Quantum
476 2058 511 2086 ad
527 2057 728 2090 eaetensionem,
743 2064 814 2090 non;
830 2055 900 2083 illud
916 2057 1032 2089 constat,

1076 426 1142 463 quia
1157 433 1246 454 unum
1267 425 1396 454 tantum⁸
1417 428 1459 454 est
1480 425 1535 453 ibi:
1558 433 1624 462 ergo
1646 428 1782 462 quantum
1814 424 1849 453 ad
1882 424 1923 452 in-

1081 473 1257 506 tensionenz;
1278 472 1327 500 sed
1348 471 1422 508 quod
1444 472 1496 500 hoc
1517 472 1553 500 sit
1573 472 1693 506 falsum,
1715 471 1842 505 videtur,
1857 470 1923 507 quia

1077 527 1142 548 cum
1164 519 1285 547 sciamus
1306 518 1428 546 animam
1449 518 1585 546 minorem
1603 518 1656 546 Deo
1670 520 1698 546 et
1713 518 1846 545 maiorem
1865 524 1923 545 cor-

1078 573 1146 602 pore
1158 588 1165 599 ,
1185 564 1318 601 contingit
1338 564 1526 601 quandoque.
1548 564 1623 600 quod
1644 572 1706 592 eam
1727 571 1854 592 amamus
1868 571 1924 591 ma-

1078 613 1119 649 gis
1140 620 1225 649 quam
1240 611 1343 645 Deum,
1358 614 1386 640 et
1400 611 1493 639 minus
1507 618 1592 647 quam
1607 618 1728 646 corpus;
1743 613 1770 638 et
1784 610 1821 638 ita
1839 617 1925 646 quan-

1078 659 1162 687 titas⁹
1184 658 1288 686 amoris
1308 666 1362 686 non
1385 657 1512 694 sequitur
1533 656 1715 693 quantitatem
1737 656 1857 684 notitiae.

1160 705 1184 733 3.
1207 705 1293 739 Item,
1314 704 1389 741 quod
1411 712 1466 732 non
1487 703 1522 732 sit
1553 703 1590 731 ibi
1612 702 1923 735 consubstantialitas,

1080 752 1212 785 videtur,
1226 751 1292 788 quia
1312 758 1391 779 amor
1412 753 1439 779 et
1459 750 1552 778 notitia
1576 752 1642 778 sunt
1663 749 1775 777 habitus
1790 752 1817 777 et
1832 751 1898 777 sunt
1906 748 1925 763 ¹⁰

1079 798 1243 836 qualitates3
1264 805 1331 834 ergo
1353 797 1480 831 videtur,
1495 796 1570 833 quod
1591 795 1775 824 essentialiter
1797 795 1926 823 differant

1080 845 1115 873 ab
1136 845 1197 882 ipsa
1217 847 1318 872 mente.

1158 892 1185 920 [ι.
1205 891 1293 925 Item,
1315 890 1385 919 ratio
1406 889 1577 926 Augustini¹¹
1605 891 1665 923 est,
1693 888 1768 925 quod
1789 896 1843 916 non
1872 887 1927 916 sint

1081 937 1109 965 in
1131 938 1224 966 anima
1245 937 1316 965 sicut
1336 936 1507 970 accidentia,
1529 936 1595 972 quia
1616 943 1645 964 se
1660 934 1816 964 extendunt
1829 936 1926 968 extra;

1080 984 1130 1013 sed
1141 984 1193 1012 hoc
1204 983 1274 1012 nihil
1286 986 1335 1018 est,
1357 983 1423 1020 quia
1443 982 1596 1011 accidentia
1616 989 1646 1011 se
1667 981 1824 1010 extendunt
1837 983 1927 1015 extra,

1081 1034 1113 1059 ut
1133 1030 1209 1059 calor
1240 1030 1426 1059 calefaciendo
1456 1032 1484 1058 et
1514 1029 1589 1058 color
1621 1027 1794 1057 immutando
1826 1027 1926 1055 visum.

1081 1077 1258 1110 Praeterea,
1273 1076 1357 1104 homo
1372 1076 1512 1113 cognoscit
1525 1076 1619 1112 aliqua
1634 1074 1828 1111 cognoscibilia
1842 1073 1928 1102 scien-

1082 1123 1120 1152 tia
1140 1123 1293 1160 acquisita,
1314 1130 1386 1159 quae
1407 1125 1449 1151 est
1469 1122 1615 1156 accidens,
1637 1124 1664 1150 et
1694 1121 1732 1149 ita
1753 1128 1782 1149 se
1803 1119 1929 1149 extendit

1082 1173 1171 1198 extra.

1397 1262 1610 1290 CONCLusio.

1175 1356 1254 1384 Mens
1265 1378 1274 1389 ,
1299 1355 1404 1383 notitia
1415 1371 1424 1389 3
1450 1363 1535 1383 antor
1561 1353 1664 1382 liabent
1688 1353 1819 1381 ordinem
1830 1375 1840 1387 ‚

1207 1402 1412 1440 aequalitatem
1427 1405 1453 1430 et
1467 1400 1806 1429 consubstantialitatem.

1163 1497 1342 1525 RESPONnEo:
1358 1494 1530 1528 Dicendum,
1546 1493 1621 1531 quod
1636 1493 1708 1521 sicut
1728 1492 1899 1529 Augustinus
1911 1490 1930 1505 ¹²
1942 1505 2041 1523 Conclusio
2055 1505 2071 1522 1,

1085 1543 1225 1580 assignat,
1240 1542 1268 1570 in
1283 1542 1327 1570 his
1342 1544 1384 1570 est
1398 1541 1487 1574 ordo,
1509 1539 1674 1578 aequalitas
1695 1542 1722 1568 et
1746 1538 1933 1567 consubstan-

1086 1590 1206 1618 tialitas.

1168 1635 1246 1664 Ordo
1261 1638 1355 1663 autem
1370 1634 1523 1663 attenditur
1537 1634 1565 1661 in
1590 1633 1634 1661 his
1658 1632 1799 1661 habitibus
1824 1631 1932 1659 animae
1942 1645 2040 1663 Conclusio
2053 1645 2071 1662 2.

1086 1681 1314 1712 connaturalibus
1329 1681 1356 1709 in
1372 1680 1579 1717 comparatione
1601 1679 1637 1708 ad
1652 1683 1736 1707 actus
1747 1701 1756 1712 ,
1772 1678 1844 1707 sicut
1857 1677 1933 1714 poni-

1086 1733 1132 1758 tur
1147 1729 1216 1757 ordo
1231 1729 1258 1756 in
1272 1728 1328 1756 fide
1341 1727 1359 1742 ¹³
1372 1750 1378 1762 ,
1393 1735 1442 1764 spe
1456 1730 1483 1755 et
1498 1727 1612 1755 caritate
1624 1748 1631 1760 ,
1656 1725 1720 1754 licet
1745 1724 1829 1753 simul
1844 1723 1932 1752 infun-

1087 1776 1199 1804 dantur.

1167 1823 1191 1849 1.
1218 1821 1249 1849 Et
1273 1821 1312 1849 sic
1336 1822 1412 1857 patet
1435 1819 1510 1857 quod
1535 1819 1665 1847 obiicitur
1689 1818 1716 1846 in
1741 1817 1912 1846 contrarium
1925 1839 1931 1850 ,
1944 1832 1973 1850 Ad
1986 1832 2003 1850 4,
2017 1837 2049 1855 ορ.

1088 1868 1154 1905 quia
1174 1876 1229 1896 non
1244 1870 1287 1896 est
1311 1867 1379 1895 ordo
1404 1866 1432 1894 in
1447 1866 1514 1903 ipsis
1529 1865 1671 1894 habitibus
1695 1864 1822 1893 absolute
1847 1863 1933 1892 consi·
1968 1856 2024 1879 ΡΜ·

1087 1915 1210 1948 deratis,
1226 1914 1275 1942 sed
1289 1921 1339 1950 per
1354 1913 1518 1941 relationem
1533 1912 1568 1940 ad
1583 1915 1670 1940 actus.

1166 1960 1307 1989 Similiter
1322 1963 1364 1988 est
1378 1959 1415 1988 ibi
1430 1959 1594 1997 aequalitas
1609 1958 1764 1987 secundum
1780 1956 1934 1985 conversio—
1942 1972 2041 1990 Commo
2054 1972 2071 1989 3,

1088 2014 1151 2036 nem
1167 2007 1276 2035 animae
1291 2014 1378 2043 supra.
1392 2013 1421 2034 se
1436 2009 1464 2034 et
1488 2005 1696 2042 praedictorum
1710 2004 1858 2032 habituum
1873 2010 1934 2040 per-

1088 2053 1244 2082 fectionem.
1260 2053 1336 2081 Unde
1352 2052 1419 2081 dicit
1433 2052 1603 2089 Augustinus
1624 2051 1651 2079 in
1672 2059 1745 2079 nono
1764 2050 1798 2079 de
1820 2050 1934 2078 Trinita-

186 2198 284 2221 hahetur
307 2200 470 2226 argumentum
495 2203 522 2219 ex
547 2198 645 2224 ratione,
669 2203 714 2219 non
731 2203 758 2219 ex
775 2197 909 2219 auctoritate
926 2196 1030 2224 petitum.

187 2237 236 2259 Mox
254 2237 386 2259 auctoritate
402 2242 457 2258 mss.
475 2239 497 2258 et
513 2235 566 2258 edd.
586 2236 593 2257 l
606 2253 611 2263 ,
630 2236 655 2263 2,
674 2235 700 2263 3,
719 2236 732 2257 6
750 2237 802 2263 post
825 2234 907 2257 anima
924 2234 1031 2262 expunxi-

187 2282 239 2298 mus
256 2275 391 2303 particulam
408 2276 436 2297 et.
454 2274 509 2297 Cod.
527 2274 545 2296 Ο
563 2276 615 2302 post
631 2273 691 2297 nihil
707 2274 770 2296 addit
787 2273 861 2297 aliud.

249 2314 257 2328 ¹
276 2313 331 2342 Cap.
350 2314 371 2335 3.
389 2315 448 2336 circa
465 2313 543 2335 finem.
559 2325 591 2329 —
602 2313 651 2335 Mox
669 2313 719 2335 Vat.
738 2315 816 2335 contra
834 2313 946 2340 plurimos
963 2311 1030 2334 codd.

188 2356 210 2376 et
226 2353 263 2375 ed.
282 2354 289 2374 l
312 2355 364 2380 post
380 2352 438 2375 ordo
455 2352 519 2375 addit
535 2353 615 2375 autem
631 2355 654 2374 et
670 2354 748 2374 contra
766 2352 906 2380 antiquiores
925 2350 993 2373 codd.
1011 2353 1033 2373 et

188 2392 224 2414 ed.
243 2392 251 2413 ¹1
274 2392 339 2420 ponit
355 2390 417 2420 quod
434 2391 483 2413 loco
501 2390 557 2420 quia
574 2397 600 2413 ac
616 2390 716 2413 ultimus
733 2396 776 2418 pro
794 2389 883 2412 tertius.

251 2430 261 2445 2
278 2430 333 2452 Fide
350 2429 417 2452 codd.
435 2430 442 2451 1
459 2436 485 2451 aa
503 2430 629 2451 adiecimus
645 2435 670 2452 se
687 2431 747 2451 certe
764 2428 928 2457 supplendum.

253 2468 263 2483 ³
280 2468 334 2496 Cap.
354 2467 374 2490 4.
392 2475 414 2490 n.
432 2468 461 2490 5:
487 2468 558 2490 Simul
586 2469 654 2490 etiam
679 2468 845 2495 admonemur,
863 2468 881 2489 si
906 2470 1033 2495 utcumque

188 2507 269 2530 videre
287 2513 426 2535 possumus,
444 2508 500 2529 haec
517 2508 539 2528 in
556 2507 631 2529 anima
652 2507 747 2529 existere
764 2509 786 2528 et
803 2509 914 2534 tanquam
932 2505 1034 2527 involuta

190 2546 277 2574 evolvi,
296 2550 321 2568 ut
347 2547 471 2567 sentiantur
495 2548 518 2567 et
541 2545 715 2567 dinumerentur
732 2544 924 2572 substantialiter,
942 2544 991 2571 vel,
1009 2546 1034 2566 ut

190 2586 220 2607 ita
238 2584 326 2612 dicam,
349 2584 509 2611 essentialiter,
534 2590 578 2606 non
603 2586 712 2612 tanquam
737 2585 759 2605 in
777 2583 895 2611 subiecto,
921 2586 946 2605 ut
971 2583 1034 2605 color

190 2626 229 2645 aut
254 2623 328 2650 figura
353 2624 375 2644 in
400 2628 499 2650 corpore
523 2626 562 2644 aut
587 2623 631 2644 ulla
657 2623 699 2644 alia
727 2623 824 2651 qualitas
846 2625 886 2644 aut
911 2622 1033 2650 quantitas.

191 2661 310 2690 Quidquid
334 2662 395 2683 enim
412 2661 455 2683 tale
480 2664 525 2689 est,
544 2667 588 2683 non
614 2661 702 2683 excedit
725 2661 868 2689 subiectum,
887 2661 909 2682 in
927 2666 974 2689 quo
991 2662 1032 2682 est.

191 2700 239 2722 Non
257 2701 318 2722 enim
336 2700 399 2721 color
415 2700 456 2722 iste
481 2703 520 2722 aut
544 2699 619 2727 figura
645 2700 713 2722 huius
730 2700 835 2728 corporis
852 2701 928 2727 potest
944 2705 995 2721 esse
1012 2700 1034 2720 et

192 2739 286 2761 alterius
311 2739 422 2767 corporis.
448 2739 509 2760 Mens
535 2741 611 2760 autem
636 2744 729 2766 amore,
754 2744 800 2767 quo
818 2744 843 2760 se
860 2741 933 2765 amat,
961 2740 1036 2765 potest

192 2784 270 2800 amare
288 2780 310 2799 ot
326 2777 388 2799 aliud
406 2780 495 2805 praeter
512 2783 543 2799 se.
560 2789 592 2793 —
608 2777 631 2798 In
648 2783 695 2806 quo
711 2779 772 2799 textu
790 2777 882 2805 plurimi
900 2776 967 2799 codd.
979 2777 1036 2798 salso

193 2816 279 2838 habent
303 2817 431 2845 utrumque
456 2816 505 2838 loco
530 2816 658 2845 utcumque
682 2818 704 2838 et
720 2816 797 2837 minus
814 2815 873 2837 bene
890 2814 969 2837 animo
993 2820 1036 2842 pro

194 2855 291 2883 anima‚·
309 2855 359 2877 Vat.
377 2857 453 2877 autom
471 2855 535 2882 ponit
551 2853 676 2877 consistere
693 2854 742 2876 loco
759 2853 866 2876 ezistere.

256 2893 265 2908 4
284 2894 333 2916 Vat.
352 2897 429 2916 contra
446 2900 501 2916 mss.
519 2896 541 2915 et
557 2893 594 2915 ed.
616 2894 620 2915 1
643 2894 769 2920 incongrue
786 2892 823 2915 vuel
838 2899 880 2920 pro
897 2898 946 2915 nec.

1150 2194 1160 2208 ⁵
1177 2194 1206 2216 lta
1224 2199 1304 2216 omnes
1322 2193 1389 2215 codd.
1407 2195 1429 2215 et
1446 2192 1499 2215 edd.
1518 2193 1588 2220 Magis
1605 2192 1705 2220 placeret
1721 2190 1832 2220 inquirit,
1845 2191 1863 2212 si
1879 2190 1935 2211 hacc

1087 2234 1154 2256 lectio
1170 2233 1247 2262 aliquo
1265 2232 1316 2255 cod.
1334 2233 1460 2254 fulciretur.

1149 2272 1159 2287 θ
1176 2271 1232 2300 Cap.
1251 2272 1287 2293 l2.
1305 2277 1327 2293 n.
1346 2271 1387 2298 48,
1411 2271 1433 2292 in
1457 2276 1503 2299 quo
1526 2273 1586 2292 textu
1612 2272 1664 2297 post
1685 2268 1801 2298 appetitas
1823 2268 1935 2295 originale

1089 2311 1154 2334 addit
1178 2310 1276 2341 quidam
1301 2312 1323 2332 et
1339 2311 1361 2332 in
1379 2310 1425 2332 fine
1442 2310 1524 2332 omittit
1549 2309 1620 2331 verba
1638 2314 1698 2338 quae
1715 2309 1763 2335 est,-
1781 2308 1832 2329 Vnt.
1857 2310 1933 2329 autem

1088 2352 1141 2378 post
1157 2355 1203 2379 quo
1221 2349 1283 2371 addit
1300 2348 1332 2371 ad
1348 2351 1370 2371 et
1387 2349 1451 2376 ponit
1467 2353 1564 2371 noscere
1581 2348 1631 2369 loco
1648 2352 1724 2369 nosse.

1151 2388 1161 2403 ⁷
1178 2388 1229 2410 ·Vat.
1252 2394 1296 2417 per
1320 2386 1537 2416 comparationem,
1564 2386 1605 2408 sed
1622 2389 1699 2408 contra
1722 2391 1777 2407 mss.
1800 2385 1850 2406 Mox
1868 2383 1935 2406 codd.

1089 2427 1109 2450 V
1120 2427 1141 2449 X
1159 2429 1212 2455 post
1228 2426 1335 2449 animam
1352 2425 1441 2447 addunt
1458 2426 1526 2453 timo,
1545 2424 1582 2446 ed.
1604 2425 1609 2446 1
1631 2425 1653 2447 et
1669 2425 1731 2446 tunc.

1152 2465 1162 2480 ⁸
1179 2465 1240 2487 Multi
1250 2464 1317 2487 codd.
1331 2466 1355 2486 ut
1366 2465 1384 2485 A
1393 2464 1408 2485 F
1418 2464 1435 2485 T
1446 2463 1494 2485 VX
1504 2463 1523 2485 Y
1532 2466 1574 2486 etc.
1585 2469 1638 2485 cum
1648 2462 1684 2485 ed.
1699 2463 1703 2484 1
1718 2463 1823 2484 omittunt
1833 2462 1933 2484 tantuin.

1152 2503 1162 2518 ⁹
1179 2504 1257 2526 Plures
1274 2503 1341 2525 codd.
1360 2505 1384 2525 ut
1400 2505 1418 2524 Α
1427 2501 1466 2524 CL
1476 2502 1494 2523 R
1504 2502 1518 2523 S
1528 2502 1546 2524 U
1564 2508 1590 2524 aa
1602 2501 1634 2523 bb
1646 2507 1699 2523 cum
1711 2500 1747 2523 ed.
1761 2501 1769 2522 l
1795 2501 1871 2522 minus
1883 2502 1936 2527 apte

1091 2542 1194 2573 qualitas
1201 2551 1211 2571 ;
1228 2543 1304 2570 agitur
1321 2541 1436 2570 siquidem
1453 2541 1482 2563 de
1499 2540 1573 2568 gradu
1591 2540 1730 2562 intensionis.

1153 2580 1173 2595 10
1191 2581 1220 2602 Ex
1237 2587 1292 2602 mss.
1309 2582 1332 2602 et-
1348 2580 1385 2602 ed.
1404 2580 1411 2601 ll
1434 2579 1561 2601 adiecimus
1577 2579 1640 2601 sunl.

1154 2619 1171 2634 1¹
1189 2619 1250 2641 Libr.
1268 2619 1306 2641 IX.
1324 2618 1353 2641 de
1370 2619 1432 2640 Trin.
1451 2624 1469 2641 c.
1488 2618 1509 2640 4.
1532 2624 1553 2640 n.
1577 2618 1603 2645 5;
1627 2617 1680 2639 vide
1703 2623 1773 2644 supra
1790 2616 1893 2639 fundam.
1915 2617 1932 2638 l.

1092 2660 1160 2681 huius
1183 2665 1204 2687 q.
1222 2670 1254 2674 —
1271 2658 1339 2680 Paulo
1352 2660 1404 2685 post
1415 2657 1466 2679 Vat.
1479 2659 1570 2685 praeter
1582 2656 1651 2678 fidem
1664 2662 1719 2678 mss.
1731 2655 1860 2678 accidentia
1873 2655 1937 2678 enim

1092 2704 1134 2725 pro
1147 2696 1202 2726 quia
1214 2695 1342 2719 accidentia
1354 2699 1376 2718 et
1387 2696 1409 2717 In
1421 2695 1466 2717 fine
1479 2696 1608 2723 argumenti
1620 2694 1751 2717 extendunt
1762 2694 1812 2716 loco
1824 2693 1934 2716 extendit.

1154 2735 1173 2750 ¹²
1190 2735 1251 2757 Libr.
1269 2735 1306 2756 IX.
1324 2734 1353 2757 de
1379 2735 1441 2756 Trin.
1459 2740 1478 2756 c.
1502 2735 1537 2756 12.
1564 2740 1585 2756 n.
1605 2734 1645 2761 ἸΗῦς
1663 2733 1717 2755 vide
1734 2733 1756 2754 in
1774 2733 1804 2755 lit.
1822 2733 1935 2761 Magistri,

1092 2781 1112 2797 c.
1130 2775 1150 2796 3.
1168 2775 1228 2796 circa
1246 2774 1322 2796 finem.

1154 2812 1174 2827 ¹⁸
1191 2812 1239 2840 Ope
1256 2818 1310 2834 mss.
1328 2815 1350 2835 et
1366 2812 1402 2834 ed.
1417 2813 1424 2834 l
1441 2812 1576 2834 sustulimus
1588 2812 1624 2833 hic
1636 2811 1740 2833 additum
1752 2812 1779 2833 et.
1798 2810 1867 2832 Paulo
1884 2813 1936 2832 ante

1093 2852 1171 2880 plures
1195 2851 1263 2873 codd.
1289 2854 1313 2873 ut
1334 2850 1494 2873 ACGKLST
1512 2850 1544 2872 bb
1562 2856 1615 2872 cum
1637 2849 1674 2872 ed.
1698 2850 1706 2871 4
1734 2848 1815 2872 crebro
1838 2848 1863 2871 in
1886 2849 1936 2870 loco

1093 2890 1151 2914 ordo
1169 2890 1200 2912 in.
