2253 3317
325 141 387 169 xm
1059 143 1161 172 ΒΗΜΛ
1184 143 1267 171 Slxi'l
1279 143 1330 172 *IV.

323 218 490 264 gentiam
517 231 560 252 ac
586 218 829 265 gravitatem,
858 231 973 265 quam
998 220 1050 254 rei
1077 220 1302 266 magnitudo
1323 221 1514 267 poscebat.
1542 221 1808 258 Commisimus
1826 222 1928 258 enim
1946 224 2067 258 tribus

324 290 369 311 ex
395 276 676 311 venerabilibus
702 276 881 312 fratribus
899 278 1036 313 nostris
1062 278 1218 314 Sanctae
1236 278 1426 314 Romanae
1452 279 1644 315 Ecclesiae
1663 281 1937 328 cardinalibus,
1963 287 2005 317 ut
2023 282 2067 316 de

323 336 479 370 veritate.
498 335 765 370 miraculorum
792 336 1014 371 mandarent
1039 337 1189 384 inquiri.
1210 336 1381 384 Cumque
1398 351 1496 373 nnus
1515 352 1560 373 ex
1586 340 1654 386 eis,
1675 340 1851 375 inchoato
1873 353 2066 386 processu,

322 399 365 428 ut
390 393 470 429 Deo
496 394 658 440 placuit,
686 394 734 429 ab
760 394 830 429 hac
857 394 941 429 luce
967 395 1183 442 migrasset,
1210 396 1328 431 alium
1354 397 1392 431 in
1420 397 1547 432 locum
1573 397 1745 432 defuncti
1780 398 2069 445 subrogavimus

323 452 577 498 Cardinalcm,
606 466 681 499 quo
707 454 782 487 iam
808 454 1032 500 decedente,
1058 454 1177 489 alium
1202 455 1480 490 substituimus.
1908 443 1910 445 Ι

416 512 435 558 ξ
463 512 516 546 15.
543 511 621 547 Nec
648 511 707 546 his
734 513 921 559 contenti,
950 525 1037 547 cum
1062 514 1138 547 iam
1163 526 1360 560 processus
1386 514 1466 560 ipse
1493 527 1589 561 pene
1615 514 1806 561 perfectus
1833 520 1947 562 esset,
1975 516 2066 550 ethi

322 571 387 617 (1111
413 570 578 617 delegati
605 576 711 606 crant
735 571 954 606 fidelissime
980 572 1212 618 retulissent3
1240 577 1383 618 tamen,
1418 573 1507 620 quia
1532 586 1609 608 non
1644 573 1843 608 videbatur
1868 574 1908 608 111
1941 586 2069 620 proce-

321 630 444 665 dendo
470 635 589 676 tanta,
618 634 760 678 quanta
785 631 1005 677 requiritur,
1034 630 1231 666 observata
1256 632 1489 678 solemnitas,
1517 632 1628 666 illum
1654 633 1818 667 reiterari
1844 633 2032 668 iussimus.

416 689 434 735 ξ
462 689 515 724 16.
542 688 721 735 Demuni,
750 702 837 724 cum
863 702 910 724 ex
927 689 1090 724 uberiori
1108 690 1289 725 relatione
1315 695 1352 725 et
1368 690 1442 725 fide
1468 691 1670 736 dignorum
1689 692 1843 726 test-ium
1869 704 1981 738 super
1998 692 2069 726 1100

320 748 534 794 receptione
561 752 796 795 compertum
822 747 969 794 fuisset,
997 749 1118 783 multa
1143 753 1180 784 et
1206 762 1345 795 magna.
1369 762 1391 783 a
1416 749 1496 784 Deo
1514 762 1581 795 per
1605 750 1731 796 ipsum
1759 749 1940 785 Sanctum
1958 750 2068 784 mira-

321 807 406 841 cula
431 807 527 853 fieri,
556 820 651 854 quae
677 808 713 841 in
742 811 949 853 conspectu
976 807 1234 842 multitudinis
1261 807 1525 853 cernebantur,
1558 821 1643 854 nos,
1672 821 1718 842 ne
1750 808 2069 855 Spiritui‘Sancto

320 866 489 901 resistere.
516 866 751 911 videremur,
780 867 846 913 qui
871 879 939 913 per
964 879 1004 901 os
1030 865 1240 912 Prophetae
1275 866 1426 901 laudare
1453 866 1576 901 Deum
1602 867 1641 901 in
1668 866 1815 902 Sanctis
1841 867 1918 902 suis
1947 867 2067 913 iubet,

320 925 359 959 in
387 925 608 960 consistorio
634 930 761 960 nostro
779 930 932 969 secreto,
960 925 1073 959 huius
1090 925 1143 959 rei
1169 937 1282 959 causa
1298 925 1446 971 habito,
1466 926 1670 960 eorundem
1703 925 1977 960 venerabilium
2000 925 2072 960 fra-

320 989 420 1019 trum
446 989 658 1019 nostrorum
686 984 719 1020 S.
747 984 789 1019 R.
809 983 850 1018 E.
878 983 1134 1019 Cardinalium
1162 988 1251 1018 vota
1267 996 1380 1030 super
1405 984 1621 1019 huiusmodi
1640 985 1924 1019 canonizatione
1942 997 2071 1019 sumus

320 1044 486 1079 scrutati.
515 1042 685 1089 Cumque
711 1044 892 1089 omnium
908 1055 984 1077 una
1009 1042 1215 1089 eademque
1242 1042 1376 1077 fuisset
1409 1043 1610 1088 sententia,
1644 1043 1823 1077 videlieet
1848 1048 1890 1077 ut
1916 1043 1955 1077 in
1982 1042 2071 1079 San-

320 1108 466 1137 ctorum
494 1115 649 1137 numero
675 1101 803 1136 referri
831 1101 1002 1136 deberet:

414 1162 433 1208 ξ
461 1162 514 1196 17.
542 1160 814 1196 Consistorium
840 1160 1041 1207 publicum
1068 1160 1204 1194 deinde
1230 1160 1452 1207 habuimus,
1480 1160 1519 1195 in
1538 1173 1630 1206 (1110,
1659 1173 1797 1205 magna
1822 1160 2071 1195 multitudine

320 1221 508 1265 adstante,
537 1220 575 1254 in
602 1220 770 1254 triduum
797 1220 983 1254 orationes
1014 1219 1229 1265 ieiuniaque
1256 1219 1479 1265 indiximus,
1507 1223 1550 1253 ut
1574 1219 1676 1254 Deus
1699 1219 1938 1265 omnipotens
1962 1219 2071 1254 nobis

320 1279 420 1326 quod
448 1279 553 1313 factu
586 1279 774 1325 optimum
812 1279 851 1312 in
884 1278 953 1312 hac
986 1291 1024 1312 re
1057 1283 1155 1312 esset
1193 1278 1388 1312 ostendere
1418 1278 1653 1324 dignaretur,
1681 1290 1749 1312 nec
1773 1282 1972 1324 pateretur,
2001 1277 2071 1313 Ec-

321 1339 474 1373 clesiam
501 1350 604 1373 suam
634 1337 863 1372 militantem
889 1350 1026 1383 errare,
1055 1349 1151 1383 quae
1177 1349 1216 1371 se
1243 1337 1495 1383 triumphanti
1522 1336 1756 1371 conformare
1783 1336 1919 1371 studet.
1960 1353 1962 1355 ·

415 1398 433 1444 ἓ
461 1397 514 1432 18.
542 1397 681 1431 Triduo
708 1397 845 1431 deinde
878 1396 1020 1443 elapso,
1049 1408 1179 1431 onmes
1213 1397 1277 1443 qui
1322 1396 1361 1430 in
1391 1395 1561 1431 Romana
1599 1395 1710 1431 Curia
1742 1399 1846 1429 erant
1884 1394 2071 1441 praelatos
2100 1397 2102 1400 ’

321 1457 498 1491 iussimus
516 1456 734 1497 convenire,
761 1456 827 1502 qui
853 1455 900 1490 ad
918 1468 1037 1490 unum
1064 1455 1295 1501 interrogati,
1321 1455 1413 1501 quid
1440 1454 1657 1489 faciendum
1687 1454 1896 1499 videretur,
1916 1454 1955 1488 in
1985 1466 2071 1488 ean—

321 1515 406 1549 dem
442 1515 668 1549 sententiam
710 1518 970 1549 convenerunt
1020 1514 1250 1561 beatumque
1288 1513 1593 1549 Bonaventuram
1639 1512 1941 1547 canonizandum
1986 1525 2071 1546 cen-

321 1579 487 1608 suerunt.

415 1633 433 1679 §
461 1633 514 1667 19.
542 1631 620 1667 Nos
646 1645 750 1678 ergo,
778 1631 848 1666 Dei
875 1636 1010 1666 nutum
1037 1636 1074 1666 et
1100 1631 1337 1666 voluntatem
1355 1635 1555 1677 sequentes
1579 1630 1909 1676 attendentesque,
1929 1629 2069 1664 iustum

320 1705 362 1726 ac
389 1691 562 1726 debitum
588 1703 683 1737 esse,
717 1695 760 1725 ut
791 1703 885 1737 quos
917 1690 1019 1725 Deus
1046 1690 1204 1725 honorat
1229 1690 1269 1724 in
1301 1689 1415 1724 caelis
1446 1701 1514 1724 nos
1544 1689 1798 1723 venerationis
1836 1687 1959 1723 officio
1991 1687 2070 1722 lau-

321 1751 453 1785 demus
479 1755 515 1784 et
532 1750 789 1796 glorificemus
807 1749 846 1783 in
865 1750 987 1795 terris,
1016 1762 1104 1783 011111
1130 1749 1211 1795 ipse
1237 1749 1365 1795 potius
1391 1748 1567 1783 laudetur
1592 1752 1629 1782 et
1647 1747 1880 1793 glorificetur
1904 1747 1944 1781 111
1975 1746 2068 1792 illis,

321 1810 386 1856 qui
413 1814 469 1844 est
494 1808 696 1844 laudabilis
723 1813 760 1843 et
785 1808 972 1854 gloriosus
998 1808 1037 1842 in
1056 1807 1221 1853 saecula,
1241 1807 1344 1842 hunc
1362 1807 1464 1841 diem
1482 1806 1779 1841 canonizati(1›nis
1803 1805 1923 1852 ipsius
1949 1806 2069 1840 sancti

320 1869 606 1904 Bonaventurae
633 1868 672 1902 in
699 1868 823 1902 medio
850 1867 1029 1902 basilicae
1055 1866 1245 1913 Principis
1271 1865 1543 1912 Apostolorum
1573 1865 1619 1899 de
1646 1864 1765 1910 Urbe,
1799 1877 1874 1911 quo
1906 1864 2071 1898 maxima

321 1928 443 1962 omnis
461 1927 610 1973 generis
629 1927 845 1973 ordinisque
872 1925 1078 1960 multitudo
1105 1925 1352 1971 confluxerat,
1373 1924 1642 1959 celebrandum
1661 1923 1871 1959 statuimus.
1903 1922 1963 1957 Ibi
1986 1922 2069 1957 reli-

323 1987 407 2033 quis
433 1986 610 2021 omnibus
636 1985 807 2031 legitime
833 1985 1005 2031 peractis,
1024 1984 1240 2031 praedictus
1260 1983 1411 2019 Ordinis
1429 1982 1619 2018 Minorum
1638 1982 1868 2029 Procurator,
1888 1982 1928 2015 in
1945 1981 2070 2016 medio

323 2050 441 2090 stans,
470 2045 615 2079 dictum
642 2044 738 2078 illud
765 2043 866 2078 beati
892 2043 1044 2078 Ioannis
1070 2042 1234 2089 apostoli
1262 2042 1362 2077 clara
1387 2055 1479 2077 voce
1505 2054 1736 2088 proponens,
1757 2040 1952 2075 videlicet:
1985 2040 2070 2075 Tres

323 2107 421 2148 savit,
441 2104 502 2151 qui
519 2103 750 2138 testiw'zonium
767 2102 854 2137 dant
871 2102 909 2136 ivn
927 2102 1035 2147 eaelo,
1055 2101 1184 2146 Pater,
1210 2100 1357 2136 Verbum
1370 2103 1401 2135 et
1414 2100 1574 2147 Spiritus
1591 2100 1742 2135 Sanctus
1764 2100 1807 2146 (I.
1826 2099 1928 2134 Ioan.
1947 2100 1983 2145 5,
2004 2099 2067 2144 7.),

323 2163 500 2210 probavit
517 2162 645 2207 etiam,
664 2161 795 2196 habito
814 2173 925 2207 super
942 2161 1158 2207 praemissis
1174 2172 1367 2206 processu,
1386 2160 1488 2206 ipsas
1506 2159 1744 2194 beatissimae
1768 2158 1963 2193 Trinitatis
1988 2170 2070 2204 per-

325 2234 434 2257 sonas
451 2221 725 2264 testimonium,
754 2220 854 2266 quod
880 2219 1013 2254 beatus
1038 2219 1304 2254 Bonaventura
1328 2219 1368 2252 in
1401 2218 1504 2252 caelo
1542 2218 1605 2263 sit,
1640 2218 1886 2263 praestitisse:
1920 2216 2066 2251 Patrem

326 2280 505 2315 videlicet
530 2280 569 2313 in
583 2278 854 2313 .miraculorum
873 2278 1056 2324 potentia,
1072 2276 1214 2311 Filium
1232 2277 1272 2311 in
1290 2277 1482 2311 doctrinae
1508 2277 1708 2322 sapientia,
1728 2281 1766 2310 et
1783 2275 1965 2321 Spiritum
1980 2274 2069 2311 San-

326 2344 430 2374 ctum
456 2339 494 2373 in
522 2339 620 2372 vitae
647 2338 767 2383 ipsius
793 2336 973 2371 bonitate.
1001 2336 1050 2371 Et
1074 2341 1273 2382 propterea
1297 2348 1374 2370 non
1400 2335 1524 2370 solum
1551 2334 1770 2370 nominibus
1797 2334 1982 2379 omnium,
2003 2334 2067 2380 qui

325 2399 423 2433 hanc
451 2398 572 2444 ipsam
610 2396 935 2431 canonizationem
973 2395 1053 2429 fieri
1091 2394 1370 2441 supplicarunt,
1410 2394 1475 2429 sed
1502 2394 1615 2428 etiam
1646 2406 1692 2428 cx
1718 2398 1823 2439 parte
1848 2392 2068 2427 individuae

327 2457 537 2501 Trinitatis,
576 2455 699 2490 Patris
737 2460 774 2489 et
800 2454 889 2489 Filii
914 2458 952 2488 et
977 2453 1140 2500 Spiritus
1178 2452 1322 2499 Sancti,
1362 2457 1405 2487 ut
1430 2453 1557 2499 ipsum
1583 2452 1737 2487 beatum
1764 2452 2067 2487 Bonaventuran‘i

327 2521 499 2551 sanctum
516 2515 758 2561 pronuntiare
777 2514 1035 2559 dignaremur,
1062 2513 1261 2557 instanter,
1288 2512 1492 2546 instantius
1510 2516 1547 2545 et
1564 2511 1836 2547 instantissime
1859 2510 2067 2557 requisivit.

327 2574 568 2610 Confidentes
593 2574 720 2619 igitur,
749 2572 850 2619 quod
876 2572 915 2606 in
940 2572 1011 2606 hac
1038 2571 1322 2605 canonizatione
1340 2583 1416 2605 non
1435 2570 1630 2616 permittat
1648 2582 1716 2604 nos
1734 2569 1836 2604 Deus
1854 2582 1983 2614 errare,
2003 2569 2068 2615 qui

327 2633 453 2668 omnia
479 2633 517 2666 in
545 2645 587 2666 ea
613 2630 900 2678 quomodolibet
924 2630 1106 2676 requisita
1136 2629 1249 2663 etiam
1267 2628 1618 2675 superabundanter
1635 2628 1823 2663 observari
1854 2627 2015 2662 fecimus
2032 2632 2069 2661 et

327 2691 625 2736 observavimus,
654 2691 699 2724 de
726 2689 931 2724 eorundem
961 2688 1120 2723 fratrum
1137 2692 1350 2722 nostrorum
1369 2686 1403 2723 S.
1423 2687 1466 2721 R.
1485 2686 1527 2722 E.
1547 2686 1803 2722 Cardinalium
1823 2686 2068 2731 onmiumquc

326 2750 579 2796 pra-elatorum
603 2750 643 2783 in
669 2748 838 2783 Romana
864 2747 976 2783 Curia
1001 2747 1245 2781 existentium
1270 2746 1441 2780 unanimi
1468 2758 1653 2780 consensu
1672 2750 1709 2779 et
1727 2750 1872 2779 maturo
1898 2744 2066 2787 consilio,

327 2809 372 2843 (10
399 2808 670 2854 omnipotentis
697 2807 767 2842 Dei
793 2819 835 2841 ac
870 2806 1067 2840 beatorum
1093 2805 1196 2839 Petri
1235 2810 1271 2839 et
1308 2804 1418 2839 Pauli
1445 2804 1714 2850 Apostolorum
1740 2804 1821 2838 eius
1847 2803 2067 2837 auctoritate

328 2867 474 2912 confisi,
502 2866 635 2900 beatae
660 2866 860 2900 memoriae
888 2864 1193 2898 Bonaventuram
1211 2863 1581 2909 Balneoregiensem,
1602 2875 1726 2897 sacrae
1752 2861 1965 2905 theologiae
1984 2873 2068 2906 pro-

328 2926 521 2971 fessorem,
541 2938 587 2959 ex
604 2924 747 2971 gremio
765 2924 860 2958 sacri
879 2922 1030 2958 Ordinis
1048 2922 1237 2957 Minorum
1252 2926 1288 2956 et
1306 2934 1351 2956 ex
1371 2921 1493 2956 officio
1512 2920 1758 2956 Generalatus
1776 2921 1815 2954 111
1834 2919 2065 2965 Episcopum
