2253 3317
880 114 964 142 DIST.
985 113 1049 141 Vlll.
1070 113 1097 141 P.
1118 113 1147 141 11.

511 191 571 217 exp.
590 191 618 217 ΙΙ.

332 277 370 302 De
388 274 656 302 incommutabilitate
674 273 800 301 eiusdem.

218 361 265 387 Dei
284 361 364 396 etiam
382 360 465 386 solius
494 360 607 386 essentia
634 359 744 394 proprie
762 358 988 385 incommutabilis

148 403 257 436 dicitur,
271 403 332 437 quia
347 410 397 429 nec
416 405 534 429 mutatur
552 409 601 428 nec
620 401 718 428 mutari
737 403 832 435 potest.
849 400 925 427 Unde
938 400 989 426 Au-

148 446 269 479 gustinus
287 445 314 471 in
333 445 425 479 quinto
444 444 513 471 libro
532 444 566 470 de
584 444 712 470 Trinitate
724 444 746 470 ¹:
766 454 777 467 «
790 443 879 475 Aliae,
893 443 987 477 inquit,

148 487 278 514 essentiae
304 487 346 513 vel
374 486 539 513 substantiae
557 486 667 520 capiunt
695 485 861 517 accidentia,
890 484 988 519 quibus

148 530 175 555 in
194 530 232 565 eius
252 529 297 556 1131
316 529 358 555 vel
377 535 473 562 magna
492 528 535 555 vel
553 531 771 562 quantacumque
790 527 901 553 mutatio
913 536 919 559 ;
932 527 988 553 Deo

148 575 237 599 autem
256 572 358 606 aliquid
376 571 529 598 huiusmodi
549 570 672 597 accidere
690 578 742 596 non
762 572 864 604 potest;
885 573 911 596 et
927 569 987 595 ideo

147 614 203 641 sola
223 614 371 641 substantia
390 614 432 640 vel
452 613 565 640 essentia
577 634 583 644 ,
611 620 680 647 quae
708 615 748 639 est
775 613 863 643 Deus,
891 612 989 638 incom-

147 657 283 684 mutabilis
302 659 358 688 est‚
377 656 420 683 cui
439 656 559 690 profecto
578 655 695 682 maxime
715 662 746 681 ac
766 655 904 681 verissime
917 661 988 680 com-

147 700 214 735 petit
232 707 292 726 esse.
311 698 387 730 Quod
406 699 476 725 enim
495 700 613 725 mutatur
631 705 684 724 non
702 700 791 724 servat
809 697 897 731 ipsum
917 704 969 723 esse
977 707 988 728 ,-

148 746 174 769 et
193 742 266 777 quod
284 742 382 768 mutari
400 744 505 776 potest,
524 741 604 767 etiam
627 740 649 766 si
668 747 720 766 non
748 742 882 771 mutetur,
901 742 989 773 potest

148 785 221 820 quod
239 785 325 811 fuerat
343 791 395 810 non
415 791 489 816 esse;
513 783 628 817 ideoque
645 782 709 809 illud
729 782 824 813 solum,
844 781 916 816 quod
936 788 988 807 non

148 830 250 854 tantum
269 834 321 853 non
340 829 458 853 mutatur
469 846 475 857 ,
494 832 588 852 verum
608 826 687 851 etiam
706 825 805 851 mutari
818 824 924 851 omnino
936 831 988 850 non

148 873 244 905 potest,
262 869 401 896 verissime
421 869 519 895 dicitur
538 875 596 895 esse
609 879 634 899 »,
650 868 678 894 id
692 870 731 894 est
744 867 892 894 substantia
904 867 989 893 Patris

149 915 175 939 et
193 912 251 939 Filii
272 914 298 938 et
316 911 431 946 Spiritus
450 911 545 937 sancti.
564 910 680 945 Ideoque
706 909 850 944 Apostolus
877 909 990 943 loquens

149 955 182 981 de
212 955 266 981 Deo
294 954 331 980 ait
343 954 369 980 ²:
401 953 453 986 Qui
478 953 552 979 solus
583 952 660 979 habet
691 951 929 978 immortalitatem.
957 951 991 978 Ut

149 998 220 1024 enim
239 997 275 1023 ait
302 996 466 1030 Augustinus
493 996 520 1021 in
548 995 616 1021 libro
644 995 731 1029 primo
761 994 794 1021 de
821 994 949 1020 Trinitate
963 994 989 1020 ³:

154 1051 165 1063 ιι
179 1040 245 1067 Cum
264 1039 352 1066 anima
372 1038 488 1073 quodam
508 1038 587 1064 modo
613 1037 771 1064 immortalis
800 1044 858 1064 esse
885 1037 991 1063 dicatur

150 1085 175 1109 et
194 1082 244 1114 sit,
263 1090 316 1108 non
335 1081 436 1108 diceret
454 1080 614 1115 Apostolus:
640 1080 718 1106 Solus
746 1080 816 1107 Deus
845 1079 922 1106 habet
940 1078 991 1105 im-

148 1123 359 1154 mortalitatem,
379 1124 429 1150 nisi
449 1123 511 1158 quia
531 1130 593 1149 vera
614 1122 800 1149 immortalitas
819 1122 992 1149 incommuta-

149 1167 238 1194 bilitas
257 1170 310 1198 est,
331 1174 412 1201 quam
431 1166 504 1192 nulla
527 1168 615 1200 potest
642 1166 742 1192 habere
769 1168 909 1197 creatura,
928 1172 992 1199 quo-

149 1210 221 1236 niam
240 1209 322 1236 solius
342 1209 474 1236 Creatoris
493 1211 568 1235 est».
587 1208 662 1235 Unde
675 1208 787 1235 Iacobus
810 1208 846 1234 ait
859 1207 885 1233 ⁴:
908 1206 992 1242 Apud

150 1260 227 1288 quem
245 1260 302 1278 non
324 1255 361 1278 est
384 1250 574 1278 transmutatio
602 1259 649 1277 uec
675 1249 871 1277 vicissitudinis
899 1249 992 1276 obum-

151 1294 245 1322 bratio.
264 1295 297 1321 Et
315 1294 417 1321 David:
437 1293 555 1322 Mutabis
574 1302 623 1324 eci,
643 1297 666 1320 et
683 1292 862 1320 mutabuntur
872 1303 883 1324 ‚·
898 1297 927 1319 tu
943 1300 992 1319 au-

150 1342 202 1364 tem
221 1337 291 1364 idem
310 1337 366 1372 ipse
395 1345 428 1364 es.
456 1337 518 1363 Ideo
546 1336 710 1370 Augustinus
737 1343 819 1370 super
845 1335 968 1362 Genesim
982 1335 992 1348 ⁵

150 1381 232 1412 dicit,
252 1380 325 1414 quod
343 1381 415 1407 Deus
433 1387 483 1406 300
501 1387 550 1413 per
569 1379 628 1406 loca
653 1386 702 1405 nec
720 1386 770 1413 per
798 1381 920 1413 tempora
939 1385 993 1404 mo-

150 1426 235 1455 vetur,
254 1425 376 1449 creatura
387 1429 450 1449 vero
460 1429 509 1456 per
520 1424 641 1456 tempora
653 1424 679 1447 et
692 1421 759 1448 loca.
770 1421 803 1447 Et
813 1429 863 1456 per
874 1424 993 1455 tempora

961 1502 1033 1530 ΡΑ35

511 1587 571 1615 CAP.
590 1587 630 1614 III.

384 1673 421 1700 De
439 1672 610 1708 simplicitate
630 1671 755 1699 eiusdem.

222 1760 376 1794 Eademque
395 1758 451 1785 sola
470 1758 580 1792 proprie
599 1765 630 1785 30
650 1765 713 1784 vere
731 1757 846 1791 simplex
870 1760 926 1790 est,
945 1757 993 1783 ubi

152 1810 201 1830 300
220 1803 338 1837 partium
357 1809 406 1828 300
425 1800 604 1827 accidentium
623 1807 671 1826 seu
683 1800 693 1813 ⁹
707 1799 888 1834 quarumlibet
900 1799 994 1826 forma-

152 1852 212 1872 rum
231 1845 285 1872 11113
304 1847 343 1871 051
361 1844 502 1870 diversitas
520 1843 577 1869 sive
596 1842 709 1869 variatio
731 1842 773 1868 vel
791 1841 942 1868 multitudo.
960 1841 994 1867 Ut

153 1891 242 1915 autem
254 1887 324 1914 scias
335 1908 341 1919 ,
355 1886 490 1921 quomodo
509 1885 623 1919 simplex
642 1885 676 1911 sit
690 1884 733 1911 illa
748 1884 911 1916 substantia,
925 1887 955 1910 ut
968 1887 993 1911 te

153 1930 232 1957 docet
250 1929 413 1963 Augustinus
426 1929 452 1955 in
466 1931 541 1955 sexto
561 1927 629 1954 libro
641 1927 674 1954 de
686 1927 813 1953 Trinitate
827 1926 848 1939 ¹⁰
857 1947 863 1958 ,
891 1938 902 1949 «
912 1927 994 1952 anim-

153 1973 263 1999 adverte
289 1972 391 2006 primo,
420 1978 503 2005 quare
532 1970 617 1996 omnis
645 1972 769 1996 creatura
791 1969 825 1995 sit
852 1969 993 2003 multiplex

153 2018 180 2042 et
197 2015 270 2042 nullo
288 2014 368 2041 modo
387 2021 450 2041 vere
469 2013 600 2047 simplex,
620 2016 645 2039 et
664 2013 751 2046 primo
780 2012 814 2039 de
841 2012 994 2046 corporali,

153 2060 247 2093 postea
265 2057 298 2084 de
316 2056 449 2091 spirituali
467 2059 598 2083 creatura.
622 2055 774 2089 Corporalis
801 2054 894 2089 utique
922 2061 994 2081 crea-

153 2103 214 2126 tura
232 2099 354 2133 partibus
372 2101 492 2131 constat,
512 2098 548 2124 ita
567 2100 596 2124 ut
615 2097 649 2123 sit
666 2097 704 2123 ibi
727 2096 779 2123 alia
798 2103 861 2130 pars
889 2096 993 2128 minor,

154 2142 206 2169 alia
224 2142 309 2168 maior
320 2162 326 2173 ,
345 2144 370 2168 et
388 2141 475 2168 maius
493 2140 527 2166 sit
546 2143 631 2166 totum
650 2146 731 2174 quam
758 2146 822 2173 pars
840 2139 993 2173 quaelibet;

155 2188 181 2212 et
199 2185 225 2211 in
245 2191 408 2218 unoquoque
426 2190 540 2217 corpore
558 2182 631 2209 aliud
650 2184 690 2208 est
717 2181 872 2215 magnitudo
885 2202 891 2213 ,
920 2181 993 2207 aliud

155 2228 245 2259 color,
264 2227 336 2253 aliud
355 2227 448 2260 figura.
468 2226 557 2252 Potest
576 2225 656 2256 enim,
676 2227 702 2251 et
721 2224 823 2250 minuta
837 2223 994 2257 magnitudi-

156 2277 200 2302 ne,
219 2276 327 2296 manere
345 2269 417 2295 idem
438 2268 512 2295 color
523 2270 549 2294 et
562 2267 656 2294 eadem
675 2267 776 2300 figur33
796 2269 822 2293 et
835 2266 925 2292 colore
938 2273 994 2292 mu-

156 2315 209 2339 tato
221 2333 227 2343 ,
244 2318 353 2338 manere
371 2311 465 2338 eadem
484 2310 568 2343 figura
587 2312 613 2336 et
641 2309 735 2336 eadem
762 2308 925 2341 magnitudo.
954 2308 993 2334 Ac

1827 114 1881 142 147

1043 189 1148 215 moveri
1165 192 1204 216 est
1223 196 1271 223 per
1290 189 1441 216 affectiones
1461 190 1635 223 commutari,
1649 190 1719 216 Deus
1733 193 1821 217 autem
1833 197 1883 217 nec

1044 231 1103 258 loco
1122 239 1172 258 nec
1191 231 1329 258 affectione
1348 232 1445 258 mutari
1465 235 1570 265 potest,
1590 233 1635 266 qui
1655 240 1703 267 per
1722 233 1882 267 Proplietam

1044 274 1081 300 ait
1095 273 1122 300 ⁶:
1141 274 1196 308 qu
1216 274 1305 304 Deus,
1325 277 1348 299 et
1366 281 1423 300 non
1441 278 1550 304 mutor,
1571 275 1617 308 qui
1645 278 1683 301 est
1711 275 1883 301 immutabilis

1044 316 1124 342 solus.
1143 315 1219 342 Unde
1238 318 1311 342 recte
1329 315 1402 342 sotus
1422 315 1520 342 dicitur
1537 316 1632 343 luthere
1645 316 1883 344 immortalitatem.

1050 358 1101 384 «In
1121 358 1192 384 omni
1212 358 1282 384 enim
1311 357 1432 384 mutabili
1460 361 1572 389 natura,
1600 362 1630 385 ut
1657 360 1693 385 311
1721 359 1883 392 Augustinus

1044 403 1137 427 contra
1156 401 1330 427 Maximinum
1344 400 1367 431 ⁷,
1386 400 1513 426 nonnulla
1532 408 1604 426 mors
1623 404 1663 427 est
1682 401 1740 435 ipsa
1759 402 1884 433 mutatio,

1045 443 1108 477 quia
1127 443 1189 469 facit
1208 442 1311 477 aliquid
1329 443 1357 468 in
1376 449 1407 469 ea
1426 449 1478 468 non
1497 449 1572 473 esse,
1592 443 1664 476 quod
1684 446 1748 469 erat.
1768 443 1843 470 Unde
1859 447 1885 470 et

1044 486 1103 520 ipsa
1122 485 1211 512 anima
1233 485 1368 517 humana,
1396 491 1466 519 quae
1494 485 1554 511 ideo
1583 484 1681 511 dicitur
1710 485 1885 517 immortalis,

1044 529 1108 563 quia
1127 528 1275 554 secundum
1294 527 1403 554 modum
1417 534 1496 553 suum
1518 534 1655 561 nunquam
1670 527 1767 553 desinit
1780 528 1884 560 vivere,

1044 571 1125 597 habet
1147 573 1236 597 tamen
1259 570 1394 604 quandam
1422 572 1535 596 mortem
1563 577 1656 602 suam;
1685 570 1748 603 quia
1768 570 1790 596 si
1817 571 1886 597 iuste

1044 614 1152 640 vivebat
1171 616 1196 640 et
1215 616 1324 647 peccat,
1343 612 1456 638 moritur
1474 612 1607 645 iustitiae;
1631 612 1653 638 si
1672 613 1810 646 peccatrix
1830 616 1886 639 erat

1045 659 1071 683 et
1089 656 1249 682 iustificatur
1260 675 1266 686 ‚
1285 655 1398 681 moritur
1416 657 1527 689 peccato
1539 675 1545 686 ,
1565 657 1594 681 ut
1613 655 1678 681 alias
1696 655 1753 681 eius
1766 656 1886 681 mutatio-

1044 706 1091 725 nes
1110 702 1227 729 taceam,
1247 697 1281 723 de
1300 697 1398 731 quibus
1417 697 1496 723 modo
1516 697 1624 730 longum
1644 699 1683 723 est
1696 697 1839 731 disputare.
1854 698 1887 723 Et

1045 744 1230 767 creaturarum
1249 742 1345 766 natura
1364 739 1520 766 caelestium
1538 739 1606 765 mori
1625 739 1725 773 potuit,
1745 740 1808 773 quia
1827 746 1887 773 pec-

1045 790 1108 810 care
1126 783 1221 817 potuit.
1239 782 1307 809 Nam
1326 785 1353 808 et
1371 781 1464 815 Angeli
1483 784 1663 816 peccaverunt
1692 785 1718 808 et
1743 782 1887 808 daemones

1044 826 1106 852 13011
1127 828 1201 857 51131,
1221 832 1336 859 quorum
1356 827 1395 851 est
1414 824 1537 851 diabolus
1555 824 1699 858 princeps3
1723 827 1749 851 et
1768 825 1814 859 qui
1834 832 1886 851 non

1045 870 1243 903 peccaverunt,
1262 874 1376 901 peccare
1394 869 1556 901 potuerunt3
1578 869 1603 893 et
1626 867 1788 900 cuicumque
1817 873 1888 893 crea-

1046 914 1122 938 turae
1140 910 1264 937 rationali
1282 912 1450 944 praestatur,
1470 912 1499 936 31
1518 916 1632 943 peccare
1650 916 1702 935 non
1721 909 1822 943 possit,
1835 916 1887 935 non

1047 956 1086 980 est
1104 953 1156 979 11οο
1175 955 1286 979 3313130
1308 952 1451 986 propriae,
1479 951 1525 978 sed
1553 952 1601 978 Dei
1630 951 1738 984 gratiae.
1767 951 1799 977 Et
1826 951 1887 977 ideo

1045 995 1119 1022 solus
1139 995 1228 1025 Deus,
1247 997 1277 1021 ut
1297 995 1334 1021 ait
1352 993 1495 1028 Apostolus
1507 1014 1513 1025 ,
1533 992 1608 1020 habet
1637 992 1887 1023 inmortalitatem,

1047 1038 1093 1072 qui
1112 1045 1165 1064 non
1184 1037 1344 1071 cuiusquam
1363 1036 1464 1070 gratia,
1485 1036 1531 1062 sed
1552 1039 1646 1062 natura
1666 1043 1714 1062 sua
1733 1043 1782 1062 nec
1802 1036 1889 1069 potuit

1047 1087 1096 1107 nec
1115 1082 1203 1114 potest
1222 1079 1313 1113 aliqua
1332 1079 1506 1105 conversione
1525 1079 1640 1110 mutari,
1659 1086 1708 1105 1100
1734 1078 1821 1112 potuit
1839 1085 1888 1104 300

1046 1122 1146 1157 poterit
1163 1122 1254 1156 aliqua
1272 1121 1419 1148 mutatione
1446 1128 1560 1155 peccare
1573 1132 1597 1147 ».
1623 1120 1776 1152 «Proinde,
1805 1123 1834 1147 ut
1853 1120 1890 1147 ait

1047 1165 1211 1199 Augustinus
1230 1164 1257 1190 in
1276 1164 1363 1198 primo
1386 1164 1454 1190 libro
1475 1163 1508 1190 de
1528 1164 1654 1190 Trinitate
1669 1163 1695 1195 ⁸,
1714 1163 1889 1190 substantiam

1047 1208 1096 1234 Dei
1115 1208 1172 1234 sine
1190 1207 1245 1233 3113
1264 1207 1305 1233 531
1324 1207 1532 1233 00313131311030
1551 1206 1689 1233 mutabilia
1709 1206 1848 1232 facientem
1863 1209 1889 1232 et

1048 1250 1105 1276 sine
1124 1249 1178 1276 ullo
1198 1256 1246 1275 suo
1267 1249 1405 1283 temporali
1426 1252 1500 1275 motu
1519 1249 1677 1283 temporalia
1697 1252 1831 1275 creantem
1855 1248 1891 1274 in-

1048 1292 1117 1319 tueri
1137 1295 1162 1318 et
1180 1299 1276 1323 nosse,
1295 1291 1358 1318 licet
1376 1292 1410 1318 sit
1429 1291 1553 1324 difficile,
1572 1294 1714 1325 oportet».
1739 1291 1808 1317 Vere
1827 1298 1890 1324 ergo

1049 1342 1080 1362 ac
1099 1335 1209 1369 proprie
1228 1334 1454 1360 incommutabilis
1482 1337 1522 1360 est
1549 1334 1605 1360 sola
1628 1333 1778 1360 Divinitatis
1807 1340 1892 1359 essen-

1050 1378 1099 1409 tia,
1119 1384 1188 1411 quae
1207 1377 1263 1403 sine
1282 1377 1324 1403 sui
1343 1376 1489 1402 mutatione
1508 1379 1619 1402 cunctas
1638 1376 1757 1402 condidit
1774 1378 1890 1402 naturas.

1053 1501 1083 1529 ll.

1049 1593 1098 1620 per
1116 1586 1168 1612 hoc
1187 1585 1328 1619 multiplex
1347 1592 1405 1612 esse
1434 1585 1602 1611 convincitur
1630 1588 1725 1612 natura
1753 1584 1890 1618 corporis,

1051 1628 1165 1663 simplex
1185 1631 1274 1655 antem
1293 1628 1366 1654 nullo
1385 1627 1464 1654 modo
1479 1638 1502 1654 ι».

1409 1712 1469 1740 ΟΑΡ.
1489 1713 1530 1740 iv.

1119 1799 1157 1824 De
1176 1797 1314 1832 corporali
1332 1801 1355 1823 et
1373 1796 1516 1832 spirituali
1534 1801 1667 1827 creatura,
1688 1796 1819 1833 quomodo

1234 1839 1269 1866 sit
1287 1839 1441 1874 multipleoe,
1461 1844 1484 1866 et
1502 1848 1558 1866 uon
1577 1839 1701 1875 simplem.

1126 1937 1136 1948 ιι
1156 1925 1283 1952 Creatura
1302 1932 1411 1960 quoque
1442 1925 1606 1959 spiritualis,
1635 1928 1665 1951 ut
1684 1928 1724 1951 est
1742 1925 1845 1956 anima,
1865 1925 1891 1951 in

1050 1968 1250 2002 comparatione
1269 1967 1378 2002 quidem
1398 1968 1519 2002 corporis
1538 1970 1578 1994 est
1596 1967 1725 2001 simplex,
1744 1968 1801 1994 sine
1820 1974 1889 1993 com-

1049 2011 1188 2044 paratione
1207 2017 1270 2036 vero
1290 2010 1411 2044 corporis
1429 2010 1570 2044 multiplex
1589 2013 1643 2041 est,
1663 2012 1689 2036 et
1701 2017 1753 2036 non
1767 2009 1890 2044 simplex.

1049 2052 1121 2083 Quae
1135 2052 1194 2079 ideo
1208 2052 1322 2087 simplex
1341 2052 1440 2079 dicitur
1459 2055 1583 2086 respectu
1596 2052 1731 2086 corporis,
1744 2052 1807 2086 quia
1821 2052 1891 2078 mole

1049 2103 1101 2121 non
1121 2095 1277 2122 diffunditur
1296 2102 1346 2129 per
1364 2095 1481 2129 spatium
1500 2094 1569 2126 loci,
1598 2094 1645 2121 sed
1673 2095 1699 2120 in
1727 2101 1890 2128 unoquoque

1050 2145 1163 2172 corpore
1183 2141 1209 2164 et
1227 2138 1253 2163 in
1272 2140 1327 2164 toto
1347 2140 1401 2164 tota
1421 2140 1460 2164 est
1479 2140 1505 2163 et
1527 2137 1552 2163 in
1581 2137 1701 2171 qualibet
1729 2137 1786 2163 eius
1814 2139 1890 2170 parte

1049 2183 1104 2206 tota
1123 2183 1170 2206 est.
1189 2180 1222 2206 Et
1241 2179 1301 2206 ideo
1314 2201 1320 2212 ,
1339 2187 1401 2206 cum
1420 2180 1449 2205 fit
1459 2179 1478 2192 ¹¹
1507 2179 1609 2214 aliquid
1632 2180 1658 2206 in
1680 2180 1775 2214 quavis
1794 2179 1891 2212 exigua

1049 2223 1182 2257 particula
1201 2223 1340 2257 corporis,
1359 2222 1431 2256 qnod
1450 2222 1546 2248 sentiat
1565 2222 1652 2248 anima
1664 2244 1670 2255 ,
1696 2222 1819 2256 quamvis
1838 2229 1889 2248 non

1050 2266 1096 2291 fiat
1113 2265 1139 2291 in
1159 2268 1214 2291 1010
1234 2272 1347 2299 001ρο10
1358 2285 1364 2296 ,
1383 2264 1428 2291 1113
1449 2267 1535 2291 tamen
1555 2267 1609 2291 tota
1622 2264 1716 2296 sentit,
1730 2264 1793 2298 quia
1808 2266 1889 2290 totam

1050 2315 1101 2334 non
1121 2307 1192 2333 latet.
1206 2307 1258 2333 Sed
1279 2310 1365 2333 tamen
1382 2314 1431 2333 nec
1445 2307 1470 2333 in
1485 2307 1541 2341 ipsa
1556 2307 1644 2333 anima
1657 2313 1720 2333 vera
1733 2306 1891 2340 simplicitas

219 2431 226 2446 ¹
244 2430 299 2459 Cap.
316 2431 336 2453 2.
360 2437 381 2453 n.
399 2431 419 2452 3.
436 2442 468 2447 -
485 2430 506 2451 13
524 2436 570 2458 quo
587 2431 647 2452 textu
664 2432 717 2457 post
739 2434 788 2451 non
812 2429 894 2452 servat
914 2428 993 2458 ipsum

158 2472 235 2492 contra
252 2470 376 2497 originale,
394 2468 461 2491 codd.
479 2471 501 2491 et
512 2468 548 2490 ed.
560 2468 568 2489 «1
584 2467 635 2490 Vat.
646 2473 699 2489 cum
709 2467 757 2489 aliis
767 2466 819 2489 edd.
829 2466 892 2488 addit
903 2471 993 2489 verum.

219 2508 229 2523 ²
246 2509 259 2530 l.
278 2509 377 2530 Timoth.
395 2508 408 2529 6
420 2526 425 2535 ,
444 2507 487 2535 16;
505 2507 566 2529 idem
583 2509 657 2529 textus
674 2506 730 2528 13113
748 2505 783 2528 bis
800 2506 905 2528 occurrit.

219 2546 229 2561 ³
246 2546 300 2575 Cap.
322 2547 339 2568 1.
359 2553 378 2569 n.
399 2547 419 2568 2.

221 2584 229 2596 ⁴
246 2585 300 2613 Cap.
321 2586 344 2613 t,
363 2585 398 2607 17.
416 2585 467 2607 Sola
484 2584 534 2606 Vat.
553 2583 622 2613 Apud
645 2583 728 2605 Deum.
745 2595 777 2599 —
793 2583 897 2611 Sequcns
921 2585 995 2605 textus

159 2627 193 2646 est
208 2624 288 2646 Psalm.
307 2624 363 2651 tot,
382 2624 418 2645 28.

221 2662 231 2677 ⁵
246 2663 320 2691 Super
336 2662 416 2684 Genes.
434 2661 463 2684 ad
480 2662 576 2684 litteram
593 2660 647 2683 Vlll.
670 2666 689 2683 e.
707 2660 744 2682 20.
767 2666 788 2682 n.
813 2660 849 2682 39.
867 2659 996 2682 secundum

159 2708 267 2729 sensum;
285 2702 324 2723 011.
341 2702 409 2723 etiam
426 2706 445 2723 c.
463 2701 499 2722 21.
518 2701 553 2722 22.
573 2700 608 2721 23.
627 2700 663 2721 -26,

220 2740 230 2755 ὃ
247 2740 338 2762 1113111011.
357 2741 383 2768 3,
402 2740 422 2761 6.
440 2739 551 2767 Vulgata:
569 2739 620 2768 Eyo
638 2738 753 2761 Dominus
770 2740 812 2760 etc.

221 2778 231 2793 7
247 2778 306 2800 Libr.
324 2779 346 2800 ll.
365 2785 383 2800 c.
405 2779 438 2800 12.
456 2785 477 2800 n.
500 2778 516 2800 1.

222 2816 231 2831 Β
248 2817 302 2845 Cap.
321 2818 340 2839 1.
359 2824 380 2839 n.
398 2817 418 2839 3.

222 2855 231 2869 ⁹
248 2855 316 2883 Edd.,
333 2856 433 2883 exceptis
453 2856 458 2877 1
474 2874 478 2883 ,
497 2856 526 2883 8,
543 2861 592 2878 nec.

1023 2841 1024 2847 ¹
1052 2815 1100 2837 tota
1116 2813 1196 2836 auium
1214 2819 1285 2840 vem,-
1303 2815 1324 2835 et
1341 2812 1473 2834 immediate
1490 2814 1543 2840 post
1558 2811 1610 2834 edd.
1629 2812 1655 2839 2,
1681 2811 1693 2833 3
1704 2829 1709 2839 ,
1737 2817 1743 2832 A

1111 2428 1131 2442 ¹⁰
1146 2427 1200 2456 Cap.
1219 2428 1239 2449 6.
1257 2433 1278 2449 n.
1297 2428 1318 2449 8.
1330 2439 1362 2444 ——
1372 2428 1441 2449 Paulo
1458 2430 1509 2450 ante
1526 2427 1666 2449 restituimus
1677 2433 1704 2449 ex
1716 2426 1783 2449 codd.
1796 2429 1818 2448 et
1835 2426 1887 2448 cdd.

1051 2467 1059 2488 11
1075 2484 1079 2495 ,
1098 2467 1123 2494 6,
1142 2467 1154 2488 8
1172 2467 1199 2489 ut
1215 2469 1266 2488 ante
1283 2466 1349 2489 docet
1364 2465 1519 2495 Augustinus.
1538 2466 1560 2487 ln
1578 2466 1628 2493 ipso
1645 2467 1705 2487 textu
1723 2468 1773 2487 31110
1790 2464 1817 2487 tle
1839 2470 1889 2487 cot·—

1046 2504 1130 2535 porali
1145 2505 1196 2527 Vat.
1209 2511 1262 2527 cum
1280 2505 1328 2527 aliis
1345 2504 1410 2533 edd.‚
1428 2505 1527 2532 exceptis
1547 2504 1571 2532 1,
1587 2503 1613 2531 4,
1629 2503 1734 2533 primum
1747 2509 1790 2531 pro
1804 2502 1887 2532 primo.

1050 2543 1136 2566 Deinde
1154 2546 1204 2565 ante
1220 2542 1328 2572 partibus
1345 2543 1395 2565 Vat.
1413 2549 1466 2565 cum
1484 2543 1589 2570 plurimis
1606 2542 1658 2564 edd.
1676 2545 1698 2564 et
1714 2542 1766 2564 cod.
1790 2542 1806 2563 B
1826 2541 1889 2563 addit

1050 2588 1087 2605 em.
1106 2583 1154 2604 Mox
1172 2585 1224 2610 post
1240 2581 1272 2604 ibi
1287 2582 1336 2604 Vat.
1354 2583 1418 2610 ponit
1434 2581 1517 2611 aliqua
1534 2587 1576 2609 pro
1592 2580 1649 2603 ulia.
1667 2581 1735 2603 Paulo
1757 2581 1813 2602 13113
1837 2582 1888 2602 ante

1050 2620 1136 2651 fiqura.
1149 2620 1227 2643 Potest
1238 2620 1287 2643 Vat.
1305 2626 1358 2642 cum
1376 2620 1480 2648 plurimis
1497 2619 1549 2642 edd.
1567 2619 1642 2642 adiicit
1659 2620 1698 2648 est,
1716 2622 1738 2641 ct
1758 2618 1888 2641 immediate

1051 2662 1103 2688 post
1119 2660 1203 2681 omissa
1221 2659 1330 2687 particula
1348 2659 1370 2681 et
1393 2659 1457 2686 ponit
1481 2657 1607 2680 imminuta
1629 2664 1672 2685 pro
1693 2657 1786 2680 minuta
1810 2660 1886 2679 contra

1051 2698 1118 2720 codd.
1135 2697 1203 2720 BCD
1219 2700 1241 2720 et
1257 2697 1303 2719 1010
1320 2703 1401 2719 omnes
1417 2696 1482 2723 edd.;
1501 2696 1642 2724 Augustinus
1659 2695 1782 2718 diminuta.

1114 2736 1131 2751 ¹¹
1149 2736 1220 2759 Codd.
1239 2736 1334 2757 ABDE
1351 2738 1373 2758 et
1389 2735 1441 2757 edd.
1460 2735 1486 2763 3,
1504 2735 1530 2762 5,
1547 2735 1575 2763 7,
1593 2736 1619 2763 8,
1638 2736 1651 2756 9
1669 2735 1727 2756 male
1738 2734 1774 2756 sit.
1787 2745 1817 2750 —
1829 2733 1885 2754 13113

1051 2776 1100 2798 Vat.
1119 2781 1171 2797 cum
1189 2775 1268 2803 paucis
1284 2774 1336 2797 edd.
1355 2780 1399 2796 non
1416 2773 1475 2796 hene
1500 2773 1575 2796 adiicit
1600 2774 1646 2796 tota
1669 2773 1765 2801 legendo
1787 2772 1811 2794 in
1836 2772 1886 2800 [psa

1732 2811 1745 2818 ”
1768 2816 1819 2833 vere
1844 2814 1887 2836 pro

1052 2851 1206 2882 multiplicem
1225 2858 1286 2875 sera.
