2253 3317
822 122 904 150 DlST.
926 122 968 151 IX.
990 122 1112 152 DIVISIO
1133 122 1269 151 TEXTUS.
1865 125 1916 153 179

175 202 196 228 si
216 201 333 235 gignenti
358 204 398 227 est
428 201 560 227 inlinitum
591 200 710 234 gignere,
742 203 768 226 et
786 199 905 226 nascenti
938 199 1017 225 etiam

175 246 215 271 est
233 244 364 270 infinitum
383 243 465 269 nasci.
485 243 602 269 Medium
621 242 692 268 enim
711 241 777 276 quid
805 242 873 268 inter
898 241 1018 267 nativita-

175 289 228 313 tem
247 286 295 312 Dei
313 285 373 311 Filii
393 288 418 311 et
446 285 644 318 generationem
669 284 718 311 Dei
742 284 828 310 Patris
853 291 902 310 nec
928 283 1015 309 rati0¹

175 335 224 355 nee
243 335 337 355 sensus
356 327 485 359 admittit,
505 328 569 361 quia
595 330 620 354 et
648 327 674 353 in
703 324 873 360 generatione
893 326 1017 352 nativitas

175 373 222 403 est,
241 373 267 397 et
286 370 312 396 in
331 370 469 396 nativitate
488 370 624 403 generatio
652 373 706 401 est,
725 369 789 403 quia
818 369 874 395 sine
902 371 1017 402 utroque

174 416 298 439 neutrum
318 416 369 439 est:
388 415 533 446 utrumque
552 419 615 445 ergo
634 412 691 438 sine
710 411 849 438 intervallo
870 411 911 437 sui
943 413 1017 437 est».

539 497 600 523 CAP.
623 497 653 523 V.

210 583 247 609 De
260 581 450 609 obiectionibus
469 581 664 608 haereticorum
684 580 829 608 nitentium
847 580 981 615 probare,

323 624 427 651 Filium
445 632 501 650 non
521 632 573 650 esse
593 627 761 650 coaeternum
781 623 866 650 Patri.

250 710 321 737 «Sed
340 710 443 745 inquiet
461 710 628 736 haereticus:
657 716 735 736 omne
760 708 833 743 quod
852 711 943 735 natum
963 711 1017 741 est,

174 760 226 780 non
245 753 294 780 suit
312 760 432 787 semper,
452 753 515 787 quia
530 752 556 778 in
575 752 603 778 id
616 755 708 778 natum
728 754 781 783 est,
800 754 830 777 ut
843 754 919 777 esset.
933 751 1017 777 Nemo

175 796 299 829 ambigit,
318 796 383 830 quin
403 803 433 822 ea
445 795 454 808 ²
474 802 545 829 quae
565 795 591 821 in
610 794 692 821 rebus
711 794 835 821 humanis
863 796 924 820 nata
944 796 1017 825 sunt,

175 838 318 873 aliquando
338 846 390 865 non
409 838 514 865 suerint.
530 837 582 864 Sed
595 837 668 864 aliud
682 840 721 864 est
740 844 772 863 ex
792 844 823 863 eo
842 836 924 868 nasci,
944 836 1017 871 quod

1074 206 1181 233 semper
1198 207 1249 226 non
1269 200 1331 232 fuit,
1351 199 1423 227 aliud
1449 207 1481 227 ex
1501 208 1533 227 eo
1552 203 1643 227 natum
1663 208 1735 232 esse,
1755 200 1827 235 quod
1850 207 1920 226 sem-

1074 249 1123 275 per
1142 244 1188 268 est.
1208 242 1246 268 Ibi
1265 249 1315 268 nec
1334 250 1441 276 semper
1460 243 1522 275 fuit,
1542 244 1587 278 qui
1608 246 1685 277 pater
1705 246 1758 275 est,
1778 250 1827 269 nec
1850 250 1919 269 sem-

1074 290 1123 317 per
1141 287 1217 317 pater
1230 287 1282 315 est;
1303 287 1328 311 et
1342 285 1388 319 qui
1402 293 1454 311 nou
1467 293 1574 319 semper
1587 289 1664 319 pater
1677 288 1729 317 est,
1743 292 1794 311 non
1809 292 1919 319 semper

1073 325 1172 358 genuit.
1192 325 1242 351 Ubi
1262 329 1351 352 autem
1365 334 1471 360 semper
1484 330 1560 361 pater
1578 331 1630 359 est,
1650 335 1757 362 semper
1779 328 1849 354 filius
1868 330 1915 354 est.

1073 367 1149 399 Quod
1167 368 1188 393 si
1208 375 1315 402 semper
1333 369 1388 395 Deo
1407 370 1478 395 Patri
1490 370 1629 403 proprium
1643 373 1699 402 est,
1719 370 1791 404 quod
1810 377 1917 404 semper

1073 413 1113 437 est
1131 411 1222 442 Pater,
1241 418 1351 438 necesse
1379 415 1426 444 est,
1452 419 1559 446 semper
1587 413 1653 439 Filio
1682 413 1823 446 proprium
1843 420 1914 443 esse⁷

1074 453 1147 487 quod
1160 460 1267 487 semper
1280 457 1319 480 est
1332 454 1423 480 Filius.
1440 454 1578 485 Quomodo
1598 462 1661 488 ergo
1681 455 1759 481 cadet
1778 455 1804 481 in
1824 455 1917 481 intelli-

1074 495 1190 528 gentiam
1210 499 1345 528 nostram‚
1365 499 1395 522 ut
1413 504 1465 522 non
1485 497 1564 523 fuerit
1587 504 1693 531 semper
1712 497 1755 523 cui
1774 497 1915 531 proprium

1074 541 1127 569 est,
1147 545 1253 572 semper
1272 545 1330 565 esse
1349 539 1422 573 quod
1442 542 1533 565 natum
1556 539 1636 566 est⁴?
1655 539 1753 566 Natum
1779 547 1842 573 ergo
1861 540 1919 566 uni·

1074 581 1192 613 genitum
1221 581 1306 607 Deum
1325 581 1499 613 confitemur,
1518 582 1565 608 sed
1589 585 1680 608 natum
1700 585 1761 608 ante
1780 585 1917 616 tempora,

1074 630 1122 649 nec
1141 626 1202 649 ante
1230 630 1288 649 esse
1316 630 1397 657 quam
1426 627 1530 655 natum,
1550 631 1599 651 nec
1628 628 1688 651 aute
1716 627 1808 651 natum
1833 632 1915 659 quam

1073 673 1145 697 esse3
1165 666 1228 699 quia
1248 666 1322 692 nasci
1341 666 1414 700 quod
1433 669 1504 698 erat,
1524 667 1576 693 iam
1596 674 1647 693 non
1662 667 1735 693 nasci
1754 670 1807 699 est,
1826 667 1873 693 sed
1887 674 1916 694 se

1074 709 1162 742 ipsum
1188 707 1327 734 demutare
1347 709 1490 735 nascendo.
1510 709 1565 735 Hoc
1585 712 1673 735 autem
1693 710 1841 736 humanum
1860 717 1916 736 sen-

1073 758 1133 777 sum
1158 753 1184 777 et
1209 750 1409 783 intelligentiam
1436 751 1527 777 mundi
1547 752 1660 778 excedit.
1685 752 1743 778 Non
1772 752 1823 778 boe
1842 752 1915 786 capit

1072 793 1140 820 ratio
1159 793 1293 819 humanae
1306 793 1510 826 intelligentiae,
1524 794 1572 820 sed
1585 794 1744 828 prudentiae
1758 794 1843 821 fidelis
1856 802 1915 828 pro-

1073 836 1152 863 fessio
1172 835 1267 862 est⁴¹».

492 950 925 1001 COMMENTARIUS
960 951 1021 999 IN
1053 949 1490 998 DISTINOTIONEM
1525 949 1599 996 IX.

284 1056 328 1088 De
354 1054 600 1099 proprietatibus⁷
627 1065 706 1099 quae
732 1054 896 1098 respiciunt
920 1064 1085 1098 personas⁷
1113 1058 1141 1085 et
1166 1052 1289 1097 quidem
1315 1051 1352 1085 de
1377 1051 1568 1084 emanatione
1592 1050 1804 1095 generationis.

612 1146 698 1175 Nunc
719 1147 760 1175 ud
780 1147 994 1175 distinctionem
1011 1153 1211 1183 personarum
1233 1145 1409 1173 decedamus
1429 1148 1481 1173 etc.

907 1232 1029 1260 DIVISIO
1051 1231 1188 1260 TEXTUS.

254 1342 344 1378 Supra
368 1342 424 1378 egit
454 1341 582 1378 Magister
614 1340 649 1369 de
680 1340 916 1377 proprietatibus,
947 1347 1019 1377 quae

176 1388 329 1425 respiciunt
353 1388 509 1417 essentiam.
542 1387 588 1416 Hic
618 1387 675 1424 agit
696 1387 730 1416 de
752 1387 811 1421 his,
832 1395 905 1424 quae
935 1387 1021 1423 respi-

176 1435 253 1464 ciunt
272 1442 421 1472 personas;
443 1437 470 1463 et
484 1435 553 1463 haec
567 1442 633 1471 pars
649 1434 732 1462 habet
747 1434 818 1462 duas
831 1436 934 1471 partes.
949 1433 1020 1469 Quia

175 1482 251 1511 enim
284 1481 424 1510 distinctio
458 1488 643 1518 personarum
678 1480 832 1509 attenditur
863 1480 1019 1509 secundum

176 1528 317 1565 duplicem
338 1527 557 1562 emanationem,
580 1527 684 1556 scilicet
705 1527 891 1564 generationis
912 1531 939 1555 et
960 1534 1021 1563 pro-

177 1574 323 1609 cessionis,
344 1574 406 1603 ideo
424 1574 523 1611 primo
544 1574 600 1610 agit
621 1574 656 1602 de
680 1573 874 1610 generatione,
894 1572 1020 1600 seeundo

177 1629 244 1650 vero
275 1621 309 1650 de
342 1621 534 1658 processione,
569 1620 640 1648 infra
675 1619 851 1648 distinctione
888 1619 997 1647 decima
1013 1629 1019 1646 :

177 1667 263 1696 Nunc
283 1676 351 1696 vero
368 1670 436 1704 post
455 1666 527 1695 Filii
546 1666 746 1695 aeternitatem
768 1666 801 1694 de
822 1665 937 1702 Spiritu
955 1673 1021 1692 san-

178 1718 222 1744 cto
244 1717 296 1743 etc.
497 1734 499 1736 -

255 1761 342 1793 Item,
354 1759 457 1796 priona
471 1767 537 1796 pars
561 1758 645 1787 hahet
669 1758 739 1787 duas
754 1760 861 1795 partes:
878 1757 905 1785 in
918 1757 1020 1794 primu

177 1807 312 1841 ostendit,
333 1807 401 1843 quid
422 1807 457 1835 de
478 1805 655 1843 generatione
676 1804 736 1833 Filii
761 1807 802 1833 est
823 1804 1019 1837 sentiendum,

176 1853 302 1882 secundo
323 1860 359 1881 ex
381 1852 527 1885 incidenti,
549 1859 604 1888 quo
636 1858 765 1879 sermone
786 1852 828 1879 est
849 1850 909 1887 ipsa
929 1849 1021 1886 expri-

177 1899 296 1933 menda,
320 1898 372 1927 ibi:
394 1898 449 1926 Hic
464 1898 570 1936 quaeri
585 1900 691 1934 potest,
706 1905 774 1925 cuni
786 1896 936 1933 yeneratio
951 1896 1023 1924 Filii

177 1955 198 1975 a
218 1947 310 1975 Patre
330 1948 381 1974 etc.

257 1992 364 2021 Priona
394 1992 497 2020 iterum
528 1998 594 2028 pars
626 1990 710 2018 habet
741 1991 864 2026 quatuor
895 1991 989 2025 partes
1002 1988 1020 2016 ¹.

178 2038 270 2067 Primo
290 2038 420 2075 proponit
440 2037 599 2071 veritatem,
620 2043 692 2073 quae
713 2038 754 2064 est
781 2043 797 2063 a
818 2034 960 2063 catholicis
981 2042 1022 2063 re-

180 2085 306 2119 tinenda,
328 2084 432 2113 scilicet
452 2083 528 2121 quod
549 2090 685 2120 generans
706 2085 733 2111 et
754 2082 864 2119 genitus
886 2084 950 2110 sunt
971 2089 1022 2118 per

180 2131 386 2168 generationem
407 2130 526 2159 distincti
549 2133 576 2159 et
601 2129 758 2163 coaeterni,
779 2128 817 2157 ita
836 2128 912 2165 quod
943 2135 1022 2164 gene-

180 2178 250 2207 ratio
271 2180 313 2207 est
340 2177 499 2206 distinctiva
530 2179 557 2205 et
587 2179 708 2205 aeterna.
730 2176 759 2204 ln
781 2175 904 2204 secunda
925 2178 1022 2203 contra

180 2224 233 2253 hoc
263 2223 377 2261 opponit
405 2231 456 2260 per
486 2222 688 2260 oppositionem
719 2221 941 2254 haereticorum,
968 2220 1020 2248 ibi:

180 2270 236 2299 Sed
256 2273 359 2298 contra
380 2268 431 2297 hoc
455 2269 551 2307 inquit
580 2267 751 2297 haereticus.
779 2268 808 2296 In
830 2267 912 2296 tertia
933 2267 1022 2295 deter-

180 2317 279 2350 minat,
301 2318 397 2345 contra
417 2315 561 2352 arguendo
585 2322 635 2352 per
665 2315 788 2343 rationes
818 2314 1021 2343 catholicorum

180 2362 331 2391 Doctorum
348 2361 493 2398 Augustini
513 2364 540 2389 et
560 2360 709 2395 Ambrosii,
724 2360 776 2388 ibi:
801 2360 859 2396 Qui
878 2359 929 2388 lioc
951 2359 1022 2387 dicit

180 2417 239 2437 non
258 2408 410 2445 intelligit,
431 2408 519 2436 etiam
538 2411 643 2436 natum
670 2415 729 2435 esse
749 2409 799 2435 etc.
821 2407 850 2434 ln
872 2408 973 2443 quarta
994 2408 1022 2434 et

1076 1339 1175 1368 ultima
1196 1339 1361 1376 respondet,
1382 1339 1583 1376 compescendo
1597 1339 1803 1376 inquisitionem
1825 1346 1921 1376 super-

1075 1386 1161 1415 ssuam
1181 1386 1387 1415 haereticorum
1408 1389 1435 1414 et
1455 1386 1538 1414 etiam
1560 1386 1761 1415 catholicorum
1786 1386 1920 1423 superbo-

1077 1441 1159 1467 rum,
1181 1433 1234 1461 ibi:
1266 1433 1322 1461 Sed
1342 1432 1461 1470 quaeris
1483 1441 1502 1460 d
1522 1440 1584 1466 nie,
1613 1432 1708 1470 inquit
1734 1432 1921 1465 Ambrosius,

1076 1479 1125 1507 ubi
1139 1479 1260 1508 ostendit
1274 1479 1349 1516 quod
1368 1478 1630 1515 iniperscrutabile²
1651 1481 1693 1507 est
1714 1482 1921 1507 sacramentum

1076 1525 1270 1562 generationis.

1154 1572 1210 1599 Hic
1230 1571 1336 1609 quaeri
1352 1575 1463 1608 potest,
1486 1579 1553 1599 cuin
1572 1571 1722 1608 generatio
1738 1570 1810 1599 Filii
1829 1579 1848 1599 d
1864 1571 1922 1599 Pct-

1078 1622 1121 1646 tre
1141 1621 1192 1646 etc.
1214 1618 1284 1646 Haec
1304 1620 1346 1646 est
1366 1617 1495 1646 secunda
1516 1625 1582 1654 pars
1604 1617 1689 1645 huius
1720 1617 1919 1651 distinctionis,

1078 1665 1105 1692 in
1126 1672 1181 1701 qua
1202 1664 1330 1700 Magister
1358 1663 1540 1698 determinat,
1572 1672 1627 1700 quo
1648 1671 1777 1692 sermone
1808 1671 1920 1700 genera-

1078 1711 1158 1739 tionis
1178 1710 1327 1739 aeternitas
1344 1710 1557 1746 >congruentius
1587 1710 1779 1746 exprimatur3
1803 1712 1830 1738 et
1851 1710 1919 1738 haec

1077 1765 1142 1794 pars
1164 1757 1247 1785 habet
1267 1759 1388 1794 quatuor
1402 1759 1504 1793 partes.
1519 1756 1547 1784 In
1569 1756 1660 1793 prima
1674 1756 1751 1793 ponit
1772 1756 1919 1784 doctorum

1076 1806 1256 1840 apparentem
1272 1803 1498 1832 controversiam.
1513 1803 1581 1830 Nam
1596 1803 1710 1839 quidam
1731 1803 1841 1837 dicunt,
1856 1811 1918 1831 eam

1077 1849 1180 1878 debere
1200 1849 1321 1886 exprimi
1336 1856 1386 1885 per
1401 1848 1487 1877 verba
1500 1848 1509 1861 ³
1531 1848 1673 1885 praeteriti
1695 1848 1841 1885 temporis,
1855 1848 1917 1883 alii,

1077 1904 1126 1933 per
1148 1896 1234 1924 verba
1255 1895 1418 1932 praesentis.
1440 1895 1469 1923 In
1501 1895 1623 1923 secunda
1654 1895 1826 1931 praedictam
1857 1903 1920 1923 con·

1077 1942 1241 1970 troversiam
1273 1941 1382 1970 reducit
1406 1941 1441 1970 ad
1467 1941 1708 1975 concordantiam,
1731 1941 1782 1969 ibi:
1805 1941 1861 1969 Sed
1884 1950 1918 1969 ne

1078 1989 1153 2016 tanti
1183 1991 1317 2016 auctores
1348 1987 1380 2015 in
1410 1996 1442 2015 νε
1473 1990 1555 2015 tanta
1583 1987 1640 2015 sibi
1661 1987 1860 2015 contradicere
1879 1987 1919 2015 vi-

1077 2035 1211 2063 deantur.
1239 2034 1268 2062 ln
1290 2034 1371 2063 tertia
1391 2042 1442 2071 per
1466 2034 1552 2062 verba
1584 2033 1677 2061 Hilarii
1709 2033 1854 2062 confirmat
1878 2041 1919 2062 re-

1078 2082 1254 2119 sponsionem
1274 2088 1374 2115 suam,
1395 2088 1430 2109 ne
1444 2081 1573 2109 videatur
1589 2080 1669 2108 dictis
1683 2080 1810 2116 Origenis
1830 2080 1918 2114 inniti,

1077 2129 1129 2156 ibi:
1152 2128 1289 2156 Hilarius
1310 2136 1421 2165 quoque
1442 2127 1528 2160 dicit,
1553 2126 1664 2154 Filium
1692 2126 1776 2154 nusci
1798 2134 1834 2154 eat*
1862 2126 1919 2154 Ρα-

1078 2178 1120 2202 tre
1140 2177 1190 2203 etc.
1212 2174 1241 2202 ln
1262 2176 1362 2210 quarta
1382 2173 1523 2202 concludit
1543 2172 1720 2206 summatim,
1741 2172 1808 2209 quid
1830 2172 1920 2201 dicen-

1078 2222 1146 2250 dum
1177 2221 1229 2249 sit⁴
1261 2221 1319 2249 sive
1350 2220 1490 2257 quomodo
1521 2219 1693 2256 loquendum
1724 2222 1751 2247 et
1778 2219 1918 2255 quomodo

1052 2299 1055 2302 4
1077 2267 1161 2295 etiam
1176 2267 1210 2295 (le
1225 2266 1401 2303 generatione
1422 2269 1535 2294 aeterna
1556 2265 1745 2299 sentiendum,
1760 2264 1811 2293 ibi:
1834 2264 1919 2293 Dicu-

1077 2321 1144 2340 inus
1165 2321 1232 2350 erqo
1254 2312 1365 2340 Filium
1385 2315 1488 2340 natum
1510 2312 1544 2339 de
1564 2311 1671 2345 Patre,
1693 2311 1742 2339 ubi
1772 2311 1918 2339 confirmat

1077 2359 1223 2387 veritatem
1247 2365 1297 2394 per
1318 2357 1512 2385 auctoritatem
1536 2356 1643 2390 Hilarii,
1665 2364 1715 2393 per
1736 2364 1819 2393 quam
1834 2357 1917 2385 etiam

1077 2404 1159 2433 solvit
1178 2404 1358 2432 obiectionem
1374 2403 1515 2431 haeretici.

245 2524 252 2539 ¹
270 2524 341 2547 Codd.
359 2527 381 2546 et
396 2524 510 2552 plurimae
525 2523 578 2546 edd.
596 2526 674 2546 contra
686 2523 797 2551 originale
809 2526 830 2546 et
847 2523 897 2545 Vat.
915 2523 1022 2545 omittunt

180 2568 224 2586 nec
239 2562 315 2590 rat-io;
333 2564 355 2584 et
371 2562 453 2584 deinde
469 2563 521 2584 ante
537 2561 562 2584 in
578 2561 729 2591 qenes-atione
742 2561 791 2583 Vat.
803 2567 857 2583 enm
869 2562 950 2589 paucis
967 2560 1020 2582 edd.

182 2601 265 2623 omittit
282 2601 309 2623 et.

244 2639 254 2653 ²
270 2639 292 2661 ln
310 2638 377 2661 codd.
394 2641 416 2661 et
432 2638 515 2660 Hilario
532 2638 596 2661 deest
612 2644 646 2661 ea.
662 2650 695 2654 —
710 2638 780 2660 Paulo
797 2640 855 2666 post,
873 2640 924 2659 ante
948 2642 979 2659 ew
995 2642 1021 2659 eo

182 2678 266 2701 natum
283 2677 333 2698 Vat.
350 2682 404 2698 cum
420 2677 500 2704 paucis
516 2676 569 2698 edd.
587 2677 627 2699 cst.

244 2715 255 2730 ³
270 2715 338 2743 Apud
355 2715 422 2737 Hilar.
433 2714 478 2742 (ed.
495 2714 598 2743 Maurin.)
616 2715 688 2737 natus
704 2716 752 2743 est,
771 2715 811 2737 ubi
823 2716 845 2737 in
857 2714 919 2737 calce
931 2714 1021 2741 dicitur,

182 2754 262 2783 plnres
277 2753 344 2776 codd.
362 2753 481 2775 lectionem
497 2753 582 2775 nalum
598 2753 717 2781 exhibere,
740 2759 810 2782 quam
835 2759 889 2775 mss.
913 2753 983 2774 nostri
1000 2754 1023 2774 et

183 2792 236 2815 edd.
253 2792 344 2814 babent.
359 2803 391 2808 —-
407 2791 457 2813 Mox
473 2790 540 2813 codd.
558 2790 622 2813 CDE
639 2791 750 2818 postiam
761 2797 810 2814 mm
821 2790 909 2813 addunt
920 2791 1020 2812 lantum.

245 2830 255 2845 ⁴
272 2831 356 2853 Totum
373 2831 417 2852 hoc
433 2836 483 2857 cap.
500 2831 633 2857 excerptum
656 2832 690 2851 cst
715 2836 741 2852 ex
766 2830 849 2851 Hilario
874 2829 916 2850 loc.
940 2829 975 2850 cit.
999 2834 1021 2850 n.

184 2870 264 2898 22-26,
282 2870 321 2892 sed
339 2869 444 2897 plurimis
460 2868 558 2890 omissis.

1291 2518 1385 2542 NOTAE
1402 2518 1439 2540 AD
1458 2517 1701 2541 COMMENTARIUM.

1140 2558 1147 2572 ¹
1165 2558 1205 2580 Ed.
1227 2559 1232 2579 1
1250 2557 1391 2587 particulas.

1139 2597 1149 2611 2
1166 2596 1333 2619 Postulantibus
1350 2602 1403 2618 mss.
1421 2598 1443 2618 et
1459 2595 1495 2618 ed.
1509 2596 1529 2623 l,
1541 2595 1700 2617 substituimus
1715 2594 1919 2624 imperscrutabile

1078 2636 1127 2658 loco
1143 2634 1302 2658 inscrutabile.
1320 2635 1369 2656 Mox
1382 2634 1431 2656 Vat.
1445 2637 1522 2656 contra
1540 2640 1594 2656 mss.
1607 2636 1629 2655 et
1639 2634 1675 2655 ed.
1689 2634 1697 2655 ·1
1708 2651 1713 2661 ,
1725 2633 1802 2656 verbis
1817 2634 1919 2661 Magistri

1077 2674 1120 2697 Hic
1135 2673 1220 2703 quaeri
1234 2674 1309 2702 potest
1325 2675 1367 2695 etc.
1385 2673 1483 2700 omissis,
1505 2679 1548 2700 pro
1570 2672 1632 2695 Haec
1653 2673 1688 2694 est
1707 2673 1771 2699 ponit
1791 2671 1915 2701 Similiter,

1077 2712 1160 2735 deinde
1177 2715 1272 2740 propter
1289 2712 1480 2734 constructionem
1499 2714 1608 2733 mutatam
1625 2712 1707 2732 omittit
1722 2712 1743 2733 et
1760 2710 1816 2734 haec
1831 2716 1896 2740 pars.

1139 2750 1149 2765 3
1166 2751 1229 2772 Unus
1246 2751 1332 2772 alterve
1350 2749 1399 2772 cod.
1422 2753 1447 2772 ut
1472 2750 1477 2771 l
1500 2755 1552 2771 cum
1578 2749 1614 2771 ed.
1640 2750 1648 2771 l
1678 2750 1714 2771 hic
1738 2748 1850 2776 verbum,
1875 2749 1916 2771 sed

1078 2789 1146 2817 paulo
1163 2792 1215 2816 post
1231 2788 1323 2815 plurimi
1336 2788 1402 2810 codd.
1415 2787 1458 2809 sibi
1471 2793 1515 2809 non
1527 2790 1656 2810 constantes
1666 2786 1764 2810 ‘verbum
1779 2787 1919 2816 praesentis.

1139 2825 1149 2841 ⁴
1166 2826 1219 2848 Fide
1239 2826 1391 2853 plurimorum
1409 2831 1463 2848 mss.
1481 2829 1503 2848 et
1519 2825 1556 2848 ed.
1574 2826 1581 2847 l
1604 2826 1640 2847 liic
1657 2825 1783 2847 adiecimus
1799 2825 1836 2853 sit,
1853 2825 1915 2854 quod

1078 2866 1129 2888 Vnt.
1147 2866 1211 2893 ponit
1227 2865 1284 2886 infra
1302 2867 1352 2892 post
1369 2863 1523 2887 sentiendum.
