2253 3317
16 616 48 635 Ad
60 615 133 639 opposi-

722 112 803 140 DlST.
826 113 867 141 XI.
889 113 960 141 ΛΒΤ.
984 107 1097 141 UNlCUS
1118 111 1252 148 QUAEST.
1275 112 1303 140 11.

143 190 165 219 si
182 198 198 218 a
219 190 330 219 duobus
351 190 378 218 in
397 192 532 226 quantum
552 189 608 218 duo
629 190 753 227 procedit
767 197 856 224 unus,
881 192 990 226 oportet

145 237 220 274 quod
241 237 309 265 illud
340 244 427 265 unum
450 236 550 264 habeat
577 236 778 271 differentiam3
799 236 848 265 sed
869 236 988 273 Spiritus

144 287 256 312 sanctus
277 291 332 311 non
353 285 394 312 est
416 283 601 319 compositus:
623 291 690 319 ergo
710 286 762 311 etc.

223 330 248 357 5.
270 329 350 362 Item,
372 328 441 356 nihil
457 336 543 356 unum
564 328 688 365 procedit
709 336 725 356 a
739 328 850 357 duobus
863 328 989 356 consimi-

145 375 218 404 libus
232 375 238 388 ¹
255 376 281 404 in
297 378 397 403 natura
412 375 439 403 in
454 378 591 411 quantum
606 375 675 407 duo,
697 375 749 403 nisi
773 375 844 403 alter
864 374 899 403 sit
918 375 989 403 sicut

144 421 313 458 principium
327 421 464 455 activum,
479 421 550 450 alter
564 421 635 449 sicut
653 421 820 458 principium
835 420 988 457 passivum,

144 468 202 496 sive
222 468 293 496 alter
313 471 345 496 ut
358 471 446 505 pater,
468 468 538 496 alter
553 471 584 496 ut
605 470 707 501 mater;
729 468 777 496 sed
796 468 848 496 hoc
869 476 923 496 non
947 470 990 496 est

145 515 173 542 in
194 515 306 543 divinis:
329 522 395 551 ergo
416 517 467 543 etc.

222 561 348 590 CONTRA:
367 562 390 589 1.
406 561 459 597 Qui
480 561 605 597 procedit
625 568 642 589 a
663 560 785 595 duobus,
807 561 845 589 ita
858 561 932 597 quod
954 560 989 589 ab

147 616 202 636 uno
216 608 398 645 principalius
412 615 497 644 quam
512 607 547 635 ab
562 607 624 642 alio,
645 608 770 644 procedit
782 607 791 620 ²
810 608 837 636 in
852 610 988 645 quantum

146 656 211 682 sunt
232 654 301 687 duo;
323 654 372 682 sed
388 653 506 690 Spiritus
528 656 640 682 sanctus
654 653 844 690 principaliter
865 654 990 691 procedit

145 708 161 728 a
176 701 266 734 Patre,
282 701 354 729 sicut
368 700 434 729 dicit
448 701 618 737 Augustinus
635 704 662 729 et
686 700 807 729 liabetur
822 701 848 729 in
863 701 990 737 sequenti

146 746 320 775 distinctione
333 746 361 774 ³:
383 754 449 783 ergo
470 749 521 774 etc.

224 793 249 820 Ξ.
271 792 347 827 item,
362 792 409 829 qui
425 792 551 829 procedit
565 802 579 821 a
596 793 708 821 duobus
729 793 756 820 in
770 796 906 829 quantum
925 795 990 821 sunt

145 838 280 873 distincti,
291 839 418 875 procedit
431 847 447 867 a
462 839 573 867 duobus
587 839 614 867 iu
627 842 763 875 quantum
778 842 843 867 sunt.
857 839 925 873 duo;
940 839 988 867 sed

146 893 237 914 nexus
258 894 313 914 non
335 889 376 914 est
396 886 447 914 nisi
470 885 679 914 distinctorum:
701 893 768 922 ergo
795 886 843 922 qui
865 886 990 922 procedit

146 934 177 959 ut
197 939 301 966 nexus,
322 931 448 968 procedit
462 931 497 960 ab
517 932 557 960 eis
575 934 606 960 ut
621 940 635 959 a
658 931 808 966 distinctis,
829 934 857 960 et
870 931 908 959 ita
928 934 960 960 ut
973 939 990 960 a

145 978 347 1007 differentibus.

225 1024 250 1053 3.
266 1025 349 1059 Item,
365 1024 400 1053 ab
415 1025 521 1053 unitate
536 1025 652 1053 subiecti
667 1028 708 1053 est
722 1025 815 1054 unitas
828 1028 919 1058 actus,
933 1028 960 1053 et
973 1033 990 1053 a

145 1071 305 1108 pluralitate
319 1071 508 1099 subiectorum
521 1071 668 1107 pluralitas
682 1074 796 1100 actuum
807 1070 815 1085 ⁴
823 1082 831 1105 3
847 1071 894 1100 sed
910 1071 990 1100 Pater

145 1120 173 1146 et
193 1117 277 1146 Filius
298 1120 363 1146 sunt
383 1117 451 1145 duo:
474 1125 540 1154 ergo
569 1118 675 1154 spirant
698 1117 802 1154 duplici
824 1117 988 1154 spiratione:

145 1172 212 1201 ergo
227 1164 350 1201 spiratur
364 1163 483 1200 Spiritus
497 1166 610 1192 sanctus
623 1164 719 1198 abeis,
734 1164 762 1192 in
774 1166 910 1201 quantum
925 1167 990 1193 sunt

146 1210 217 1239 duo:
239 1218 306 1247 ergo
320 1213 371 1239 etc.

224 1256 252 1285 lt.
267 1256 348 1290 Item,
362 1256 385 1285 si
400 1256 507 1293 spirant
520 1256 654 1293 Spiritum
670 1260 797 1285 sanctum
811 1257 838 1285 in
853 1259 990 1294 quantum

147 1305 212 1331 sunt
233 1310 337 1337 unum,
352 1305 401 1331 aut
411 1303 421 1317 ⁵
442 1303 469 1331 in
484 1306 620 1340 quantum
635 1306 700 1332 sunt
713 1311 803 1332 unum
817 1303 845 1331 in
859 1303 991 1331 substan-

148 1349 204 1382 tia,
225 1352 274 1377 aut
294 1349 321 1377 in
342 1349 469 1382 notione,
490 1352 539 1377 aut
560 1349 587 1377 in
604 1358 742 1386 personet.
763 1350 790 1377 Si
812 1350 839 1377 in
853 1352 990 1386 quantum

147 1398 213 1424 sunt
232 1404 322 1424 unum
337 1395 364 1423 in
384 1395 566 1424 substantia.-
582 1403 648 1432 ergo
663 1404 726 1424 cum
741 1396 860 1433 Spiritus
878 1399 991 1425 sanctus

146 1442 183 1470 sit
203 1442 277 1470 idem
297 1442 325 1470 in
353 1441 521 1475 substantia,
543 1441 662 1478 Spiritus
683 1444 795 1470 sanctus
822 1442 947 1479 procedit
974 1450 990 1470 a

148 1496 186 1517 se.
201 1488 227 1516 Si
239 1488 267 1516 in
278 1491 415 1525 quantum
433 1491 499 1517 sunt
513 1488 587 1517 idem
602 1488 630 1516 in
644 1488 771 1522 uotione;
786 1488 838 1517 hoc
852 1488 921 1517 nihil
936 1491 990 1523 est,

147 1534 214 1572 quia
240 1543 295 1563 non
322 1534 384 1563 ideo
412 1535 531 1571 spirant,
559 1535 624 1571 quia
652 1537 717 1563 sunt
748 1534 914 1571 spiratores,
942 1535 990 1564 sed

145 1588 163 1610 e
178 1589 319 1610 converso.
341 1581 394 1610 Nec
408 1581 436 1609 in
451 1584 587 1618 quantum
608 1584 673 1610 sunt
692 1589 780 1609 unum
800 1581 827 1609 in
845 1590 990 1619 perseam,

145 1627 213 1664 quia
235 1627 262 1655 iu
283 1635 402 1664 persona
423 1636 477 1655 non
497 1628 643 1656 uniuntur.

1357 197 1567 218 CONCLUSIO.

1046 282 1175 318 Spiritus
1195 286 1317 310 sauctus
1327 283 1458 319 procedit
1478 292 1498 311 α
1519 283 1610 311 Patre
1630 287 1655 311 ct
1675 292 1695 311 α
1716 283 1805 317 Filio,
1826 291 1885 311 nou

1122 332 1266 366 quatenus
1285 332 1355 357 sunt
1375 329 1528 357 distinctae
1545 338 1700 366 personae,
1722 329 1771 357 sect
1791 333 1885 367 quate-

1122 383 1179 403 mts
1200 375 1231 403 iu
1252 375 1292 403 eis
1313 378 1354 403 est
1369 384 1431 403 uota
1455 374 1621 412 fecunditas
1646 376 1802 404 volomtati-s·
1825 376 1885 404 sive

1122 430 1183 450 ima
1203 422 1329 458 spiratio
1350 422 1455 450 activa.

1123 515 1294 544 Rasrounsso:
1310 515 1474 551 Dicendum,
1486 516 1560 553 quod
1572 516 1690 553 Spiritus
1702 520 1813 545 sanctus
1824 525 1886 554 pro·
1897 522 2002 541 Conclusio-

1044 561 1117 590 cedit
1138 569 1154 589 a
1174 561 1253 590 Patre
1271 564 1298 590 et
1313 562 1391 596 Filio,
1406 562 1433 590 in
1448 564 1584 599 quantum
1606 565 1671 591 sunt
1692 571 1779 591 unum
1802 563 1828 591 in
1850 563 1886 591 fe-

1045 607 1185 636 cunditate
1205 607 1362 636 voluntatis.
1381 608 1437 637 Una
1458 611 1551 637 autem
1566 611 1608 637 est
1627 608 1654 637 in
1678 609 1757 637 Patre
1778 612 1805 638 et
1820 609 1885 637 Filio

1046 654 1186 688 voluntas,
1208 654 1273 691 quia
1294 655 1372 683 Pater
1393 657 1420 683 et
1441 655 1524 683 Filius
1551 659 1616 684 sunt
1640 664 1695 684 una
1716 656 1869 685 substantia
1877 667 1884 691 ς

1046 700 1068 728 si
1089 708 1155 737 ergo
1176 704 1218 729 est
1238 701 1266 729 in
1287 701 1327 730 eis
1348 701 1499 730 voluntatis
1519 702 1686 737 fecunditas,
1712 711 1768 731 uua
1788 705 1830 731 est
1850 702 1886 731 fe-

1045 747 1173 775 cunditas
1194 747 1221 775 in
1249 748 1297 777 eis.
1319 748 1473 777 Voluntatis
1500 751 1593 777 autem
1614 749 1768 778 fecunditas
1789 753 1830 778 est
1857 749 1884 778 in
1919 756 1973 783 ‚naun
1986 762 2017 775 ez-

1047 793 1124 821 Patre
1143 797 1171 822 et
1191 794 1218 822 in
1233 794 1310 829 Filio,
1325 794 1391 831 quia
1404 797 1523 831 uterque
1533 795 1542 808 ⁶
1563 795 1637 824 Deus
1652 796 1885 833 improcessibilis.
1898 780 1984 803 ‘'hcm‘'

1046 840 1121 868 Sicut
1141 841 1220 868 enini.
1242 841 1372 877 superius
1399 841 1504 869 dictum
1525 841 1577 869 fuit
1602 842 1636 870 de
1657 850 1774 871 numero
1795 850 1887 879 perso-

1046 887 1166 915 narum⁷
1194 890 1221 915 et
1249 887 1320 915 infra
1348 887 1448 916 melius
1479 888 1583 924 patebit
1593 888 1611 922 ⁸,
1637 896 1700 917 cum
1728 891 1826 925 agetur
1853 889 1887 917 de

1046 933 1269 968 innascibilitate,
1290 941 1362 970 quae
1377 934 1450 962 idem
1465 937 1506 963 est
1520 934 1547 962 in
1563 935 1641 963 Patre
1654 935 1729 972 quod
1748 935 1887 972 primitas;

1045 987 1109 1008 cum
1130 979 1254 1016 primum
1274 982 1302 1008 et
1315 980 1483 1017 principium
1504 980 1558 1009 sint
1575 981 1650 1010 idem
1663 981 1682 1016 ⁹3
1703 982 1773 1010 ratio
1794 982 1888 1019 primi-

1047 1026 1109 1054 tatis
1124 1029 1166 1054 est
1180 1026 1250 1055 ratio
1268 1026 1465 1064 principiandi,
1481 1027 1538 1056 sive
1552 1028 1736 1056 fecunditatis.
1752 1028 1887 1064 Quoniam

1047 1072 1131 1109 igitur
1152 1072 1231 1100 Pater
1252 1072 1329 1109 prior
1350 1076 1391 1101 est
1411 1073 1485 1101 omni
1507 1074 1689 1108 emanatione,
1710 1074 1813 1103 scilicet
1827 1082 1888 1111 pro·

1046 1119 1168 1147 cessione
1189 1121 1216 1147 et
1231 1119 1419 1155 generatione,
1440 1120 1506 1156 quia
1527 1127 1577 1148 nec
1591 1122 1741 1156 generatur
1762 1128 1812 1149 nec
1826 1128 1888 1157 pro-

1047 1165 1134 1199 cedit,
1155 1165 1220 1193 hinc
1240 1168 1290 1200 est,
1311 1165 1386 1202 quod
1408 1168 1527 1202 utroque
1549 1166 1632 1194 niodo
1646 1169 1687 1195 est
1710 1167 1886 1204 principium.

1046 1211 1116 1247 Quia
1137 1219 1204 1240 vero
1224 1211 1307 1240 Filius
1328 1211 1405 1248 prior
1425 1215 1467 1240 est
1495 1213 1667 1242 emanatione
1688 1214 1886 1250 processionis,

1046 1266 1100 1285 non
1121 1258 1306 1294 generationis
1326 1275 1365 1278 —
1379 1258 1445 1295 quia
1469 1262 1626 1295 generatur,
1641 1262 1734 1288 tamen
1752 1264 1793 1289 est
1808 1260 1890 1297 inspi-

1047 1304 1142 1333 rabilis
1157 1321 1194 1325 -
1208 1305 1272 1334 hinc
1287 1308 1338 1339 est,
1353 1305 1428 1341 quod
1442 1307 1484 1333 est
1498 1306 1665 1343 principium
1686 1307 1819 1343 spirandi,
1834 1315 1889 1335 non

1046 1351 1205 1387 generandi.
1221 1351 1290 1388 Quia
1305 1359 1372 1380 vero
1386 1351 1505 1388 Spiritus
1519 1355 1630 1381 sanctus
1644 1356 1744 1382 neutro
1758 1354 1841 1382 modo
1859 1362 1888 1382 se

1047 1397 1145 1431 hahet,
1167 1400 1267 1426 neutro
1288 1397 1371 1426 modo
1391 1400 1433 1426 est
1453 1397 1629 1435 principium.
1651 1399 1716 1427 Inde
1727 1402 1768 1427 est
1795 1399 1888 1436 igitur,

1046 1443 1121 1480 quod
1152 1444 1281 1480 quamvis
1301 1444 1420 1481 Spiritus
1439 1447 1551 1473 sanctus
1570 1453 1587 1472 a
1607 1445 1718 1474 duobus
1741 1445 1888 1482 procedat,

1045 1489 1112 1527 quia
1131 1492 1222 1518 tamen
1244 1490 1369 1527 procedit
1382 1498 1437 1519 non
1458 1494 1489 1519 ut
1510 1493 1575 1519 sunt
1595 1491 1763 1525 differentes,
1784 1491 1833 1520 sed
1858 1494 1889 1520 ut

1045 1539 1087 1565 est
1108 1536 1135 1564 in
1156 1537 1196 1565 eis
1210 1545 1266 1565 una
1286 1537 1440 1566 fecunditas
1461 1537 1620 1572 voluntatis,
1641 1538 1716 1574 quod
1728 1538 1747 1553 ¹⁰
1768 1538 1886 1575 Spiritus

1047 1585 1158 1611 sanctus
1178 1583 1304 1619 procedit
1324 1583 1359 1611 ah
1380 1583 1434 1618 eis,
1455 1583 1483 1611 in
1504 1586 1640 1620 quantum
1661 1587 1727 1612 sunt
1746 1592 1843 1613 unum.

1128 1630 1152 1657 1.
1172 1629 1211 1657 Ad
1232 1629 1302 1658 illud
1329 1630 1404 1666 quod
1429 1629 1570 1664 obiicitur,
1595 1630 1669 1666 quod
1697 1631 1886 1668 principaliter
1910 1639 2026 1664 Solutioop-

1900 1663 2007 1686 positorum,

149 2127 211 2149 quae
227 2122 250 2143 in
267 2121 373 2149 pluribus
389 2124 476 2144 tautum
495 2122 613 2144 codicibus
630 2125 654 2144 ut
670 2122 794 2150 AHPQW
812 2124 853 2144 cic.
870 2122 991 2144 iuvenitur.

152 2160 221 2182 Maior
239 2160 333 2188 quidem
354 2166 408 2188 pars
425 2160 492 2182 codd.
510 2167 563 2182 cum
586 2161 622 2182 cd.
642 2161 650 2182 ·Ι
672 2161 726 2188 legit
742 2160 846 2189 procedit
861 2166 925 2183 unus
942 2161 992 2182 loco

150 2197 255 2227 procedit
271 2204 347 2220 ilatum
357 2217 363 2226 ,
382 2199 445 2227 quod
462 2199 530 2221 habet
547 2200 597 2221 Vat.
609 2217 613 2227 ‚
626 2199 667 2221 sed
678 2200 700 2221 iu
713 2200 806 2228 reliquis
818 2200 924 2221 convenit
939 2205 992 2221 cum

152 2237 201 2259 Vat.
219 2237 326 2265 ponendo
344 2236 400 2266 quia
417 2238 466 2259 loco
483 2244 539 2267 erqo
556 2237 577 2260 si
593 2241 615 2260 ct
639 2238 804 2265 praemittendo
825 2239 948 2266 particulas
972 2239 993 2260 et

154 2275 187 2298 ila
203 2275 276 2297 verbo
293 2277 389 2304 oportet.
408 2276 535 2304 inspicienti
553 2279 628 2298 tamen
646 2279 721 2304 patet,
739 2278 760 2299 in
779 2278 821 2299 hac
836 2277 992 2305 propositione

152 2320 197 2336 non
215 2315 323 2336 contineri
341 2315 451 2337 rationem
469 2316 577 2343 maioris,
595 2316 682 2337 etiamsi
707 2322 759 2338 cum
786 2316 836 2338 cod.
863 2316 881 2337 T
904 2316 993 2344 legatur

152 2352 208 2382 quia
224 2359 239 2375 a
255 2352 347 2375 duobus
364 2352 387 2375 in
405 2354 523 2383 quantum
541 2353 587 2376 dito
604 2360 652 2377 tion
666 2354 773 2383 procedit
788 2360 870 2382 unu&
891 2354 952 2377 unde
969 2355 991 2376 in

151 2393 200 2419 ipsa
217 2393 345 2414 continetur
363 2393 483 2420 applicatio
501 2394 594 2415 maioris
611 2393 640 2415 ad
657 2393 751 2422 aliquod
766 2394 878 2421 speciale,
896 2394 959 2422 quod
971 2395 992 2416 ct

153 2431 206 2452 satis
223 2431 282 2452 clare
299 2431 413 2453 indicatur
429 2438 470 2459 per
487 2433 611 2453 terminum
628 2438 700 2460 imus,
717 2433 764 2454 scil.
782 2439 879 2460 persona
897 2433 994 2460 Spiritus

152 2470 237 2496 sancti,
261 2475 319 2497 quae
343 2473 451 2498 tanquam
469 2470 525 2499 quid
541 2477 613 2492 unum
631 2470 715 2493 habere
733 2471 827 2493 deberet
843 2472 865 2493 in
887 2477 912 2493 se
934 2477 993 2493 com-

152 2508 288 2535 positionem
305 2514 345 2530 seu
363 2508 521 2531 differentiam.
539 2509 613 2537 Aliqui
632 2509 698 2531 codd.
717 2513 741 2532 ut
756 2509 800 2531 ΗΜ
825 2509 858 2532 bl>
883 2516 909 2532 ee
934 2509 993 2532 bene

153 2549 204 2572 post
220 2545 304 2569 habeat
320 2546 408 2568 addunt
424 2546 448 2569 in
466 2552 496 2569 sc.

217 2584 224 2598 ¹
242 2585 273 2606 Ex
291 2591 344 2606 mss.
362 2587 384 2606 et
401 2585 436 2607 ed.
451 2586 459 2607 1¹
475 2585 635 2608 substituimus
646 2586 806 2609 consimilibus
817 2593 859 2615 pro
870 2586 992 2610 similibus.

217 2623 226 2637 2
244 2623 265 2645 In
285 2623 335 2646 cod.
353 2623 371 2645 O
388 2624 480 2646 additur
496 2623 526 2647 ab
542 2624 581 2647 eis.

216 2661 225 2675 3
243 2661 300 2684 Vide
318 2661 373 2683 ibid.
392 2662 422 2684 lil.
440 2662 553 2691 Magistri,
572 2669 591 2685 c.
609 2664 630 2685 2.
648 2667 670 2687 et
687 2670 708 2693 q.
726 2665 747 2686 2.

215 2699 224 2714 ⁴¹
241 2700 406 2728 Supplevimus
422 2707 449 2723 ex
462 2702 512 2724 cod.
525 2702 543 2723 T
556 2703 577 2725 et
589 2708 604 2725 a
615 2702 753 2732 pluralitate
769 2702 929 2727 subiectorum
942 2703 992 2733 plu-

151 2738 238 2761 raritas
254 2740 363 2766 actuum,
383 2741 436 2768 quia
453 2743 475 2762 et
492 2743 609 2763 contextus
626 2748 652 2763 ea
669 2742 740 2764 verba
753 2743 854 2771 requirit,
867 2743 921 2765 etin
933 2743 992 2770 prin-

156 2777 214 2804 cipio
232 2778 350 2800 solutionis
366 2779 435 2800 huius
458 2778 591 2801 obiectionis
616 2781 664 2807 ipsa
690 2781 793 2808 explicite
816 2782 945 2803 recitantur.
961 2793 992 2797 —

156 2816 220 2838 Ratio
238 2817 293 2838 haec
311 2816 421 2839 fundatur
437 2818 459 2839 in
477 2818 514 2839 iilo
531 2819 657 2841 axiomatc:
675 2822 738 2842 actus
750 2822 802 2842 sunt
813 2821 991 2848 suppositorium

152 2859 211 2881 ergo
229 2854 329 2876 duorum
347 2856 519 2883 suppositorum
537 2863 581 2878 non
599 2860 633 2879 cst
649 2858 715 2879 unica
733 2859 797 2880 actio.

1111 2122 1121 2136 ⁵
1138 2121 1193 2144 Cod.
1212 2122 1241 2143 W
1259 2127 1303 2143 nou
1320 2122 1379 2143 male
1396 2122 1459 2144 addit
1475 2128 1537 2151 erqo.

1110 2160 1120 2174 ὃ
1137 2160 1192 2182 Cod.
1211 2160 1229 2182 Y
1246 2160 1309 2182 addit
1325 2161 1376 2188 cs&
1393 2161 1443 2183 cod.
1461 2161 1476 2182 Z
1495 2167 1550 2183 vero
1568 2162 1636 2184 habet
1652 2163 1686 2185 es!
1702 2163 1751 2185 loco
1770 2163 1838 2186 Deus.

1110 2199 1120 2213 ⁷
1138 2200 1191 2221 Dist.
1210 2200 1231 2221 2.
1250 2205 1271 2227 q.
1290 2199 1310 2221 2.
1328 2201 1350 2221 et
1366 2198 1385 2220 4.

1111 2238 1120 2252 ⁸
1137 2239 1190 2260 Dist.
1209 2238 1245 2260 28,
1263 2244 1304 2265 per
1320 2240 1397 2260 totam.

1111 2276 1120 2291 ⁹
1136 2277 1242 2305 Aristot.‚
1262 2277 1275 2298 l.
1294 2276 1377 2298 Postcr.
1395 2283 1413 2298 c.
1432 2277 1462 2300 2⁴.
1490 2277 1551 2299 ldeui
1576 2279 1637 2299 cuim
1663 2278 1714 2300 dico
1738 2280 1839 2306 primum
1863 2283 1884 2301 et

1049 2317 1195 2344 principium.
1212 2327 1243 2332 -
1260 2316 1324 2343 Vat.,
1342 2316 1426 2337 variata
1444 2317 1624 2343 constructione,
1637 2320 1727 2344 praeter
1743 2317 1812 2339 fidem
1829 2324 1883 2340 mss.

1048 2357 1070 2376 ct
1087 2354 1123 2377 ed.
1143 2355 1150 2376 4
1172 2355 1194 2377 et
1206 2353 1312 2383 primum
1329 2355 1351 2376 et
1366 2353 1511 2383 principium
1537 2356 1594 2377 suut
1608 2354 1683 2383 idem„
1702 2356 1724 2378 et
1739 2356 1800 2378 ratio
1812 2375 1818 2383 ‚
1843 2357 1884 2379 sed

1052 2394 1127 2415 minus
1145 2393 1260 2420 distincte,
1279 2399 1337 2420 quac
1354 2395 1375 2414 ct
1391 2393 1460 2420 paulo
1478 2393 1534 2414 inst-a
1553 2399 1605 2415 runi
1623 2394 1672 2416 cod.
1690 2400 1730 2421 ce,
1754 2395 1883 2423 antiquiori-

1049 2432 1093 2454 bus
1109 2434 1184 2453 autem
1202 2431 1268 2453 codd.
1286 2434 1308 2453 ct
1325 2431 1360 2453 ed.
1384 2431 1388 2452 Ι
1410 2431 1592 2459 refragantibusv
1605 2436 1653 2459 post
1671 2432 1739 2461 prlor
1755 2434 1789 2455 est
1805 2440 1883 2461 perpe-

1050 2477 1098 2492 ram
1116 2470 1217 2497 adiungit
1234 2469 1265 2492 in.

1112 2508 1130 2523 ¹⁰
1147 2509 1281 2530 Auctoriiate
1298 2508 1451 2535 plurimorum
1468 2515 1522 2531 mss.
1548 2510 1700 2537 expunximus
1715 2511 1794 2539 putet,
1820 2511 1883 2538 quod

1050 2549 1098 2570 Vat.
1124 2548 1199 2569 minus
1224 2550 1275 2574 apte
1299 2547 1404 2574 praefigit
1431 2547 1503 2569 verbo
1531 2547 1613 2577 quot&
1640 2548 1675 2570 cd.
1705 2549 1713 2570 1
1745 2549 1794 2571 loco
1818 2551 1884 2578 putet

1050 2586 1116 2608 habet
1142 2585 1195 2609 ltine
1220 2586 1260 2608 est.
1277 2597 1307 2601 ——-
1324 2585 1440 2608 Consentit
1456 2586 1613 2614 Augustinus,
1632 2588 1658 2609 V.
1685 2587 1713 2609 ‹le
1731 2587 1792 2609 Trin.
1810 2594 1829 2610 c.
1847 2588 1883 2610 lli.

1049 2632 1069 2647 u.
1091 2625 1132 2647 15:
1149 2625 1171 2646 Si
1185 2630 1244 2661 'crgo
1261 2627 1283 2646 et
1300 2624 1363 2653 quod
1388 2624 1454 2646 datur
1481 2625 1621 2652 principium
1643 2625 1711 2647 habet
1728 2632 1781 2647 cum
1799 2633 1811 2648 a
1837 2633 1883 2655 quo

1049 2665 1136 2686 datur...
1155 2663 1271 2686 fatendum
1288 2665 1328 2690 est,
1338 2663 1427 2685 Patrem
1444 2665 1466 2685 et
1477 2663 1556 2685 Filium
1574 2664 1710 2691 principium
1726 2670 1775 2686 esse
1787 2665 1883 2692 Spiritus

1049 2703 1133 2730 sancii,
1152 2708 1195 2724 non
1214 2701 1260 2723 duo
1277 2701 1403 2729 princ-ipim
1422 2701 1463 2723 sed
1479 2702 1538 2723 sicut
1554 2701 1618 2723 Patm-
1633 2705 1655 2724 ct
1665 2702 1734 2724 Filius
1745 2709 1804 2724 uuus
1816 2703 1882 2731 Deus,

1049 2743 1070 2763 ct
1087 2740 1115 2762 ad
1133 2743 1259 2762 creaturam
1277 2739 1370 2762 relative
1388 2745 1447 2761 unus
1465 2739 1557 2762 Creator
1579 2742 1601 2761 ct
1625 2746 1684 2762 unus
1701 2740 1827 2764 Dominus.
1851 2742 1882 2763 sic

1048 2780 1140 2801 relative
1158 2778 1186 2800 ad
1204 2778 1313 2806 Spiritum
1331 2781 1433 2800 sanctum
1452 2784 1523 2800 unum
1543 2779 1678 2806 principium
1696 2781 1737 2801 etc.
