2253 3317
53 1712 160 1731 Conclusio.

48 2040 118 2066 Solutio
131 2045 164 2063 op—

34 2065 145 2087 pomorum.

759 133 842 161 DIST.
863 131 903 159 Ill.
925 130 951 158 P.
974 128 1003 156 11.
1025 128 1098 156 ART.
1119 127 1138 156 1.
1160 127 1294 164 QUAEST.
1316 127 1335 155 Ι.

176 211 377 248 telligibilium,
408 210 549 239 concernit
579 210 763 239 differentiam
785 208 933 247 temporis,
955 208 1021 244 quia

175 261 217 287 est
238 257 361 294 acceptio
381 264 513 294 praesens
541 256 575 285 de
596 257 753 294 praeteritis
765 268 773 292 3
794 257 843 286 sed
864 257 954 293 imago
975 255 1021 284 ab·

175 305 275 334 strahit
299 312 315 332 a
340 303 544 333 conditionibus
564 303 742 333 sensibilibus
771 307 798 333 et
825 303 1018 340 temporibus:

175 359 242 388 ergo
263 354 314 379 616.

252 398 278 425 ἰι.
300 397 383 430 116111,
405 397 496 433 imago
517 397 670 425 attenditur
689 397 716 425 in
732 397 775 425 his
790 404 861 433 quae
877 399 941 424 sunt
956 398 1020 423 nata

175 443 299 480 recipere
320 443 469 480 imaginem
491 443 694 471 reformationis
722 443 780 471 sive
812 441 1020 475 similitudinis3

175 490 224 518 sed
245 490 336 526 imago
358 490 405 518 illa
426 490 551 518 consistit
570 490 596 517 in
620 489 710 518 tribus
735 489 887 517 virtutibus
919 487 1021 516 theolo-

174 537 264 573 gicis,
278 544 399 573 quarum
421 536 499 564 nulla
519 539 561 565 est
582 536 609 564 in
630 536 782 564 memoria:
805 543 871 571 ergo
892 537 942 563 etc.

253 584 279 611 5.
301 583 384 617 Item,
404 582 479 619 quod
500 582 635 610 voluntas
656 590 711 610 non
733 582 768 611 sit
796 582 831 610 de
864 581 1020 618 integritate

174 629 316 666 imaginis,
338 629 462 663 videtur,
483 629 549 665 quia
570 629 673 657 dicitur
700 628 726 656 in
750 628 820 656 libro
850 628 885 656 de
916 627 1021 664 Spiritu

174 679 202 704 et
226 676 359 704 animast:
398 675 516 712 «Imago
543 679 585 704 est
616 676 643 704 in
669 675 791 712 potentia
821 674 1021 711 cognoscendi,

175 722 329 751 similitudo
350 725 392 751 est
412 722 440 750 in
461 722 583 759 potentia
605 722 764 759 diligendi»
783 733 790 756 3
822 722 870 750 sed
892 721 1021 750 voluntas

175 777 229 798 non
251 769 371 806 pertinet
391 769 426 797 ad
448 769 599 806 potentiam
621 768 806 805 cognitivam:
829 776 896 805 ergo
917 771 968 797 616.

254 817 279 844 6.
301 816 384 850 Item,
405 816 496 844 omnis
516 816 654 852 potentia,
675 823 747 852 quae
769 818 810 844 est
831 815 866 844 de
888 815 1020 851 imagine,

175 862 258 891 debet
278 862 340 891 aliis
360 862 490 899 aequari,
512 861 577 898 quia
605 862 640 890 ad
670 862 804 890 rationem
832 861 960 898 imaginis
981 869 1022 889 re-

174 909 297 946 quiritur
317 909 489 946 aequalitas3
505 909 554 937 sed
569 908 698 937 voluntas
718 917 773 936 non
788 911 925 945 aequatur
950 908 1020 943 aliis,

174 956 241 993 quia
255 955 344 984 multa
357 956 554 992 intelligimus,
569 963 640 992 quae
655 963 709 983 non
724 955 873 984 volumus:
889 963 955 992 ergo
970 958 1020 984 etc.

174 1002 208 1030 Si
227 1002 326 1036 dicas,
347 1002 422 1039 quod
443 1010 498 1030 non
522 1002 676 1030 attenditur
707 1001 861 1038 aequalitas
893 1004 1022 1039 respectu

173 1048 361 1083 obiectorum,
383 1048 432 1076 sed
453 1052 582 1085 respectu
613 1051 743 1082 actuum,
775 1051 806 1076 ut
836 1048 872 1076 sit
903 1056 1019 1077 sensus:

174 1102 368 1132 quaecumque
384 1094 393 1107 ‘¹
415 1094 553 1131 intelligo,
575 1094 638 1123 volo
660 1102 704 1123 me
726 1095 897 1132 intelligere,
928 1095 1023 1123 adhuc

174 1149 229 1170 non
250 1144 292 1170 est
316 1149 415 1170 verum
428 1164 435 1176 ,
457 1141 523 1178 quia
545 1141 699 1170 multorum
731 1142 927 1176 meminimus,
949 1149 1022 1179 quae

173 1188 313 1217 nollemus
334 1188 501 1217 meminisse.

490 1290 701 1311 CONCLUSIO.

176 1377 262 1406 Ratio
284 1376 425 1414 imayim's
445 1376 607 1404 attenditur
628 1376 660 1404 iu
681 1375 727 1404 Itis
753 1375 847 1404 tribus
870 1376 1021 1413 potentiis,

253 1423 406 1457 memoria,
428 1423 570 1451 intellectu
592 1426 617 1451 et
639 1423 798 1456 voluntale,
820 1431 888 1451 cum
909 1432 1023 1460 compa-

254 1470 368 1498 ratione
389 1470 429 1498 acl
452 1470 595 1498 unitatem
616 1470 755 1498 esseutiae
776 1473 800 1498 et
818 1469 1022 1507 pluralitatem

254 1520 383 1546 actuum.

255 1610 434 1647 Respondeo:
456 1610 627 1645 Dicendum,
649 1609 740 1647 quod,
775 1610 847 1639 sicut
878 1611 945 1640 dicit
972 1611 1023 1639 Au-

175 1658 303 1695 gustinus
330 1660 357 1686 et
378 1657 506 1694 Magister
527 1656 665 1692 recitat³,
693 1657 785 1694 imago
812 1658 966 1690 attenditur
994 1658 1021 1686 in

174 1704 219 1733 his
241 1704 331 1732 tribus
352 1704 496 1741 potentiis,
518 1706 610 1732 tamen
630 1703 657 1731 in
687 1704 892 1741 comparatione
907 1704 942 1732 ad
964 1704 1022 1733 uni-

174 1753 260 1779 tatem
281 1750 416 1779 essentiae
437 1754 464 1778 et
484 1750 673 1787 pluralitatem
698 1753 827 1784 actuum,
860 1750 887 1778 in
919 1751 1022 1787 quibus

175 1800 218 1827 est
238 1797 378 1826 distinctio
398 1800 426 1825 et
446 1797 516 1825 ordo
536 1800 563 1825 et
584 1797 662 1833 origo
681 1797 766 1825 unius
796 1797 831 1825 ab
861 1797 949 1825 altero
971 1805 1022 1834 per

175 1844 291 1873 modum
313 1843 453 1880 quendam
476 1843 649 1880 disponendi.
672 1843 739 1871 Nam
771 1843 888 1872 retentio
920 1844 1021 1880 speciei

176 1890 298 1927 disponit
317 1890 353 1918 ad
375 1889 586 1926 intelligendum
608 1892 635 1918 et
656 1889 837 1926 intelligentia
862 1890 898 1919 ad
929 1898 1022 1918 aman-

176 1937 260 1971 dum,
282 1936 303 1965 si
326 1936 402 1973 quod
423 1936 587 1973 intelligitur
607 1940 649 1965 est
669 1936 774 1964 bonum
789 1936 806 1964 ⁴.

257 1984 281 2011 1.
299 1983 329 2011 Ε1
349 1990 399 2019 per
414 1983 466 2011 1106
480 1985 555 2019 patet
576 1982 677 2011 solutio
691 1982 727 2011 ad
742 1983 812 2011 illud
834 1984 908 2020 quod
930 1983 1022 2012 obiici-

176 2032 240 2057 tur:
263 2029 290 2057 in
313 2029 373 2058 istis
393 2030 522 2066 potentiis
542 2038 597 2058 non
618 2032 660 2058 est
691 2029 831 2058 distinctio
860 2037 911 2067 per
941 2030 1021 2067 origi-

175 2085 257 2106 nem:
279 2084 346 2113 ergo
367 2080 419 2105 etc.
955 2074 958 2080 '

255 2124 281 2151 2.
303 2123 342 2151 Ad
363 2123 434 2151 illud
447 2123 457 2138 ⁵
478 2123 553 2160 quod
573 2123 719 2158 obiicitur,
740 2123 815 2160 quod
831 2123 921 2161 imago
935 2127 1021 2152 atten-

1884 127 1917 155 81

1078 205 1155 234 ditur
1186 205 1342 234 secundum
1372 205 1541 234 exteriorem
1573 204 1800 242 dispositionem;
1833 204 1923 233 dicen-

1078 253 1162 287 dum,
1184 252 1259 289 quod
1280 254 1321 280 est
1342 251 1434 288 imago
1456 252 1495 280 rei
1522 251 1686 288 corporalis
1717 254 1744 280 61
1764 251 1921 285 sensibilis;

1078 301 1104 328 et
1126 299 1210 333 haec,
1231 299 1297 335 quia
1318 298 1399 326 offert
1419 306 1448 327 se
1471 298 1619 335 cognitioni
1640 305 1691 335 per
1706 298 1861 331 exteriora,
1876 297 1924 325 ha-

1076 345 1123 374 1161
1137 345 1286 382 imaginem
1309 348 1562 382 repraesentantem
1582 345 1735 374 secundum
1752 344 1921 374 exteriorem

1077 392 1295 429 dispositionem.
1318 392 1364 420 Est
1378 391 1479 420 iterum
1499 392 1589 428 imago
1604 392 1644 420 rei
1658 391 1836 429 spiritualis,
1851 399 1924 428 quae

1077 441 1119 467 est
1139 438 1237 466 intima
1257 438 1371 467 cuilibet
1384 438 1433 472 rei,
1448 441 1475 466 et
1489 446 1561 475 quae
1575 439 1752 475 cognoscitur
1767 438 1923 467 secundum

1077 485 1152 521 quod
1175 485 1266 513 virtus
1287 484 1459 521 recolligitur
1473 484 1508 512 ad
1533 484 1648 519 intima;
1670 488 1697 513 et
1722 485 1790 514 haec
1804 485 1814 499 ⁶
1840 484 1924 513 habet

1077 531 1226 568 imaginem
1248 533 1503 568 repraesentantem
1524 534 1660 567 quantum
1682 531 1717 559 ad
1739 531 1850 560 intimas
1871 530 1925 560 dis-

1076 577 1236 614 positiones.

1156 623 1181 652 3.
1204 618 1243 652 Ad
1264 624 1336 652 illud
1349 624 1359 639 ⁷
1379 623 1455 660 quod
1476 623 1621 658 obiicitur,
1643 624 1718 661 quod
1733 625 1868 653 memoria
1882 628 1924 653 est

1078 670 1271 705 sensibilium3
1292 670 1459 704 dicendum,
1480 670 1555 707 quod
1576 670 1711 699 memoria
1725 670 1860 707 accipitur
1880 670 1925 698 tri·
1937 669 2014 712 ngrlf;
2026 674 2065 688 ¹¹¹2-

1077 717 1202 754 pliciter:
1226 725 1282 745 11110
1303 717 1386 745 1110ᾶο
1407 719 1491 754 1110111
1511 720 1553 746 est
1577 717 1718 754 receptiva
1741 720 1768 745 et
1790 717 1925 745 retentiva

1078 763 1251 792 sensibilium
1273 767 1300 792 et
1320 764 1553 801 praeteritorum;
1580 764 1635 792 alio
1663 764 1745 792 modo
1773 767 1856 801 prout
1882 767 1925 793 est

1078 811 1214 839 retentiva
1235 811 1467 847 praeteritorum,
1489 811 1548 839 sive
1569 811 1742 839 sensibilium
1769 811 1827 839 sive
1848 810 1925 839 intel-

1077 856 1226 893 ligibilium
1238 868 1246 891 ;
1267 860 1294 885 61
1315 857 1396 885 161110
1417 857 1500 886 modo
1521 860 1605 894 prout
1635 860 1677 886 est
1709 858 1844 886 retentiva
1866 865 1925 894 spe-

1077 904 1199 938 cierum,
1221 903 1409 932 abstrahendo
1430 904 1465 932 ab
1486 905 1562 933 omni
1587 904 1743 933 differentia
1775 904 1923 941 temporis,

1078 953 1174 988 utpote
1195 951 1352 987 specierum
1373 951 1541 980 innatarum.
1563 951 1595 980 Et
1619 951 1671 980 hoc
1691 952 1771 980 tertio
1786 952 1869 980 modo
1883 954 1925 980 est

1077 1005 1144 1035 pars
1158 998 1286 1035 imaginis
1298 1009 1305 1032 3
1321 998 1369 1027 sed
1385 998 1502 1027 obiectio
1517 998 1605 1027 currit
1619 998 1654 1027 de
1668 998 1730 1027 aliis
1744 998 1842 1035 primis
1857 998 1924 1027 duo-

1080 1045 1132 1074 bus
1146 1045 1246 1073 modis.
1262 1045 1353 1074 Primo
1364 1046 1447 1074 modo
1458 1046 1593 1074 memoria
1609 1045 1736 1082 sequitur
1747 1053 1870 1080 sensum,
1885 1053 1925 1074 se-

1078 1091 1170 1120 cundo
1191 1091 1274 1120 modo
1295 1092 1423 1129 sequitur
1444 1092 1533 1129 ipsam
1556 1092 1766 1129 intelligentiam
1780 1094 1807 1120 et
1828 1092 1925 1120 volun-

1078 1141 1178 1173 tatem,
1200 1139 1282 1167 tertio
1303 1139 1386 1167 modo
1407 1139 1545 1168 antecedit
1566 1142 1593 1168 et
1615 1139 1765 1176 respondet
1783 1139 1865 1167 Patri.

1157 1186 1185 1214 4.
1205 1186 1245 1214 Ad
1265 1186 1336 1214 illud
1357 1186 1433 1223 quod
1452 1186 1601 1220 obiicitur,
1623 1186 1698 1223 quod
1714 1186 1850 1214 memoria
1871 1193 1925 1213 11011

1079 1232 1266 1267 reformatur,
1288 1232 1454 1267 dicendum,
1476 1233 1552 1270 quod
1574 1233 1659 1261 11111110
1688 1233 1822 1261 memoria
1844 1230 2062 1273 16101-Ῑξξξξρζζζζζζζξζζ7

1078 1282 1173 1307 matur
1194 1282 1222 1308 et
1243 1282 1380 1316 quantum
1401 1279 1437 1308 ad
1458 1283 1561 1308 statum
1584 1280 1645 1308 viae
1675 1283 1703 1308 61
1733 1282 1869 1316 quantum
1890 1279 1926 1308 ad

1079 1329 1183 1354 statum
1204 1326 1329 1363 patriae:
1350 1326 1378 1354 in
1398 1326 1495 1363 primo
1516 1334 1567 1364 per
1587 1335 1687 1363 speum
1709 1329 1736 1355 et
1768 1327 1819 1354 hoc
1851 1329 1927 1363 patet

1078 1381 1130 1410 per
1149 1373 1352 1410 expositionem
1374 1374 1518 1410 Augustini
1540 1382 1625 1411 super
1644 1373 1714 1401 illud
1730 1373 1848 1402 verbum
1864 1373 1928 1401 Mat-

1079 1420 1153 1448 thaei
1175 1420 1309 1457 vigesimo
1330 1420 1490 1449 secundo⁸:
1513 1420 1622 1458 Dtllyes
1656 1420 1812 1448 Dominum
1835 1420 1925 1452 Deum

1080 1470 1164 1495 tumn
1178 1475 1213 1495 ex
1229 1471 1284 1495 toto
1306 1467 1402 1501 corde,
1430 1480 1441 1491 «
1456 1467 1484 1496 id
1506 1470 1563 1501 est,
1578 1467 1721 1496 intellectu
1740 1467 1799 1495 sine
1814 1474 1926 1501 errore,

1079 1522 1114 1541 eac
1136 1517 1195 1542 tota
1216 1514 1337 1548 anima,
1352 1514 1381 1543 id
1396 1518 1446 1549 est,
1466 1514 1609 1543 voluntate
1621 1514 1679 1543 sine
1694 1513 1926 1548 contradictione,

1080 1569 1114 1588 ex
1136 1564 1194 1589 tota
1216 1564 1321 1595 mente,
1344 1561 1371 1590 id
1392 1564 1443 1596 est,
1458 1561 1594 1589 memoria
1615 1561 1674 1589 sine
1694 1560 1874 1589 oblivione».
1897 1559 1927 1588 ln

1078 1607 1203 1636 secundo
1226 1610 1300 1636 statu
1326 1608 1495 1636 reformatur
1522 1610 1658 1645 quantum
1691 1607 1727 1636 ad
1758 1606 1927 1640 teutionewm

1079 1654 1155 1683 unde
1176 1654 1336 1683 Bernardus
1349 1655 1358 1669 ⁹
1379 1654 1461 1689 dicit,
1483 1654 1559 1691 quod
1586 1666 1597 1678 «
1611 1654 1686 1683 Deus
1704 1657 1746 1683 est
1760 1654 1873 1682 futurus
1889 1653 1928 1681 in-

1078 1701 1247 1738 telligentiae
1258 1701 1403 1739 plenitudo
1417 1701 1487 1730 lucis
1496 1724 1503 1735 ‚
1519 1701 1655 1730 voluntati
1670 1701 1821 1730 multitudo
1835 1702 1927 1738 pacis,

1078 1749 1228 1777 memoriae
1250 1748 1419 1777 continuatio
1439 1748 1609 1777 aeternitatis
1624 1761 1650 1776 ».
1666 1748 1719 1777 Nec
1740 1751 1782 1777 est
1795 1748 1815 1763 ¹⁰
1836 1748 1928 1777 incon-

1077 1796 1206 1830 veniens,
1226 1795 1302 1832 quod
1324 1796 1473 1829 memoria,
1495 1795 1624 1832 quamvis
1653 1794 1688 1823 sit
1713 1795 1819 1832 prima,
1842 1795 1927 1823 refor-

1079 1845 1172 1871 metur
1192 1850 1244 1879 per
1264 1842 1358 1870 dotem
1380 1841 1524 1876 ultimam;
1544 1841 1609 1878 quia
1631 1842 1700 1870 ordo
1722 1842 1927 1870 reformationis

1078 1892 1105 1918 et
1126 1889 1334 1918 deformationis
1356 1888 1451 1925 incipit
1471 1896 1487 1916 a
1504 1888 1673 1925 posteriori,
1689 1888 1759 1916 ordo
1778 1892 1871 1917 autem
1888 1889 1926 1916 in-

1077 1936 1250 1965 formationis
1266 1936 1283 1950 ¹¹
1308 1935 1404 1972 incipit
1426 1943 1442 1963 a
1462 1935 1631 1972 superiori:
1653 1935 1716 1963 ideo
1736 1943 1753 1963 a
1783 1935 1926 1963 voluntate

1077 1983 1173 2020 incipit
1194 1982 1354 2011 reformatio
1375 1985 1403 2010 et
1424 1982 1511 2013 tendit
1533 1989 1622 2019 usque
1644 1982 1671 2009 in
1693 1982 1866 2010 memoriam.

1158 2031 1182 2058 5.
1204 2029 1244 2058 Ad
1266 2029 1336 2058 illud
1356 2029 1432 2066 quod
1454 2029 1599 2063 obiicitur,
1621 2028 1695 2066 quod
1722 2028 1814 2065 imago
1835 2032 1877 2058 est
1898 2028 1926 2057 in

1078 2077 1200 2114 potentia
1230 2076 1433 2114 cognoscendi;
1463 2076 1633 2110 dicendum,
1665 2075 1740 2113 quod
1772 2075 1926 2105 similitudo

1079 2124 1145 2153 dicit
1166 2123 1234 2161 quid
1256 2123 1425 2160 gratuitum,
1447 2125 1474 2151 et
1495 2122 1557 2151 ideo
1578 2122 1681 2151 dicitur
1712 2130 1773 2151 esse
1803 2130 1854 2159 per
1881 2131 1928 2160 ap-

238 2232 246 2246 1
263 2231 319 2260 Cap.
337 2232 380 2255 39:
391 2233 473 2255 Anima
490 2233 607 2255 rationalis
623 2236 646 2255 et
662 2233 789 2255 intellectus
806 2234 864 2256 facta
881 2236 915 2256 est
927 2234 956 2256 ad
968 2235 1022 2256 ima-

176 2272 254 2299 ginem
271 2274 293 2293 et
309 2271 481 2293 similitudinem
498 2272 553 2299 Dei,
575 2275 600 2294 ut
625 2272 734 2294 factorem
759 2278 828 2294 suum
854 2279 896 2300 pro
921 2273 1022 2301 imagine

175 2312 315 2338 cognoscat,
333 2312 355 2332 et
371 2316 414 2338 pro
431 2310 579 2332 similitudine
596 2310 681 2339 diligat.
700 2311 730 2332 Ex
747 2311 847 2339 imagine
865 2318 965 2340 namque
981 2312 1021 2334 Dei

175 2349 244 2371 habet
260 2350 372 2371 rationem
388 2352 411 2371 61
427 2355 453 2371 ex
470 2349 618 2371 similitudine
636 2350 761 2372 caritatem.

240 2387 250 2402 ²
268 2388 318 2410 Vat.
336 2391 413 2410 contra
431 2388 544 2416 plurimos
561 2388 629 2411 codd.
646 2391 672 2411 ut
688 2388 867 2411 ACFGHlKT
885 2391 926 2411 616.
944 2392 968 2411 61
984 2389 1020 2412 ed.

177 2427 185 2448 11
210 2425 330 2456 quidquid.
978 2422 980 2426 ,

239 2465 249 2480 ³
266 2465 307 2487 Hic
324 2471 343 2487 c.
362 2466 382 2487 2.
399 2477 431 2482 -—
448 2466 516 2488 Paulo
533 2468 585 2494 post
601 2466 651 2489 Vat.
670 2473 725 2489 cum
742 2467 792 2489 loco
814 2468 893 2490 tamen
917 2467 954 2495 in,
980 2467 1020 2490 sed

177 2505 255 2526 minus
272 2505 388 2531 signanter
405 2506 427 2526 et
443 2507 520 2527 contra
538 2511 592 2527 mss.
611 2508 633 2528 et
649 2505 685 2528 ed.
705 2506 725 2528 1.

240 2542 249 2557 ⁴
267 2542 404 2571 Corruptam
430 2543 550 2566 lectionem
576 2544 625 2566 Vat.
648 2544 780 2567 amandum
804 2545 934 2568 secundum
959 2545 1023 2575 quod

175 2580 319 2611 intellz'qitur
335 2587 384 2604 esse
400 2580 487 2604 bonum
510 2583 686 2605 emendavimus
703 2590 748 2611 ope
766 2590 820 2606 mss.
838 2587 861 2606 et
877 2584 913 2606 ed.
935 2585 952 2606 1.

239 2620 249 2634 ⁵
266 2620 346 2642 Plures
363 2620 430 2642 codd.
447 2624 472 2643 ut
488 2621 506 2642 Α
517 2621 534 2642 Τ
552 2624 593 2643 616.
611 2624 633 2644 61
649 2622 685 2644 ed.
706 2623 714 2644 rl
735 2621 804 2645 alind
820 2623 869 2645 loco
887 2622 953 2645 illud.

240 2659 250 2674 θ
268 2659 418 2682 Restituirnus
435 2666 462 2681 ex
478 2666 532 2682 mss.
551 2663 573 2682 61
588 2660 624 2682 6(1.
643 2661 651 2682 l
674 2661 737 2684 haec.
755 2661 825 2683 Paulo
842 2665 893 2684 ante
911 2661 1021 2690 11051011·-

177 2699 215 2721 tus
233 2699 255 2720 in
273 2698 324 2720 cod.
341 2699 359 2720 Α
376 2698 468 2720 additur
484 2698 665 2728 intelliyibilz'ter.
835 2717 837 2719 .

239 2736 249 2751 ⁷
266 2736 315 2764 Ope
332 2737 479 2765 antiquorum
498 2743 551 2759 mss.
570 2740 592 2759 et
607 2737 644 2759 ed.
666 2738 670 2759 Ι
692 2739 844 2766 expunximus
862 2745 874 2760 a
892 2738 941 2760 Vat.
960 2738 1022 2760 addi-

176 2777 226 2797 tum
243 2781 307 2804 erqo.
325 2775 393 2797 Paulo
411 2775 468 2797 infra
485 2778 536 2804 post
547 2775 693 2799 sensibilium
704 2777 754 2799 cod.
768 2776 786 2799 Ο
797 2778 879 2799 omittit
889 2778 912 2799 ct
923 2783 1022 2805 moxque

177 2813 228 2836 cod.
246 2814 265 2835 M
283 2814 332 2836 loco
350 2814 463 2837 retentiva
480 2815 544 2842 ponit
560 2814 682 2844 receptiva.

241 2852 251 2867 8
268 2853 333 2875 Vors.
352 2853 388 2874 37.
406 2853 575 2881 Expositionem
593 2854 661 2876 huius
678 2854 728 2881 loci,
746 2860 791 2876 non
809 2855 883 2876 solum
905 2861 917 2876 a
935 2855 956 2876 S.
983 2855 1022 2877 Bo-

177 2894 322 2920 naventura,
348 2891 389 2914 sed
413 2893 480 2914 otiam
507 2898 519 2914 a
537 2892 559 2914 S.
578 2892 665 2914 Thoma
690 2892 731 2921 (111.
750 2893 809 2915 Sem.
833 2893 855 2915 d.
882 2893 918 2915 27.
944 2899 1021 2921 expos.

304 2937 328 2961 S.
345 2937 436 2961 Βοηαυ.
455 2950 487 2954 -
504 2938 569 2960 Tom.
587 2939 602 2960 1.

1079 2236 1161 2262 textus)
1180 2234 1308 2262 Augustino
1326 2232 1473 2261 adscriptam,
1492 2238 1537 2254 non
1554 2233 1672 2260 potuimus
1689 2232 1793 2254 invenire
1814 2232 1836 2254 in
1853 2233 1927 2260 ipsius

1080 2272 1197 2301 operibus.
1217 2273 1238 2294 S.
1257 2272 1359 2294 Thomas
1375 2272 1398 2293 in
1415 2271 1498 2294 Catena
1516 2277 1585 2293 aurea
1604 2271 1688 2296 (Matth.
1708 2271 1749 2299 22,
1768 2270 1814 2297 37.)
1828 2277 1879 2293 eam
1898 2274 1927 2293 at-

1080 2311 1159 2334 tribuit
1176 2312 1269 2333 Glossae
1286 2311 1431 2338 interlineari,
1450 2311 1471 2332 in
1489 2316 1534 2338 qua
1552 2310 1585 2332 sic
1602 2310 1695 2337 legitur:
1721 2310 1751 2332 Ex
1777 2312 1823 2332 toto
1848 2310 1927 2338 cordo,

1078 2350 1101 2372 id
1113 2353 1147 2372 est
1163 2350 1289 2377 intellectu,
1302 2352 1327 2371 ut
1338 2349 1424 2371 nullam
1436 2350 1458 2370 in
1471 2349 1613 2371 confossione
1624 2348 1749 2370 divinitatis
1766 2348 1882 2377 relinquas
1894 2355 1927 2370 er-

1078 2390 1123 2411 rori
1137 2389 1220 2416 locum;
1238 2389 1259 2410 in
1270 2391 1315 2411 tota
1327 2388 1403 2410 anima
1413 2405 1418 2415 ,
1430 2387 1454 2409 id
1465 2390 1500 2409 est
1511 2387 1627 2409 voluntate
1637 2405 1642 2415 ,
1656 2390 1680 2409 111
1693 2387 1746 2408 1111111
1756 2388 1776 2409 61
1786 2388 1926 2409 contrarium

1077 2428 1141 2456 velis,
1153 2428 1175 2449 in
1188 2430 1233 2449 tota
1245 2429 1328 2454 mente,
1339 2427 1393 2448 1111111
1403 2427 1552 2448 reminiscens
1565 2432 1611 2454 quo
1624 2426 1700 2448 minus
1712 2425 1741 2448 de
1753 2432 1780 2448 60
1792 2426 1883 2448 sentias.
1895 2437 1927 2441 -—

1079 2467 1137 2488 Tam
1155 2467 1177 2488 in
1195 2466 1245 2488 libr.
1263 2466 1293 2488 de
1310 2466 1395 2493 Spiritu
1413 2467 1434 2487 et
1451 2465 1534 2492 anima,
1547 2471 1566 2487 c.
1584 2464 1628 2492 35,
1647 2471 1717 2493 quam
1735 2465 1757 2486 in
1775 2464 1825 2486 libr.
1843 2464 1872 2486 de
1888 2464 1927 2486 Di-

1079 2505 1171 2533 ligendo
1188 2505 1242 2533 Deo,
1260 2511 1279 2527 c.
1298 2505 1323 2532 2,
1341 2505 1380 2533 qui
1399 2505 1457 2526 inter
1474 2510 1544 2532 opera
1562 2504 1584 2525 S.
1601 2504 1721 2531 Augustini
1739 2503 1925 2531 recensebantur,

1079 2545 1211 2572 simpliciter
1228 2544 1326 2566 dicitur:
1344 2543 1368 2565 ld
1385 2545 1419 2565 est
1435 2549 1462 2565 ex
1480 2545 1525 2565 toto
1543 2542 1655 2565 intellectu
1673 2544 1712 2564 tuo
1729 2545 1751 2564 et
1771 2548 1798 2564 ex
1817 2545 1860 2564 tota
1884 2548 1926 2564 vo-

1079 2583 1164 2605 luntate
1183 2585 1219 2604 tua
1237 2585 1259 2604 et
1275 2589 1302 2604 ex
1319 2585 1364 2604 tota
1382 2582 1495 2604 memoria
1512 2584 1557 2603 tua.

1141 2621 1151 2636 ⁹
1168 2622 1190 2643 ln
1208 2621 1271 2644 Cant.
1289 2620 1351 2643 Cant.
1370 2621 1444 2643 Serm.
1467 2621 1500 2642 11.
1518 2627 1539 2642 n.
1558 2620 1579 2642 5.
1596 2632 1628 2636 —
1645 2620 1695 2642 Vat.
1720 2623 1798 2646 contra
1822 2626 1877 2642 mss.
1904 2623 1926 2642 et

1078 2660 1115 2683 ed.
1138 2661 1142 2682 1
1165 2660 1221 2689 quia
1239 2660 1288 2682 1060
1305 2659 1375 2689 quod.

1143 2699 1161 2713 10
1178 2699 1226 2727 Ope
1244 2705 1298 2721 mss.
1316 2701 1339 2720 et
1355 2698 1391 2720 ed.
1411 2699 1418 2720 l
1440 2698 1570 2720 delevimus
1586 2698 1663 2721 etiam.
1681 2698 1750 2720 Paulo
1768 2701 1820 2726 post
1841 2698 1892 2720 cod.
1906 2698 1924 2720 T

1077 2738 1146 2768 prior
1158 2739 1207 2760 loco
1222 2737 1310 2767 prima.

1142 2777 1160 2791 ¹¹
1180 2777 1228 2799 Vat.
1246 2776 1411 2805 formationis,
1429 2776 1470 2799 sed
1488 2776 1553 2799 obest
1570 2777 1691 2798 auctoritas
1716 2782 1770 2798 mss.
1794 2779 1816 2798 et
1840 2776 1875 2798 cd.
1899 2777 1903 2798 Ι
1919 2794 1924 2805 ‚

1080 2817 1118 2845 qui
1137 2817 1205 2838 etiam
1222 2816 1291 2843 paulo
1308 2818 1361 2843 post
1377 2816 1484 2838 omittunt
1501 2814 1655 2844 reformatio,
1675 2815 1738 2844 quod
1761 2818 1836 2837 tamen
1859 2815 1925 2837 clari-

1079 2856 1130 2877 tatis
1147 2855 1218 2882 gratia
1237 2860 1281 2876 non
1298 2855 1458 2883 expunximus.
1477 2854 1535 2876 Vide
1558 2855 1623 2882 plura
1650 2855 1707 2876 infra
1732 2855 1754 2876 in
1778 2855 1868 2877 Scliolio
1894 2854 1923 2876 ad

1081 2894 1140 2915 hanc
1157 2894 1323 2922 quaestionem.
