2253 3317
348 114 401 141 'lllt

344 191 468 228 passi01,
491 190 563 218 istud
593 190 676 218 hahet
697 190 870 222 instantiam,
899 190 946 218 ubi
968 190 1124 227 proprietas
1147 195 1189 220 est

346 241 480 266 extranea
500 237 534 271 ei,
560 237 594 265 de
615 245 671 273 quo
690 237 868 274 praedicatur
887 237 1053 269 subiectum,
1076 241 1105 265 ut
1120 238 1188 267 haec

344 279 458 313 intentio
478 283 600 320 speeies,
623 283 751 320 quamvis
773 283 807 312 sit
828 284 984 320 proprietas
1006 284 1141 318 hominis,
1162 288 1190 313 et

345 331 429 358 homo
450 330 559 358 dicatur
574 330 608 358 de
630 330 723 363 Petro,
739 337 793 357 non
815 332 907 358 tamen
923 329 1025 357 dieitur
1040 330 1074 358 de
1089 338 1122 358 eo
1137 330 1188 357 hoe

345 377 420 414 quod
441 380 482 405 est
503 376 619 412 speeies.

422 423 452 450 Et
474 423 496 450 si
511 422 637 456 obiicias,
659 422 753 459 quod²
774 422 801 450 in
826 421 927 450 divinis
949 430 1003 450 non
1025 422 1098 450 cadit
1119 422 1189 450 ratio

343 470 485 503 extranei,
515 470 579 506 qnia
606 478 658 497 non
685 469 759 497 cadit
787 469 824 497 ibi
852 468 994 501 accidens;
1022 469 1188 502 dicendum,

343 517 417 553 quod
439 516 488 545 etsi
511 524 564 544 non
587 516 621 544 sit
650 515 820 544 extraneitas
847 523 897 543 nec
926 515 1073 543 diversitas
1104 523 1189 552 quan-

344 566 402 591 tum
418 563 453 591 ad
469 572 547 596 rem,
569 566 610 591 est
631 565 722 590 tamen
745 562 836 599 quoad
852 562 997 590 rationem
1018 561 1076 590 sive
1095 562 1187 598 quoad

343 610 460 637 modum
482 609 691 646 praedicandi,
713 609 759 645 qui
782 609 885 646 triplex
911 611 952 637 est
974 609 1001 636 in
1024 608 1134 642 divinis,
1156 608 1189 636 si-

343 660 389 685 eut
410 657 482 684 infra
504 656 607 693 patebit
620 656 639 683 ³.
662 656 738 685 Unde
763 656 834 684 sicut
855 656 900 684 hio
919 658 960 684 est
984 655 1126 684 accidens:
1149 662 1189 683 es-

343 704 431 732 sentia
452 706 493 732 est
517 711 650 740 persona3
679 703 727 731 sed
750 710 869 739 persona
896 701 1092 738 distinguitur:
1121 709 1188 738 ergo

343 754 370 779 et
390 750 523 784 essentia;
546 750 582 778 ita
604 753 630 778 et
651 750 678 777 in
700 749 850 786 proposito.

1037 113 1287 142 SENTENTLxRUM
1310 113 1369 141 LlB.
1391 114 1408 141 Ι.

1324 191 1351 218 4.
1373 191 1411 218 Ad
1427 191 1496 219 illud
1512 192 1586 228 quod
1602 192 1701 220 ultimo
1715 193 1844 221 obiicitur
1865 193 1899 221 de
1915 193 1978 222 hae:
2001 202 2091 223 essen-

1246 237 1282 265 tia
1294 237 1301 251 ⁴
1317 240 1358 265 est
1372 237 1452 265 Pater
1468 237 1540 271 Filii;
1563 238 1744 275 distinguitur
1764 247 1780 267 a
1802 240 1998 276 Praeposiliw,
2013 241 2087 278 quod
2106 253 2206 272 nanneno
2240 271 2241 274 ,

2099 276 2241 300 Praeposuit-is
2252 279 2253 282 ¹

1246 283 1325 311 Pater
1353 286 1442 319 potest
1463 291 1566 320 ponere
1592 292 1671 312 suam
1693 293 1752 313 rem
1774 286 1831 314 sive
1861 291 2017 323 respectum
2041 296 2091 324 per

1245 329 1337 366 ipsum
1349 329 1529 366 importatum
1552 331 1625 359 cirea
1637 331 1728 368 ipsum
1738 332 1904 367 subiectum,
1916 334 1991 370 quod
2002 337 2044 362 est
2052 342 2092 363 es-

1245 375 1347 408 sentia;
1359 379 1386 404 et
1402 380 1466 405 tune
1481 379 1523 405 est
1539 377 1640 405 locutio
1654 378 1738 411 falsa;
1754 382 1795 407 est
1810 379 1882 407 enim
1896 387 2003 414 sensus,
2016 381 2091 417 quod

1244 423 1364 451 essentia
1377 423 1498 451 refertur
1513 423 1548 451 ad
1564 423 1671 451 Filium.
1700 424 1745 452 Vel
1766 428 1856 461 potest
1877 426 2008 455 claudere
2021 427 2092 455 intra

1245 477 1274 497 se
1282 469 1291 483 ⁵
1304 477 1362 497 rein
1375 469 1418 497 sui
1431 469 1606 504 substantivi,
1617 473 1648 498 ut
1660 470 1694 499 sit
1705 478 1818 499 sensus:
1830 472 1949 500 essentia.
1960 475 2002 501 est
2013 473 2092 501 Pater

1245 515 1315 549 Filii,
1331 515 1358 543 id
1373 519 1426 549 est,
1449 516 1567 545 essentia
1588 519 1629 545 est
1644 516 1690 545 ille
1709 517 1756 554 qui
1779 518 1900 546 refertur
1922 519 1957 547 ad
1981 519 2092 554 Filium3

1244 565 1271 589 et
1292 562 1343 590 hoo
1365 562 1448 590 modo
1468 570 1535 591 vera
1556 565 1598 591 est
1619 563 1729 597 locutio,
1744 567 1771 592 et
1786 572 1840 592 non
1857 565 1930 593 valet
1944 573 2091 602 argumen-

1244 610 1319 635 tum:
1341 615 1408 644 ergo
1429 608 1512 637 Filius
1533 612 1575 637 est
1600 609 1683 637 Filius
1704 610 1855 645 essentiae,
1877 610 1963 639 immo
1990 614 2032 640 est
2053 611 2090 640 ibi

1244 654 1387 682 accidens.
1403 655 1478 683 Sicut
1492 655 1566 683 enim
1581 663 1635 683 non
1657 657 1796 693 sequitur:
1813 657 1897 686 Filius
1912 658 2034 687 refertur
2054 659 2090 687 ad

1244 700 1324 729 illum
1338 700 1386 738 qui
1402 703 1443 729 est
1458 701 1545 735 Pater,
1567 704 1594 729 et
1608 702 1654 730 ille
1669 707 1710 730 est
1725 702 1859 731 essentia:
1881 711 1948 740 ergo
1970 705 2091 733 refertur

1244 747 1288 776 vel
1310 748 1491 785 distinguitur
1512 749 1547 777 ab
1568 749 1702 783 essentia;
1724 749 1763 778 sic
1784 753 1811 778 et
1832 750 1859 778 in
1880 752 2031 788 proposito.

1064 838 1355 874 SOHOLION.

406 930 420 952 l.
438 931 544 959 Quaestio
562 931 618 952 haec
634 933 668 952 est
684 930 744 951 circa
755 927 899 958 principium
912 927 975 957 quod
990 927 1121 949 divinarum
1135 933 1185 955 pro-

343 969 485 997 auctionum,
498 969 561 998 quod
574 968 703 991 secundum
716 965 785 990 fi'dem
798 968 933 990 catholicam
950 968 1014 995 ipsae
1030 970 1083 989 sunt
1094 966 1186 989 divinae

340 1013 457 1037 personae
474 1007 635 1035 producentes.
652 1006 815 1029 Conclusiones
832 1006 901 1028 huius
912 1008 934 1028 et
946 1006 1034 1033 primae
1047 1006 1187 1034 quaestionis

344 1047 460 1076 sequentis
477 1047 565 1068 articuli
588 1049 641 1068 sunt
663 1048 740 1068 contra
758 1045 866 1067 abbatem
883 1045 993 1070 loachim,
1007 1045 1072 1066 cuius
1084 1044 1187 1066 doctrina

344 1088 463 1108 censuram
480 1088 513 1107 est
530 1086 552 1106 in
569 1084 670 1107 Concilio
681 1085 826 1106 Lateranensi
839 1084 875 1106 lv.
888 1090 937 1106 can.
950 1083 978 1107 de
990 1083 1047 1107 Fide
1059 1083 1186 1112 catholica,

344 1130 394 1152 cap.
420 1124 577 1146 Damnamus:
602 1123 666 1145 «Nos
684 1127 776 1151 autem,
794 1123 816 1145 S.
842 1122 985 1151 approbante
1006 1122 1119 1151 Concilio,
1143 1129 1189 1146 cre-

344 1162 421 1185 dimus
438 1165 459 1185 et
477 1162 613 1184 confitemur
635 1168 688 1184 cum
706 1162 771 1184 Petro
789 1161 947 1189 (Lombardo),
965 1161 1029 1190 quod
1047 1168 1092 1183 una
1118 1168 1189 1190 quae-

344 1201 399 1223 dam
415 1207 452 1223 res
469 1204 502 1223 est
518 1200 757 1228 incomprehensibilis
782 1200 875 1229 quidem
893 1203 915 1222 et
937 1200 1080 1222 ineffabilis...
1106 1203 1128 1222 et
1152 1200 1189 1222 illa

345 1247 382 1263 res
400 1247 444 1262 non
462 1243 496 1263 est
513 1246 626 1268 generans
644 1246 686 1262 nec
703 1240 778 1267 genita
796 1245 837 1261 nec
855 1239 984 1267 procedens
997 1248 1018 1262 r.
1029 1240 1134 1262 —lianc
1151 1239 1190 1262 do-

345 1280 441 1301 ctrinam
464 1279 599 1301 catholicam
627 1278 766 1306 Seraphicus
794 1278 938 1306 gravissimis
965 1279 1108 1307 argumentis
1136 1284 1191 1300 con-

346 1318 428 1341 firmat.

408 1357 431 1379 ll.
449 1357 471 1379 ln
484 1357 550 1379 solut.
562 1356 599 1379 ad.
612 1357 620 1378 .1
637 1356 757 1384 distinguit
768 1357 790 1379 S.
802 1357 887 1379 Doctor
903 1356 1021 1384 duplicem
1033 1356 1189 1379 diversitatem

345 1396 438 1418 rationis
455 1396 477 1417 in
489 1395 573 1417 divinis
593 1394 722 1417 secundum
739 1394 898 1423 differentiam,
919 1401 979 1423 quae
991 1397 1025 1417 est
1035 1396 1094 1417 inter
1105 1394 1191 1418 habere

346 1433 452 1457 diversas
470 1434 622 1461 proprietates
638 1436 659 1456 et
677 1432 763 1456 habere
778 1433 815 1456 vel
831 1439 879 1456 nou
896 1432 982 1456 habere
995 1439 1071 1456 uuam
1082 1433 1192 1456 eandem-

347 1479 391 1502 que
409 1473 587 1500 proprietatem,
604 1472 634 1494 de
651 1478 698 1501 quo
715 1472 754 1494 cfr.
777 1473 814 1494 hie
837 1472 892 1494 dub.
917 1471 937 1493 4.
956 1474 977 1494 et
1001 1472 1059 1494 inira
1084 1472 1136 1495 dist.
1155 1473 1190 1494 19.

346 1516 369 1538 p.
386 1509 408 1531 ll.
427 1516 446 1531 a.
468 1510 485 1532 l.
503 1516 525 1538 q.
543 1511 564 1532 2.
583 1510 611 1532 ad
629 1510 649 1532 4.
667 1511 772 1532 Affirmat
788 1511 872 1538 etiam,
885 1511 980 1533 alteram
992 1511 1103 1533 inducere
1114 1511 1191 1533 distin-

347 1549 445 1570 ctionem
463 1549 563 1576 realem,
581 1549 675 1570 alteram
693 1555 745 1571 non.
764 1549 822 1571 Tres
838 1550 899 1571 enim
917 1553 969 1572 sunt
987 1550 1008 1571 in
1034 1549 1118 1572 divinis
1140 1556 1191 1578 pro-

346 1588 454 1615 prietates
470 1588 614 1615 personales,
632 1588 680 1610 scil.
698 1589 834 1616 paternitas,
847 1588 924 1610 filiatio
941 1591 963 1611 et
979 1590 1074 1617 spiratio
1091 1590 1191 1617 passiva,

347 1629 369 1648 et
386 1625 470 1649 habere
487 1626 605 1649 distinctas
622 1627 662 1649 has
679 1628 831 1655 proprietates
843 1627 931 1649 inducit
942 1628 1026 1650 realem
1039 1635 1191 1656 personarum

348 1664 532 1692 distinctionen1;
550 1665 612 1687 unde
628 1666 696 1687 etiam
715 1672 759 1688 una
777 1667 855 1695 nequit
872 1666 1000 1693 praedicari
1025 1667 1054 1689 de
1079 1668 1128 1689 alia.
1147 1668 1192 1690 Sed

347 1703 468 1725 diversitas
485 1704 592 1731 rationis,
610 1711 669 1733 quae
687 1705 789 1732 exsurgit
811 1711 838 1726 ex
861 1703 946 1727 habere
962 1704 1070 1734 aliquam
1088 1707 1193 1734 proprie-

346 1744 415 1764 tatem
432 1745 453 1764 et
470 1742 568 1764 eandem
584 1748 633 1765 uon
650 1742 749 1771 habere,
769 1749 813 1765 non
831 1744 940 1771 importat
963 1745 1048 1766 realem
1066 1744 1193 1767 distinctio—

347 1786 407 1802 nem.
425 1780 525 1803 Essentia
543 1781 604 1803 enini
622 1781 699 1803 dix-ina
717 1788 761 1803 non
780 1782 848 1804 habet
864 1783 1028 1810 proprietatem
1050 1783 1192 1811 generandi,

347 1825 417 1847 quam
435 1818 503 1841 hahet
519 1819 597 1846 Putem
623 1820 771 1842 nihilominus
796 1821 920 1848 paternitas
945 1823 967 1842 et
991 1822 1089 1843 essentia
1114 1822 1192 1844 dix-ina

348 1863 393 1879 non
411 1857 584 1885 distinguuntur
595 1859 685 1880 realiter
702 1861 723 1881 et
740 1862 837 1887 possunt
849 1859 878 1881 de
890 1866 914 1881 se
927 1860 1062 1887 praedicari.
1075 1860 1119 1883 Nec
1133 1861 1194 1883 valet

348 1898 515 1924 argumentatio
534 1898 564 1925 (l.
582 1897 610 1919 ad
628 1898 701 1926 opp.),
719 1898 782 1927 quod
805 1897 891 1921 habere.
913 1900 1077 1927 proprietatem
1101 1902 1123 1922 et
1144 1906 1193 1923 mm

348 1934 433 1958 habere
449 1937 494 1957 sint
510 1936 685 1959 contradictorie
702 1938 819 1965 opposita,
838 1941 859 1960 et
885 1938 949 1967 quod
974 1938 1055 1961 exinde
1082 1940 1192 1962 maiorem

346 1975 498 1997 differentiam
516 1975 625 1998 inducant
641 1977 698 1999 inter
715 1983 837 2004 personam
855 1980 876 1999 et
893 1979 1029 2005 essentiam,
1046 1985 1117 2007 quam
1133 1986 1193 2007 quae

348 2017 382 2036 est
398 2015 456 2037 inter
473 2021 585 2043 personas
602 2015 631 2037 ad
648 2016 755 2037 invicem.
773 2016 829 2038 Nam
852 2016 911 2038 bene
934 2017 1054 2045 distinguit
1070 2018 1092 2040 S.
1110 2018 1194 2041 Doctor

348 2054 406 2076 inter
422 2054 639 2082 contradictionem,
657 2055 722 2077 cuius
740 2061 811 2077 unum
829 2058 957 2078 extremum
982 2057 1034 2078 nIhil
1058 2057 1123 2085 ponit
1149 2057 1194 2085 (ut

348 2093 407 2114 inter
422 2091 513 2121 aliquid
529 2096 551 2115 et
568 2092 648 2120 nihil)
667 2096 688 2115 et
705 2094 766 2115 illam
783 2094 986 2116 contradictionem
997 2112 1002 2122 ‚
1015 2095 1081 2117 cuius
1092 2098 1193 2117 extrema

348 2130 434 2158 aliquid
452 2133 545 2158 ponunt.
564 2131 586 2153 Si
605 2137 677 2153 unum
694 2134 822 2154 extremum
840 2132 894 2154 nihil
913 2133 989 2161 ponit,
1008 2139 1052 2155 non
1070 2136 1194 2161 potestve-

349 2168 431 2191 rificari
449 2169 477 2191 de
494 2170 571 2198 aliquo
589 2170 685 2192 termino
703 2171 814 2198 positivo,
832 2170 891 2193 bene
908 2174 998 2199 tamen,
1016 2172 1034 2193 si
1052 2172 1139 2200 aliquid
1155 2178 1194 2200 po-

349 2207 388 2229 nit.
404 2207 499 2235 Insuper
511 2209 604 2230 minima
623 2208 723 2231 rationis
740 2208 853 2231 distinctio
870 2210 953 2232 sufficit
970 2210 999 2232 ad
1020 2211 1075 2238 hoc,
1101 2214 1125 2233 ut
1142 2217 1196 2233 con-

1243 927 1373 949 tradictoria
1391 927 1419 949 de
1437 928 1548 951 distinctis
1565 928 1678 951 dicantur.
1691 929 1728 951 Sic
1740 930 1851 952 terminus
1862 929 2092 954 incommunicabilis

1242 966 1374 988 verificatur
1385 967 1414 988 de
1426 968 1561 995 paternitate
1581 970 1603 990 et
1615 967 1762 995 praedicatur
1774 968 1803 990 de
1815 969 1873 997 ipsa,
1886 975 1931 991 non
1944 969 1973 991 de.
1984 970 2091 996 essentia,

1244 1005 1295 1027 licet
1307 1005 1362 1027 haec
1375 1011 1419 1027 non
1437 1006 1527 1028 realiter
1544 1006 1699 1034 distinguatur
1716 1013 1727 1029 a
1746 1008 1888 1035 paternitate.
1905 1007 1950 1030 Csr.
1968 1008 2024 1030 insra
2040 1008 2092 1031 dist.

1245 1044 1281 1066 26.
1300 1050 1321 1073 q.
1344 1045 1360 1066 1.
1380 1044 1409 1066 ad
1427 1046 1448 1067 2.
1466 1048 1489 1067 et
1505 1045 1527 1067 d.
1546 1045 1582 1067 34.
1595 1052 1616 1074 q.
1634 1046 1651 1068 l.
1669 1052 1711 1074 per
1728 1048 1798 1069 totam
1815 1050 1837 1069 et
1853 1047 1875 1069 d.
1894 1047 1931 1069 33.
1949 1054 1971 1076 q.
1990 1048 2012 1069 2.
2029 1049 2051 1070 et
2066 1047 2089 1069 S.

1244 1083 1342 1111 Thom.,
1361 1084 1397 1105 hic
1413 1090 1435 1112 q.
1457 1084 1474 1106 1.
1493 1090 1512 1105 a.
1534 1084 1552 1106 1.

1308 1121 1340 1143 lll.
1353 1122 1427 1143 Prima
1445 1123 1524 1150 opinio
1541 1123 1563 1144 in
1576 1123 1642 1145 solut.
1655 1123 1683 1145 ad
1697 1124 1718 1145 2.
1730 1124 1811 1152 posita,
1824 1131 1883 1153 quae
1899 1124 2018 1153 distinguit
2034 1126 2092 1148 inter

1246 1160 1441 1188 praedicationem
1459 1161 1588 1183 secundum
1605 1161 1756 1184 substantiam
1773 1165 1795 1185 et
1812 1162 1940 1185 seeundum
1962 1164 2072 1186 rationem
2086 1181 2091 1192 ‚

1245 1199 1395 1226 Praepositivi
1412 1200 1482 1221 tuisse
1500 1200 1590 1222 dicitur.
1608 1200 1713 1222 Secunda
1731 1201 1810 1228 opinio
1827 1201 1947 1229 distinguit
1958 1202 2016 1224 inter
2027 1208 2092 1230 prae-

1246 1237 1384 1261 dicationem
1402 1244 1444 1266 per
1460 1237 1603 1261 identitatem
1620 1242 1642 1260 et
1659 1245 1701 1266 pcr
1718 1238 1905 1268 inhaerentiam,
1924 1241 1973 1262 sive
1990 1240 2092 1262 denomi-

1247 1278 1370 1305 nationem,
1388 1283 1447 1306 quae
1459 1284 1471 1299 a
1484 1278 1552 1300 Seoto
1568 1277 1652 1299 dicitnr
1669 1278 1809 1306 praedicatio
1826 1279 1935 1301 formalis.
1946 1279 1979 1301 De
1996 1280 2039 1302 hac
2055 1279 2090 1302 di-

1246 1316 1365 1338 stinctione
1382 1317 1422 1338 ct'r.
1440 1317 1497 1338 intra
1515 1316 1537 1338 d.
1555 1316 1592 1338 33.
1610 1323 1631 1345 q.
1650 1317 1671 1338 3.
1697 1320 1719 1339 et
1743 1317 1765 1339 d.
1793 1317 1829 1339 34.
1856 1324 1879 1346 q.
1905 1318 1926 1340 2.
1952 1318 2092 1341 Praedicatio

1246 1353 1348 1378 identica
1365 1355 1389 1377 tit
1406 1361 1448 1383 per
1465 1354 1591 1383 abstracta;
1609 1355 1748 1383 praedicatio
1760 1363 1802 1384 per
1814 1356 1987 1380 inhaerentiam
1999 1357 2024 1380 nt
2034 1363 2092 1380 sem-

1247 1399 1289 1420 per
1306 1394 1328 1415 in
1346 1396 1452 1416 concreto
1469 1396 1492 1416 et
1507 1395 1594 1416 ratione
1611 1395 1732 1422 suppositi.
1749 1395 1861 1418 Differunt
1877 1396 1922 1417 hae
1945 1395 2094 1423 praedicatio—

1248 1438 1303 1460 nes,
1320 1434 1369 1453 tum
1386 1432 1440 1460 quia
1458 1432 1597 1454 abstractum
1615 1432 1712 1455 eandem
1729 1439 1778 1455 rem
1795 1433 1909 1461 significat
1930 1436 1952 1456 et
1969 1435 2091 1463 supponit,

1248 1472 1381 1492 concretum
1399 1476 1455 1492 vero
1477 1476 1546 1498 saepe
1571 1471 1638 1493 aliam
1664 1471 1777 1499 significat
1801 1474 1823 1494 et
1847 1477 1891 1500 pro
1916 1472 1959 1494 alia
1981 1474 2093 1500 supponit

1248 1508 1335 1537 (supra,
1353 1508 1375 1531 d.
1394 1508 1415 1531 4.
1433 1515 1454 1537 q.
1474 1509 1520 1537 =l.);
1548 1512 1596 1531 tum
1621 1510 1674 1538 quia
1692 1509 1832 1532 abstractum
1858 1516 1942 1532 nomen
1965 1510 2093 1538 imponitur

1247 1548 1334 1570 formae
1351 1551 1373 1570 et
1390 1555 1401 1570 a
1419 1548 1493 1570 forma
1510 1548 1681 1576 denominatur,
1703 1552 1836 1571 concretum
1854 1554 1910 1571 vero
1934 1555 1980 1571 non
1996 1550 2093 1577 imponi-

1248 1590 1285 1609 tur
1302 1587 1401 1615 sormae,
1419 1587 1459 1610 sed
1476 1589 1609 1615 supposito;
1622 1591 1670 1610 tum
1683 1588 1736 1616 quia
1753 1587 1850 1610 identica
1862 1588 2019 1611 omnimodam
2031 1588 2094 1611 iden-

1247 1627 1332 1649 titatem
1350 1627 1509 1654 complectitur
1518 1645 1523 1655 ,
1541 1627 1681 1654 praedicatio
1692 1633 1748 1649 vero
1761 1633 1802 1655 per
1815 1628 1979 1654 inhaerentiam
1991 1628 2092 1657 aliquam

1247 1665 1411 1688 diversitatem.
1430 1666 1493 1688 Unde
1510 1666 1566 1688 salsa
1583 1669 1617 1688 est
1633 1666 1773 1688 ratiocinatio
1784 1684 1789 1694 ‚
1812 1673 1871 1695 quae
1896 1667 1975 1689 transit
1999 1673 2011 1689 a
2029 1673 2093 1695 prae-

1248 1704 1361 1727 dicatione
1378 1705 1474 1727 identica
1492 1705 1521 1727 ad
1539 1705 1632 1727 alteram
1650 1708 1672 1727 et
1689 1705 1718 1727 ab
1736 1705 1850 1728 abstracto
1862 1705 1891 1728 ad
1908 1710 2054 1735 concretum;
2072 1708 2094 1729 et

1248 1743 1270 1765 in
1296 1744 1339 1765 hoc
1364 1744 1449 1765 erravit
1466 1743 1538 1766 abbas
1555 1744 1666 1771 loachim,
1685 1746 1741 1766 teste
1766 1744 1788 1766 S.
1815 1744 1897 1767 Thom.
1924 1744 1962 1773 (S.
1980 1745 1995 1767 l.
2013 1751 2035 1774 q.
2052 1745 2089 1767 39.

1250 1788 1270 1803 a.
1283 1781 1322 1809 5.).
1335 1793 1366 1798 —-
1383 1782 1404 1803 ln
1423 1783 1505 1804 creatis
1522 1782 1598 1804 locum
1610 1788 1654 1804 non
1667 1782 1752 1805 habere
1764 1783 1958 1810 praedicationem
1969 1783 2092 1805 identicam

1248 1820 1270 1841 in
1288 1821 1384 1848 proprio
1400 1826 1481 1848 sensu,
1500 1823 1534 1843 est
1550 1821 1658 1843 sententia
1677 1822 1819 1849 communis,
1842 1822 1860 1843 si
1878 1822 1978 1849 excipias
2003 1822 2091 1844 Franci-

1248 1865 1314 1882 scum
1331 1860 1451 1887 Mayronis.

1312 1899 1348 1921 lV.
1366 1900 1447 1927 Quoad
1464 1900 1538 1927 ipsam
1556 1900 1725 1922 conclusionem
1743 1900 1782 1922 csr.
1805 1906 1875 1928 supra
1900 1900 1922 1922 d.
1947 1900 1967 1923 4.
1990 1907 2012 1930 q.
2032 1901 2052 1923 vl.
2070 1902 2092 1923 in

1249 1944 1313 1967 corp.
1331 1951 1362 1955 —
1378 1939 1439 1961 Alex.
1457 1939 1512 1966 Hal„
1525 1946 1548 1967 p.
1560 1939 1574 1961 l.
1587 1946 1609 1968 q.
1628 1939 1663 1961 49.
1683 1945 1712 1961 m.
1735 1939 1751 1961 l.
1770 1946 1789 1961 a.
1808 1939 1829 1961 4.
1847 1939 1896 1967 (nbi
1913 1940 1978 1962 affert
1988 1944 2010 1964 et
2026 1941 2094 1963 solvit

1249 1977 1278 1999 25
1298 1981 1433 2006 argumenta
1451 1978 1585 2006 contraria);
1598 1985 1620 2007 q.
1634 1978 1670 2000 42.
1689 1985 1719 2001 m.
1737 1979 1758 2000 3.
1777 1985 1796 2000 a.
1818 1979 1835 2001 1.
1851 1990 1883 1995 -—
1898 1979 1965 2007 scot,
1978 1979 2014 2001 hic
2031 1985 2053 2008 q.
2072 1979 2092 2001 l.

1248 2030 1280 2034 —
1297 2018 1319 2039 S.
1337 2017 1433 2045 Thom.,
1452 2018 1488 2039 hic
1505 2024 1527 2046 q.
1546 2018 1566 2040 fl.
1584 2024 1603 2040 a.
1623 2018 1650 2045 11;
1668 2018 1690 2040 S.
1708 2018 1723 2040 l.
1741 2025 1763 2047 q.
1782 2018 1818 2040 39.
1837 2024 1856 2040 a.
1875 2018 1895 2040 5.
1913 2018 1978 2040 -Β,
1994 2018 2093 2046 Albe1·t.,

1250 2057 1264 2078 l.
1282 2057 1343 2078 Sent.
1360 2056 1382 2078 d.
1396 2055 1416 2078 4.
1429 2062 1449 2078 a.
1462 2057 1483 2078 2.
1496 2056 1525 2078 ad
1542 2057 1559 2078 l.
1572 2057 1667 2084 quaesit.
1678 2064 1682 2083 ;
1695 2057 1717 2078 S.
1730 2063 1752 2085 p.
1766 2057 1779 2079 l.
1793 2060 1819 2079 tr.
1832 2057 1853 2079 7.
1866 2063 1888 2085 q.
1902 2057 1938 2079 30.
1958 2063 1989 2079 ῐη.
2003 2057 2023 2079 3.
2036 2063 2055 2079 a.
2073 2057 2090 2079 l.

1248 2106 1281 2111 —-
1292 2094 1349 2116 Petr.
1367 2100 1379 2115 a
1392 2094 1452 2122 Tala,
1470 2095 1506 2116 hic.
1523 2102 1545 2123 q.
1565 2095 1584 2116 t.
1597 2101 1617 2117 a.
1631 2095 1651 2117 ν1.
1663 2107 1695 2111 -
1711 2095 1817 2117 Richard.
1832 2102 1844 2117 a
1859 2095 1925 2124 Med„
1937 2096 1973 2118 hic
1985 2102 2007 2124 q.
2026 2096 2045 2118 il.
2062 2108 2094 2112 —

1250 2132 1324 2161 AEgid.
1338 2132 1371 2161 R„
1389 2133 1426 2155 hic
1447 2133 1464 2155 l.
1481 2134 1553 2160 princ.
1566 2140 1587 2162 q.
1607 2134 1627 2155 2.
1640 2140 1660 2155 a.
1677 2134 1694 2156 1.
1707 2137 1729 2156 et
1740 2135 1761 2156 2.
1773 2146 1805 2150 —
1816 2135 1883 2156 Henr.
1896 2134 1977 2163 Gand.,
1987 2135 2009 2156 S.
2024 2141 2043 2157 a.
2056 2135 2093 2157 39.

1251 2178 1272 2200 q.
1291 2172 1311 2194 3.
1330 2178 1350 2194 n.
1370 2172 1413 2200 Ἰ13;
1431 2178 1453 2200 q.
1472 2171 1492 2193 4.
1511 2178 1532 2194 n.
1555 2172 1587 2194 12.
1605 2175 1627 2194 et
1644 2178 1663 2194 a.
1682 2172 1719 2194 54.
1737 2179 1759 2201 q.
1772 2173 1793 2194 3.
1806 2179 1827 2194 n.
1840 2173 1876 2194 21.
1890 2173 1927 2195 28.
1940 2173 2093 2202 —Durand.,

1251 2212 1287 2233 hic
1304 2217 1326 2239 q.
1346 2211 1365 2232 11.
1383 2223 1415 2227 —-
1428 2210 1522 2238 Dionys.
1541 2210 1615 2233 Carth.
1627 2228 1632 2238 ‚
1650 2211 1686 2232 hic
1704 2217 1725 2239 q,
1745 2211 1765 2233 l.
1781 2223 1813 2227 —
1829 2211 1887 2239 Biel,
1905 2212 1942 2233 hic
1959 2218 1981 2240 q.
2000 2212 2020 2233 t.

1074 2288 1304 2324 QUAESTIO
1329 2288 1366 2316 ΙΙ.

589 2363 692 2391 Utrum
715 2365 896 2393 concedenda
917 2365 956 2393 sit
976 2365 1095 2399 locutio,
1118 2366 1195 2404 quod
1215 2366 1310 2394 Filius
1328 2369 1483 2403 generetur
1504 2366 1538 2394 (le
1557 2365 1724 2394 substantia
1746 2366 1857 2394 Patris.

428 2447 554 2476 Secundo
583 2448 741 2485 quaeritur,
773 2452 871 2478 utrum
903 2450 938 2479 sit
971 2450 1192 2485 concedendum,

210 2493 425 2530 FundamfflMqUOtJ
446 2494 546 2531 aliquis
568 2498 717 2531 generetur
741 2496 775 2524 de
797 2496 951 2525 substantia
973 2497 1075 2532 Patris,
1097 2501 1128 2526 ut
1156 2498 1194 2526 Fi-

352 2539 414 2568 lius.
436 2540 466 2568 Et
486 2541 560 2577 quod
582 2541 636 2575 sic,
658 2541 787 2572 Videtur:

1331 2451 1354 2478 l.
1377 2450 1427 2479 Per
1441 2450 1544 2479 multas
1559 2451 1748 2479 auctoritates
1764 2451 1790 2479 in
1804 2451 1895 2480 littera
1906 2452 1915 2466 ⁶
1929 2455 1956 2480 et
1969 2452 2092 2481 maxime

1250 2504 1300 2534 per
1314 2497 1405 2525 illam:
1421 2497 1538 2525 Dicitur
1553 2506 1663 2535 quoque.
1677 2501 1703 2525 et
1715 2496 1881 2535 frequenter
1893 2498 1924 2526 iu
1935 2498 2093 2536 Scriptura

1230 2543 1373 2580 degitur:
1396 2544 1487 2571 Pater
1509 2544 1543 2572 de
1556 2552 1613 2572 sua
1633 2544 1800 2572 substantia
1812 2545 1947 2582 genuisse
1968 2545 2093 2579 Filium,-

414 2632 420 2646 ¹
438 2632 510 2655 Codd.
528 2633 567 2655 ΟΖ
584 2633 672 2656 addunt
689 2633 749 2657 illud
766 2636 845 2658 tamen
862 2635 932 2659 habet
941 2636 1075 2665 veritatem,
1090 2636 1131 2659 ubi
1141 2636 1192 2660 sub-

349 2670 435 2693 tectum
455 2671 610 2700 praedIcatur
631 2679 676 2702 per
692 2672 880 2703 inhaerentiam,
907 2681 956 2698 uon
978 2675 1019 2699 ubi
1040 2675 1193 2706 praedicatur

348 2715 394 2738 per
409 2709 559 2732 identitatem.
576 2710 646 2733 Illud.

413 2746 421 2757 ²
439 2747 586 2770 Restituimus
603 2755 629 2771 ex
658 2756 711 2771 mss.
740 2754 762 2772 et
788 2751 825 2772 ed.
855 2751 862 2772 1
895 2751 970 2780 quod,
993 2755 1014 2774 et
1038 2753 1108 2780 paulo
1136 2752 1193 2774 infra

352 2785 512 2808 substituimus
528 2787 572 2810 etsi
587 2794 629 2815 pro
655 2788 682 2811 si.
709 2788 764 2811 Cod.
789 2789 809 2811 V
834 2790 887 2812 dein
912 2794 965 2818 post
985 2797 1033 2814 tum
1060 2791 1091 2814 stt
1117 2791 1194 2813 adiun-

353 2825 386 2852 git
402 2824 439 2847 ibi.

414 2863 423 2877 3
441 2863 495 2885 Dist.
513 2864 549 2885 26.
567 2871 586 2886 a.
609 2865 625 2886 l.
644 2872 665 2893 q.
688 2866 704 2887 1.
722 2867 745 2887 in
763 2872 826 2894 corp.
845 2867 937 2895 Triplex
954 2868 990 2890 ille
1002 2868 1093 2890 dicendi
1111 2868 1195 2890 modus

1248 2640 1298 2659 est:
1313 2636 1451 2664 essentialis,
1468 2636 1612 2666 personalis,
1630 2637 1765 2660 uotioualis.
1782 2650 1814 2654 -—
1830 2638 1900 2660 Paulo
1917 2639 1975 2660 infra
1992 2641 2044 2666 post
2058 2637 2093 2661 ita

1248 2676 1410 2704 supplevimus
1426 2676 1471 2698 fide
1488 2682 1543 2698 mss.
1561 2679 1583 2698 et
1599 2676 1635 2698 ed.
1658 2677 1662 2698 l
1686 2683 1729 2698 non
1747 2676 1807 2699 hene
1825 2678 1936 2699 omissum
1954 2678 1981 2700 et.

1311 2713 1320 2728 ⁴¹
1339 2714 1388 2736 Vat.
1406 2717 1485 2736 contra
1502 2714 1569 2736 codd.
1588 2717 1610 2736 et
1621 2715 1657 2737 ed.
1675 2715 1680 2736 1
1697 2715 1760 2737 addit
1772 2715 1859 2738 dit-ina.
1874 2715 1943 2737 Paulo
1954 2715 2012 2737 infra
2024 2715 2092 2737 codd.

1250 2753 1268 2774 T
1281 2759 1307 2774 aa
1324 2752 1356 2774 hb
1373 2758 1443 2774 snam
1460 2751 1599 2775 relationem
1616 2753 1665 2775 loco
1682 2758 1754 2775 suam
1771 2759 1837 2781 rem,·
1854 2753 1890 2775 ed.
1905 2754 1911 2775 l
1933 2756 2009 2776 autem
2021 2759 2092 2776 suam

1249 2797 1312 2819 rem,
1330 2790 1355 2813 id
1370 2792 1404 2813 est
1420 2797 1490 2813 suam
1506 2791 1646 2814 relationem
1662 2791 1716 2814 sive.

1312 2829 1322 2843 ⁵
1338 2829 1416 2851 Plures
1433 2830 1519 2858 antiqui
1537 2830 1603 2852 codd.
1622 2833 1646 2852 ut
1657 2830 1690 2852 Al
1700 2830 1717 2852 T
1731 2836 1757 2852 aa
1766 2830 1798 2852 bb
1808 2836 1861 2852 cum
1870 2830 1906 2852 ed.
1918 2831 1925 2852 rl
1942 2831 2049 2853 omittunt
2059 2836 2091 2853 se.

1312 2867 1323 2882 ⁶
1339 2868 1380 2890 Hie
1397 2874 1416 2890 c.
1438 2869 1455 2890 1.
1474 2872 1525 2896 post
1542 2869 1653 2891 medium.
