2253 3317
202 1771 335 1790 Fundamenta.

351 144 386 172 80

349 221 437 256 randi,
461 222 523 251 ideo
545 223 569 251 ei
591 223 789 260 appropriatur
811 223 881 251 ratio
903 222 1074 259 exemplaris
1095 225 1122 251 et
1142 230 1192 260 per

348 275 521 304 consequens
552 268 622 296 ratio
643 268 782 302 veritatis,
807 271 944 305 quantuni
975 268 1011 297 ad
1036 269 1190 298 secundini]

347 313 463 341 modum
486 314 625 348 veritatis3
648 315 706 351 ipse
728 318 822 342 autem
843 315 942 351 accipit
963 315 1055 352 primo
1083 315 1190 343 modo&

427 360 464 387 Ad
486 360 555 388 illud
578 360 652 397 quod
674 360 804 389 obiicitur
826 361 860 389 de
882 361 1000 395 ordine,
1024 361 1190 397 dicendum,

660 473 1092 527 COMMENTARIUS
1127 479 1189 528 IN

1037 139 1288 171 SENTENTIARUM
1310 143 1368 171 LlB.
1390 145 1408 173 Ι.

1249 223 1324 260 quod
1345 225 1387 251 est
1407 223 1477 251 ordo
1495 231 1591 252 rerum
1613 224 1640 253 in
1662 225 1809 261 universo;
1825 229 1852 256 et
1866 227 1911 257 liic
1932 231 2096 267 appropria-

1249 271 1295 297 tur
1316 269 1482 306 sapientiae,
1504 272 1531 298 et
1556 273 1597 299 est
1624 271 1693 300 ordo
1715 280 1812 301 rerum
1833 273 1860 302 in
1883 274 1982 310 finem3
1999 279 2027 305 et
2047 277 2092 306 hic

1248 316 1447 355 appropriatur
1478 316 1594 347 bonitati
1602 328 1610 356 3
1641 320 1668 351 et
1690 318 1729 347 sic
1760 322 1851 359 patet,
1878 322 1953 360 quod
1974 331 2029 352 non
2050 326 2092 353 est

1248 365 1437 394 contrarietas.

1220 480 1661 533 DISTINOTIONEM
1694 486 1778 534 III.

1148 585 1228 614 Pisas.
1251 585 1281 613 Π.

607 667 652 701 De
677 667 845 713 cognitione
870 669 926 703 Dei
951 680 1004 714 per
1030 670 1243 704 similitudines
1268 671 1456 717 propinquas
1482 673 1545 707 sive
1569 685 1623 718 per
1647 674 1822 719 imaginem.

785 761 871 791 Naue
887 771 953 792 vero
967 764 1009 792 act
1021 772 1086 792 eam
1101 764 1163 793 iam
1173 765 1383 801 perveniamus
1398 766 1633 802 (capulationem.

692 855 802 877 Tssxrun
823 857 952 878 MAGisrm
973 858 1036 877 vmn
1057 857 1146 878 SUPRA
1166 858 1190 878 P.
1214 850 1250 879 63
1272 859 1305 878 nr
1325 859 1483 880 mvlsioNEM
1503 860 1620 880 EiusnEM
1641 861 1665 881 P.
1689 854 1733 881 66.

988 934 1172 963 TRACTATIO
1194 935 1436 972 QUAESTIONUM.

1072 1021 1307 1058 ARTICULUS
1332 1022 1355 1058 I.

940 1124 981 1152 De
998 1123 1101 1161 prima
1121 1118 1323 1161 assiqnatione
1344 1122 1495 1159 imayz'm's.

418 1212 623 1248 Consequenter
642 1210 677 1239 ad
699 1209 908 1246 intelligentiam
930 1209 1009 1238 istius
1034 1209 1122 1246 partis
1144 1217 1184 1238 se-

340 1258 447 1288 cundae
469 1257 622 1295 praesentis
650 1257 842 1291 distinctionis,
863 1256 944 1285 cuius
966 1256 1065 1284 divisio
1095 1256 1184 1293 posita

341 1309 381 1334 est
404 1313 489 1342 supra
503 1305 521 1339 2’,
536 1307 671 1341 quantum
683 1303 719 1332 ad
730 1303 849 1340 primam
865 1303 1079 1339 assignationem
1092 1302 1185 1339 imagi-

341 1352 398 1386 nis,
420 1359 491 1388 quae
512 1355 554 1379 est
575 1359 625 1388 per
645 1350 825 1384 memoriam,
853 1349 1063 1386 intelligentiam
1093 1352 1120 1378 et
1142 1357 1187 1377 vo-

342 1399 493 1431 luntatem,
516 1398 568 1427 tria
589 1401 772 1435 quaeruntur.

1242 1208 1382 1237 Primam
1404 1210 1460 1242 est,
1482 1210 1579 1236 utrum
1601 1207 1628 1235 in
1653 1207 1697 1236 his
1718 1207 1809 1235 tribus
1834 1206 1995 1235 attendatur
2019 1205 2090 1234 ratio

1322 1255 1459 1291 imaginis.

1243 1302 1410 1331 Secundum
1431 1304 1473 1331 est
1487 1302 1522 1330 de
1537 1301 1742 1338 comparatione
1758 1301 1875 1329 istarum
1891 1300 1926 1329 ad
1941 1300 2089 1329 obiectum.

1250 1348 1379 1377 Tertium
1401 1352 1443 1378 est
1457 1349 1491 1377 de
1507 1348 1713 1385 comparatione
1728 1355 1825 1377 earum
1847 1347 1883 1377 ad
1905 1347 2026 1376 animam
2045 1347 2090 1377 vel

1323 1396 1489 1424 subiectum.

1085 1481 1294 1517 QUAEsrlo
1326 1482 1344 1510 1.

605 1569 709 1597 Utrum
729 1568 808 1597 ratio
830 1567 971 1605 imaytm's
989 1567 1160 1595 attendatur
1181 1565 1213 1594 in
1234 1565 1396 1599 memoria,
1419 1565 1607 1603 intelligentia
1628 1569 1655 1594 et
1673 1565 1828 1594 voluntate.

421 1672 500 1708 Quod
521 1673 613 1699 autem
636 1670 663 1698 in
684 1669 814 1698 omnibus
836 1668 919 1697 simul
942 1668 991 1702 sit,
1014 1667 1133 1696 videtur.

424 1720 445 1747 l.
458 1718 496 1746 Ad
508 1718 642 1746 rationem
654 1716 727 1745 enim
740 1715 868 1752 imaginis
883 1714 1038 1751 requiritur
1052 1721 1187 1750 expressa.

342 1765 521 1794 conformatio
542 1764 569 1792 in
590 1763 781 1796 distinctione;
802 1762 851 1791 sed
873 1761 1011 1790 distinctio
1036 1760 1063 1789 in
1086 1760 1187 1789 divinis

342 1812 494 1841 attenditur
515 1814 650 1847 quantum
671 1809 707 1838 ad
723 1812 779 1837 tres
793 1816 926 1846 personas
939 1817 944 1834 :
960 1815 1027 1847 ergo
1041 1807 1164 1835 maxime
1178 1807 1187 1822 ³

342 1858 368 1885 in
401 1857 520 1893 imagine
541 1859 633 1885 creata
663 1855 817 1883 attenditur
848 1857 984 1891 quantum
1005 1853 1041 1881 ad
1063 1856 1120 1881 tres
1141 1861 1186 1889 po-

343 1904 450 1933 tentias.

419 1951 444 1978 2.
466 1950 548 1983 Item,
571 1949 641 1977 ratio
662 1948 790 1985 imaginis
810 1947 934 1976 consistit
955 1947 983 1975 in
997 1946 1119 1984 perfecta
1140 1954 1182 1975 ca-

340 1996 472 2034 pacitate,
505 1996 571 2033 quia
602 1994 755 2024 secundum
789 1994 973 2031 augustinum
989 1993 998 2006 ⁴
1043 2005 1054 2017 cr
1079 2001 1111 2021 eo
1143 1996 1185 2021 est

341 2050 419 2071 mens
441 2043 547 2078 imago,
579 2049 634 2078 quo
664 2044 754 2078 potest
778 2048 839 2069 esse
870 2048 959 2077 capax
991 2042 1018 2067 et
1047 2039 1186 2076 particeps

340 2089 388 2117 Dei
405 2101 414 2112 ›·
427 2099 434 2123 3
450 2088 499 2117 sed
514 2088 588 2116 Deus
602 2095 657 2115 non
673 2087 782 2124 capitur
795 2086 831 2115 ab
845 2086 938 2114 anima
952 2085 1033 2122 plene
1047 2085 1099 2114 nisi
1114 2093 1186 2114 ame-

339 2138 401 2169 tur,
423 2142 513 2172 neque
535 2137 645 2162 amatur
665 2134 718 2162 nisi
740 2133 926 2170 intelligatur,
948 2140 999 2161 nec
1020 2132 1185 2169 intelligitur

339 2182 391 2210 nisi
412 2189 544 2218 praesens
565 2181 601 2209 ad
622 2181 743 2209 animam
764 2180 917 2214 habeatur;
940 2179 988 2208 sed
1003 2179 1127 2216 primum
1144 2181 1185 2207 est

339 2236 390 2265 per
410 2228 597 2262 voluntatem,
618 2227 772 2256 secundum
800 2234 851 2263 per
879 2225 1104 2262 intelligentiam,
1133 2228 1184 2253 ter-

339 2275 409 2303 tium
430 2282 481 2311 per
502 2274 683 2303 memoriam:
707 2281 773 2310 ergo
794 2276 844 2301 etc.

417 2321 443 2349 3.
457 2322 540 2355 ltem,
562 2320 658 2349 notitia
669 2320 726 2349 sive
741 2319 921 2356 intelligentia
935 2318 1134 2356 appropriatur
1148 2318 1185 2346 Fi-

339 2368 390 2403 lio,
412 2368 541 2396 voluntas
563 2367 676 2404 Spiritui
698 2369 807 2407 sancto:
836 2373 903 2403 ergo
929 2368 978 2394 aut
1009 2367 1137 2393 truncata
1157 2367 1184 2393 et

338 2415 475 2444 diminuta
496 2414 549 2443 erit
576 2414 724 2451 assignatio
756 2413 899 2450 imaginis,
931 2414 979 2440 aut
1009 2419 1121 2440 necesse
1143 2413 1184 2439 est

338 2468 441 2498 ponere
460 2461 611 2498 potentiam
633 2460 846 2497 respondentem
866 2459 948 2487 Patri.

1323 1667 1376 1695 SED
1397 1675 1523 1696 comm:
1549 1669 1573 1696 1.
1594 1667 1633 1696 Ad
1655 1675 1716 1696 esse
1737 1667 1865 1704 imaginis
1880 1667 2035 1704 requiritur
2049 1674 2090 1696 re·
2102 1672 2220 1715 Adtgffiaosi-

1244 1714 1430 1750 praesentatio
1451 1714 1479 1742 in
1500 1714 1675 1743 distinctione
1695 1713 1810 1750 originis
1836 1716 1863 1742 et
1893 1713 2018 1748 ordinis3
2040 1714 2088 1742 sed
2176 1709 2182 1715 '

1244 1760 1272 1788 in
1294 1760 1353 1789 istis
1374 1760 1503 1797 potentiis
1524 1768 1578 1789 non
1600 1763 1641 1789 est
1662 1760 1725 1789 talis
1746 1760 1901 1795 distinctio,
1925 1760 1991 1797 quia
2006 1760 2090 1789 simul

1244 1809 1308 1835 sunt
1329 1814 1393 1835 cum
1415 1807 1508 1835 anima
1529 1809 1704 1841 concreatae,
1726 1814 1777 1835 nec
1791 1814 1848 1835 una
1862 1809 1904 1835 est
1917 1807 1952 1835 ab
1967 1807 2022 1835 alia
2040 1814 2091 1836 nee

1244 1861 1301 1881 una
1314 1853 1323 1868 ⁵
1344 1856 1406 1890 post
1427 1853 1528 1882 aliam:
1551 1861 1618 1890 ergo
1639 1853 1666 1881 in
1688 1853 1748 1882 istis
1769 1861 1824 1881 non
1844 1856 1886 1882 est
1907 1853 2031 1890 reperire
2050 1862 2092 1882 ra·

1244 1899 1346 1928 tionem
1368 1900 1505 1937 imaginis.

1324 1947 1349 1974 Ξ.
1378 1947 1461 1981 Item,
1492 1946 1584 1983 imago
1614 1949 1656 1975 est
1687 1946 1904 1983 repraesentatio
1935 1946 2090 1976 secundum

1243 1993 1412 2022 exteriorem
1435 1993 1659 2030 dispositionem,
1680 1996 1712 2021 ut
1732 1995 1807 2030 patet
1822 1993 1832 2006 Β
1844 2004 1852 2027 ;
1873 1993 1922 2022 sed
1944 1993 2012 2022 istae
2032 1996 2089 2022 tres

1243 2039 1381 2075 potentiae
1402 2042 1468 2068 sunt
1488 2040 1601 2069 intimae
1615 2040 1667 2077 ipsi
1682 2040 1808 2068 animae:
1829 2047 1895 2077 ergo
1909 2039 1938 2068 in
1952 2039 2020 2077 ipsis
2034 2047 2089 2068 non

1243 2088 1285 2114 est
1306 2086 1376 2114 ratio
1398 2086 1533 2122 imaginis.

1321 2132 1346 2160 3.
1369 2132 1451 2167 ltem,
1472 2132 1547 2169 quod
1570 2132 1727 2169 specialiter
1747 2132 1891 2161 memoria
1920 2140 1975 2161 non
1997 2133 2032 2161 sit
2053 2132 2088 2161 de

1242 2178 1348 2207 ratione
1363 2178 1500 2215 imaginis,
1513 2179 1635 2213 videtur,
1650 2179 1716 2216 quia
1731 2179 1822 2216 imago
1841 2187 1906 2208 cum
1930 2179 1966 2208 sit
1978 2179 2087 2208 animae

1242 2225 1396 2253 essentialis
1417 2228 1444 2253 et
1465 2225 1620 2254 secundum
1641 2226 1793 2263 potentiam
1820 2225 1984 2254 rationalem
2005 2225 2040 2254 sit
2060 2226 2089 2254 in

1242 2271 1318 2308 ipsa,
1339 2271 1474 2300 memoria
1494 2279 1576 2306 vero,
1598 2274 1630 2300 ut
1651 2272 1717 2301 dicit
1731 2271 1917 2308 Philosophus
1930 2272 1954 2306 ⁷,
1974 2274 2017 2300 est
2030 2279 2089 2300 sen-

1242 2317 1380 2351 sibilium,
1402 2318 1467 2354 quia
1488 2320 1530 2346 est
1550 2318 1579 2346 in
1599 2318 1690 2347 brutis
1702 2329 1709 2352 ;
1730 2318 1805 2347 unde
1827 2318 1920 2347 differt
1940 2326 1957 2346 a
1978 2317 2088 2347 remini-

1241 2364 1359 2398 scentia,
1380 2364 1447 2401 quia
1467 2364 1672 2393 reminiscentia
1703 2372 1758 2393 non
1779 2368 1821 2393 est
1840 2364 1868 2392 in
1890 2364 1994 2393 brutis:
2022 2371 2088 2401 ergo

1241 2411 1353 2439 videtur
1374 2411 1450 2447 quod
1474 2411 1609 2439 memoria
1639 2419 1693 2439 non
1714 2410 1852 2448 pertineat
1872 2411 1908 2439 ad
1929 2410 2086 2447 imaginem.

1241 2457 1421 2490 Praeterea,
1444 2457 1502 2486 sive
1518 2457 1527 2471 ⁸
1559 2457 1694 2486 memoria
1715 2457 1751 2486 sit
1771 2457 1946 2486 sensibilium
1971 2457 2029 2486 sive
2050 2457 2088 2485 in-

401 2570 407 2584 1
425 2570 457 2592 De
475 2570 570 2592 veritate
591 2569 656 2597 plura
673 2569 727 2591 vide
744 2569 802 2591 infra
820 2568 841 2591 d.
855 2569 875 2590 8.
895 2575 917 2596 p.
935 2568 949 2590 1.
967 2574 987 2590 a.
1006 2569 1026 2590 l.
1044 2575 1066 2597 q.
1086 2569 1105 2590 l.

400 2609 409 2623 ²
427 2609 477 2631 Vat.
494 2609 589 2631 omittit:
607 2608 675 2631 cuius
692 2607 774 2631 divzsio
788 2607 867 2637 posita
879 2608 914 2630 est
923 2613 1014 2637 supra,
1027 2607 1090 2636 quod
1107 2610 1183 2629 tamen

338 2651 409 2670 exstat
425 2649 447 2669 in
465 2653 519 2669 mss.
537 2650 559 2669 et
576 2647 612 2669 ed.
634 2647 656 2675 l;
674 2650 695 2669 et
712 2647 781 2675 paulo
798 2647 855 2669 infra
872 2648 925 2675 post
936 2645 1011 2669 tribas
1023 2647 1087 2674 ponit
1098 2645 1186 2671 scilicet

338 2685 454 2708 memoria
466 2704 470 2711 ‚
482 2685 637 2715 intelligentia
649 2686 671 2708 et
689 2685 814 2708 voluntate.

402 2724 412 2739 3
430 2725 492 2753 Vat.⁷
509 2724 665 2747 obnitentibus
681 2731 748 2752 mss,
766 2723 908 2747 necessario.
924 2736 956 2740 --
970 2723 1003 2745 De
1020 2723 1089 2745 variis
1106 2723 1185 2750 imagi·

338 2764 372 2785 nis
392 2763 576 2791 definitionibus,
594 2764 617 2785 in
634 2763 719 2792 quibus
737 2764 780 2785 hoc
797 2765 961 2791 argumentum
979 2764 1000 2784 et
1011 2762 1077 2790 plura
1090 2767 1185 2790 sequen-

336 2803 366 2824 tia
383 2802 515 2830 tundantur7
528 2803 567 2824 cfr.
580 2802 602 2824 d.
621 2802 657 2824 31.
671 2808 693 2830 p.
705 2802 728 2824 ΙΙ.
741 2809 763 2831 q.
778 2803 797 2824 l.
811 2805 832 2824 et
847 2803 876 2829 2.,
889 2808 915 2824 ac
928 2801 983 2823 ibid.
996 2801 1051 2823 duh.
1065 2801 1085 2823 2.
1098 2803 1120 2822 et
1132 2801 1153 2822 3.

400 2840 408 2854 ⁴
426 2841 486 2863 Lihr.
504 2841 563 2863 XlV.
581 2841 610 2863 de
627 2842 689 2863 Trin.
701 2847 720 2863 e.
734 2842 754 2863 8.
767 2847 788 2863 n.
806 2841 839 2862 ll.
854 2840 911 2863 Vide
928 2847 999 2868 supra
1026 2840 1048 2862 d.
1069 2840 1101 2861 111.
1120 2841 1141 2861 in
1154 2840 1184 2861 lit.

336 2880 456 2908 Magistri,
475 2886 493 2902 c.
512 2881 533 2902 ⁴2.
551 2881 609 2902 circa
627 2881 724 2902 initium.
741 2893 772 2897 —
789 2880 859 2902 Paulo
876 2880 933 2902 infra
945 2882 997 2907 post
1010 2884 1123 2909 praesens
1141 2884 1185 2906 ope

338 2925 393 2942 mss
412 2920 533 2947 posuimus
549 2918 581 2941 act
598 2920 648 2941 loco
665 2918 736 2948 apud.

1305 2566 1315 2581 ⁵
1332 2567 1410 2589 Plures
1427 2566 1494 2589 codd.
1513 2568 1538 2588 ut
1554 2566 1715 2594 ABIPQTX
1732 2568 1774 2588 etc.
1792 2566 1829 2588 hic
1845 2568 1953 2594 repetunt
1969 2566 2009 2589 est.

1304 2605 1314 2620 6
1331 2605 1403 2628 Codd.
1422 2605 1485 2627 lXY
1502 2606 1529 2627 ut
1545 2604 1569 2627 in
1580 2604 1684 2634 imagine
1695 2604 1797 2628 hominis
1808 2604 1864 2634 picti
1870 2605 1942 2633 patet.
1954 2603 2087 2626 Immediate

1242 2646 1295 2672 post
1311 2644 1361 2666 cod.
1380 2644 1386 2665 l
1404 2643 1479 2673 iyz‘tur
1494 2643 1516 2665 si
1532 2644 1581 2665 loco
1600 2643 1646 2666 sed.
2222 2653 2224 2665 ι

1304 2682 1314 2697 7
1331 2682 1391 2704 Libr.
1409 2682 1438 2704 de
1455 2683 1563 2704 Memoria
1580 2685 1602 2704 et
1618 2683 1740 2704 Reminisc.
1758 2688 1777 2704 e.
1797 2682 1816 2704 l.
1834 2684 1857 2703 et
1873 2682 1894 2703 2.
1913 2681 1944 2709 (in
1961 2681 2016 2703 aliis.
2032 2680 2085 2702 edd.

1243 2728 1262 2744 c.
1280 2723 1302 2744 2.
1320 2724 1341 2743 et
1359 2721 1397 2749 4.).
1414 2733 1445 2737 -
1462 2721 1531 2743 Paulo
1548 2721 1605 2743 infra
1622 2724 1675 2749 post
1691 2720 1767 2743 brutis
1784 2720 1834 2743 Vat.
1852 2720 1940 2748 absque
1951 2719 1996 2741 ulla
2008 2720 2086 2741 aucto-
2220 2720 2221 2738 1

1242 2762 1306 2783 ritate
1323 2767 1377 2783 mss.
1395 2763 1417 2783 et
1433 2760 1468 2782 ed.
1491 2760 1496 2782 l
1518 2761 1600 2783 omittit
1616 2760 1678 2783 'ande
1695 2760 1774 2789 differt
1790 2765 1864 2788 usque
1881 2758 1911 2781 ad
1927 2758 1952 2781 in
1963 2757 2045 2786 brutis,
2059 2763 2085 2780 ac

1242 2806 1295 2822 mox
1312 2799 1382 2822 habet
1398 2799 1499 2829 pertinet
1515 2800 1564 2821 loco
1578 2799 1703 2828 pertineat.
1722 2799 1790 2821 Paulo
1813 2800 1865 2820 ante
1882 2797 1949 2820 codd.
1966 2796 2008 2818 NZ
2033 2801 2085 2819 cort-
2240 2796 2242 2823 ξ

1241 2838 1361 2861 natm-alis
1379 2844 1421 2866 pro
1439 2837 1575 2860 essentialis.
2217 2842 2218 2855 l

1305 2876 1314 2891 ³
1331 2877 1381 2899 Vat.
1399 2879 1477 2899 contra
1494 2882 1548 2899 mss.
1566 2878 1588 2899 et
1605 2876 1640 2898 ed.
1660 2877 1668 2898 l
1695 2881 1750 2899 cum
1767 2876 1816 2898 loco
1833 2875 1881 2898 sive
1896 2876 1919 2897 et
1934 2875 1957 2896 ln
1982 2874 2028 2896 fine
2053 2880 2086 2896 ar·
2121 2885 2126 2889 -
2216 2869 2219 2886 '⁴

1214 2921 1216 2937 l
1243 2917 1346 2944 gumenti
1363 2914 1532 2945 temporalibus
1549 2922 1591 2943 pro
1610 2914 1760 2944 temporibus.
