<?xml version="1.0" encoding="UTF-8"?>
<!DOCTYPE html PUBLIC "-//W3C//DTD XHTML 1.0 Transitional//EN"
    "http://www.w3.org/TR/xhtml1/DTD/xhtml1-transitional.dtd">
<html xmlns="http://www.w3.org/1999/xhtml" xml:lang="en" lang="en">
 <head>
  <title>
</title>
<meta http-equiv="Content-Type" content="text/html;charset=utf-8" />
  <meta name='ocr-system' content='tesseract 3.04.00' />
  <meta name='ocr-capabilities' content='ocr_page ocr_carea ocr_par ocr_line ocrx_word'/>
</head>
<body>
  <div class='ocr_page' id='page_1' title='image "./doctorisseraphic11bona/doctorisseraphic11bona_0360.png"; bbox 0 0 2253 3317; ppageno 0'>
   <div class='ocr_carea' id='block_1_1' title="bbox 349 119 1412 150">
    <p class='ocr_par' dir='ltr' id='par_1_1' title="bbox 349 119 1412 150">
     <span class='ocr_line' id='line_1_1' title="bbox 349 119 1412 150; baseline -0.002 0"><span class='ocrx_word' id='word_1_1' title='bbox 349 121 405 150; x_wconf 70' lang='lat'>258</span> <span class='ocrx_word' id='word_1_2' title='bbox 1038 119 1290 149; x_wconf 77' lang='lat' dir='ltr'>SENTENTIARUM</span> <span class='ocrx_word' id='word_1_3' title='bbox 1314 121 1372 150; x_wconf 73' lang='grc' dir='ltr'>ΗΒ.</span> <span class='ocrx_word' id='word_1_4' title='bbox 1396 121 1412 149; x_wconf 90' lang='lat'>1.</span> 
     </span>
    </p>
   </div>
   <div class='ocr_carea' id='block_1_2' title="bbox 347 196 1223 232">
    <p class='ocr_par' dir='ltr' id='par_1_2' title="bbox 347 196 1223 232">
     <span class='ocr_line' id='line_1_2' title="bbox 347 196 1223 232; baseline -0.002 -7"><span class='ocrx_word' id='word_1_5' title='bbox 347 198 408 225; x_wconf 89' lang='lat' dir='ltr'>vina</span> <span class='ocrx_word' id='word_1_6' title='bbox 425 198 547 232; x_wconf 88' lang='lat' dir='ltr'>sapiunt,</span> <span class='ocrx_word' id='word_1_7' title='bbox 566 204 618 223; x_wconf 92' lang='lat' dir='ltr'>non</span> <span class='ocrx_word' id='word_1_8' title='bbox 641 199 703 223; x_wconf 88' lang='lat' dir='ltr'>sunt</span> <span class='ocrx_word' id='word_1_9' title='bbox 721 196 747 223; x_wconf 89' lang='lat' dir='ltr'>in</span> <span class='ocrx_word' id='word_1_10' title='bbox 767 196 819 223; x_wconf 89' lang='lat' dir='ltr'>hoc</span> <span class='ocrx_word' id='word_1_11' title='bbox 838 196 938 223; x_wconf 89' lang='lat' dir='ltr'>mundo</span> <span class='ocrx_word' id='word_1_12' title='bbox 951 208 976 224; x_wconf 62' lang='grc' dir='ltr'>κ.</span> <span class='ocrx_word' id='word_1_13' title='bbox 990 197 1030 224; x_wconf 84' lang='lat' dir='ltr'>Ex</span> <span class='ocrx_word' id='word_1_14' title='bbox 1049 197 1194 231; x_wconf 88' lang='lat' dir='ltr'>praedictis</span> <span class='ocrx_word' id='word_1_15' title='bbox 1220 197 1223 204; x_wconf 66' lang='lat'><strong><em>¹</em></strong></span> 
     </span>
    </p>
   </div>
   <div class='ocr_carea' id='block_1_3' title="bbox 345 238 1194 359">
    <p class='ocr_par' dir='ltr' id='par_1_3' title="bbox 345 238 1194 359">
     <span class='ocr_line' id='line_1_3' title="bbox 346 238 1193 275; baseline -0.001 -8"><span class='ocrx_word' id='word_1_16' title='bbox 346 241 441 275; x_wconf 81' lang='lat' dir='ltr'>liquet,</span> <span class='ocrx_word' id='word_1_17' title='bbox 455 240 527 275; x_wconf 90' lang='lat' dir='ltr'>quod</span> <span class='ocrx_word' id='word_1_18' title='bbox 537 242 645 274; x_wconf 83' lang='lat' dir='ltr'>praeter</span> <span class='ocrx_word' id='word_1_19' title='bbox 658 238 817 266; x_wconf 81' lang='lat' dir='ltr'>ineffabilem</span> <span class='ocrx_word' id='word_1_20' title='bbox 827 239 976 273; x_wconf 77' lang='lat' dir='ltr'>genituram</span> <span class='ocrx_word' id='word_1_21' title='bbox 990 239 1096 266; x_wconf 89' lang='lat' dir='ltr'>duobus</span> <span class='ocrx_word' id='word_1_22' title='bbox 1106 239 1193 266; x_wconf 91' lang='lat' dir='ltr'>modis</span> 
     </span>
     <span class='ocr_line' id='line_1_4' title="bbox 346 281 1194 316; baseline -0.002 -6"><span class='ocrx_word' id='word_1_23' title='bbox 346 284 458 310; x_wconf 74' lang='lat' dir='ltr'>mittitur</span> <span class='ocrx_word' id='word_1_24' title='bbox 471 282 565 314; x_wconf 87' lang='lat' dir='ltr'>Filius,</span> <span class='ocrx_word' id='word_1_25' title='bbox 578 281 682 308; x_wconf 89' lang='lat' dir='ltr'>scilicet</span> <span class='ocrx_word' id='word_1_26' title='bbox 694 288 756 308; x_wconf 88' lang='lat' dir='ltr'>cum</span> <span class='ocrx_word' id='word_1_27' title='bbox 769 281 911 308; x_wconf 82' lang='lat' dir='ltr'>visibiliter</span> <span class='ocrx_word' id='word_1_28' title='bbox 921 282 1060 316; x_wconf 89' lang='lat' dir='ltr'>apparuit,</span> <span class='ocrx_word' id='word_1_29' title='bbox 1074 281 1115 308; x_wconf 90' lang='lat' dir='ltr'>vel</span> <span class='ocrx_word' id='word_1_30' title='bbox 1129 282 1194 308; x_wconf 92' lang='lat' dir='ltr'>invi-</span> 
     </span>
     <span class='ocr_line' id='line_1_5' title="bbox 345 324 740 359; baseline -0.005 -7"><span class='ocrx_word' id='word_1_31' title='bbox 345 325 458 352; x_wconf 90' lang='lat' dir='ltr'>sibiliter</span> <span class='ocrx_word' id='word_1_32' title='bbox 477 324 627 359; x_wconf 88' lang='lat' dir='ltr'>percipitur</span> <span class='ocrx_word' id='word_1_33' title='bbox 645 326 740 350; x_wconf 80' lang='lat' dir='ltr'>mente.</span> 
     </span>
    </p>
   </div>
   <div class='ocr_carea' id='block_1_4' title="bbox 513 409 1026 526">
    <p class='ocr_par' dir='ltr' id='par_1_4' title="bbox 513 409 1026 526">
     <span class='ocr_line' id='line_1_6' title="bbox 705 409 832 436; baseline 0 0"><span class='ocrx_word' id='word_1_34' title='bbox 705 409 766 436; x_wconf 73' lang='lat' dir='ltr'>CAP.</span> <span class='ocrx_word' id='word_1_35' title='bbox 791 409 832 436; x_wconf 83' lang='lat' dir='ltr'>[X.</span> 
     </span>
     <span class='ocr_line' id='line_1_7' title="bbox 513 492 1026 526; baseline 0.002 -6"><span class='ocrx_word' id='word_1_36' title='bbox 513 496 601 526; x_wconf 69' lang='lat' dir='ltr'>Qua-re</span> <span class='ocrx_word' id='word_1_37' title='bbox 620 494 700 520; x_wconf 75' lang='lat' dir='ltr'>Patet·</span> <span class='ocrx_word' id='word_1_38' title='bbox 719 502 775 520; x_wconf 68' lang='lat' dir='ltr'>&#39;non</span> <span class='ocrx_word' id='word_1_39' title='bbox 800 492 901 521; x_wconf 68' lang='lat' dir='ltr'>dicitur</span> <span class='ocrx_word' id='word_1_40' title='bbox 920 494 1026 522; x_wconf 69' lang='lat' dir='ltr'>miss-us.</span> 
     </span>
    </p>
   </div>
   <div class='ocr_carea' id='block_1_5' title="bbox 343 580 1195 1171">
    <p class='ocr_par' dir='ltr' id='par_1_5' title="bbox 343 580 1195 1171">
     <span class='ocr_line' id='line_1_8' title="bbox 415 580 1193 615; baseline 0 -8"><span class='ocrx_word' id='word_1_41' title='bbox 415 581 463 608; x_wconf 87' lang='lat' dir='ltr'>Hic</span> <span class='ocrx_word' id='word_1_42' title='bbox 483 580 630 615; x_wconf 79' lang='lat' dir='ltr'>quaeritur.</span> <span class='ocrx_word' id='word_1_43' title='bbox 649 587 698 606; x_wconf 87' lang='lat' dir='ltr'>cur</span> <span class='ocrx_word' id='word_1_44' title='bbox 716 580 794 607; x_wconf 86' lang='lat' dir='ltr'>Pater</span> <span class='ocrx_word' id='word_1_45' title='bbox 812 587 864 607; x_wconf 92' lang='lat' dir='ltr'>non</span> <span class='ocrx_word' id='word_1_46' title='bbox 884 580 982 607; x_wconf 84' lang='lat' dir='ltr'>dicitur</span> <span class='ocrx_word' id='word_1_47' title='bbox 1001 581 1112 612; x_wconf 76' lang='lat' dir='ltr'>missuS,</span> <span class='ocrx_word' id='word_1_48' title='bbox 1131 587 1193 607; x_wconf 88' lang='lat' dir='ltr'>cum</span> 
     </span>
     <span class='ocr_line' id='line_1_9' title="bbox 344 623 1192 658; baseline -0.001 -7"><span class='ocrx_word' id='word_1_49' title='bbox 344 632 379 651; x_wconf 83' lang='lat' dir='ltr'>ex</span> <span class='ocrx_word' id='word_1_50' title='bbox 399 627 519 658; x_wconf 85' lang='lat' dir='ltr'>tempore</span> <span class='ocrx_word' id='word_1_51' title='bbox 542 630 557 649; x_wconf 88' lang='lat' dir='ltr'>a</span> <span class='ocrx_word' id='word_1_52' title='bbox 577 630 714 657; x_wconf 84' lang='lat' dir='ltr'>quoquam</span> <span class='ocrx_word' id='word_1_53' title='bbox 738 623 920 656; x_wconf 80' lang='lat' dir='ltr'>cognoscitur,</span> <span class='ocrx_word' id='word_1_54' title='bbox 944 623 1013 650; x_wconf 88' lang='lat' dir='ltr'>sicut</span> <span class='ocrx_word' id='word_1_55' title='bbox 1036 623 1128 650; x_wconf 84' lang='lat' dir='ltr'>Filius.</span> <span class='ocrx_word' id='word_1_56' title='bbox 1153 624 1192 650; x_wconf 89' lang='lat' dir='ltr'>Ad</span> 
     </span>
     <span class='ocr_line' id='line_1_10' title="bbox 346 666 1192 702; baseline 0 -8"><span class='ocrx_word' id='word_1_57' title='bbox 346 666 418 702; x_wconf 86' lang='lat' dir='ltr'>quod</span> <span class='ocrx_word' id='word_1_58' title='bbox 432 666 560 698; x_wconf 82' lang='lat' dir='ltr'>dicimus,</span> <span class='ocrx_word' id='word_1_59' title='bbox 580 666 642 700; x_wconf 86' lang='lat' dir='ltr'>quia</span> <span class='ocrx_word' id='word_1_60' title='bbox 658 666 683 692; x_wconf 93' lang='lat' dir='ltr'>in</span> <span class='ocrx_word' id='word_1_61' title='bbox 703 673 734 693; x_wconf 92' lang='lat' dir='ltr'>eo</span> <span class='ocrx_word' id='word_1_62' title='bbox 749 669 788 693; x_wconf 88' lang='lat' dir='ltr'>est</span> <span class='ocrx_word' id='word_1_63' title='bbox 801 666 927 701; x_wconf 88' lang='lat' dir='ltr'>principii</span> <span class='ocrx_word' id='word_1_64' title='bbox 945 667 1105 701; x_wconf 75' lang='lat' dir='ltr'>auctoritas,</span> <span class='ocrx_word' id='word_1_65' title='bbox 1127 668 1174 702; x_wconf 86' lang='lat' dir='ltr'>qui</span> <span class='ocrx_word' id='word_1_66' title='bbox 1185 668 1192 681; x_wconf 89' lang='lat'>¹</span> 
     </span>
     <span class='ocr_line' id='line_1_11' title="bbox 346 708 1195 743; baseline 0 -7"><span class='ocrx_word' id='word_1_67' title='bbox 346 716 398 736; x_wconf 91' lang='lat' dir='ltr'>non</span> <span class='ocrx_word' id='word_1_68' title='bbox 417 709 507 740; x_wconf 85' lang='lat' dir='ltr'>habet,</span> <span class='ocrx_word' id='word_1_69' title='bbox 526 708 560 735; x_wconf 88' lang='lat' dir='ltr'>de</span> <span class='ocrx_word' id='word_1_70' title='bbox 578 716 632 743; x_wconf 84' lang='lat' dir='ltr'>quo</span> <span class='ocrx_word' id='word_1_71' title='bbox 646 709 691 740; x_wconf 91' lang='lat' dir='ltr'>sit,</span> <span class='ocrx_word' id='word_1_72' title='bbox 705 716 720 735; x_wconf 87' lang='lat' dir='ltr'>a</span> <span class='ocrx_word' id='word_1_73' title='bbox 739 716 793 742; x_wconf 86' lang='lat' dir='ltr'>quo</span> <span class='ocrx_word' id='word_1_74' title='bbox 806 708 889 735; x_wconf 90' lang='lat' dir='ltr'>Filius</span> <span class='ocrx_word' id='word_1_75' title='bbox 909 712 949 735; x_wconf 87' lang='lat' dir='ltr'>est</span> <span class='ocrx_word' id='word_1_76' title='bbox 972 712 998 735; x_wconf 88' lang='lat' dir='ltr'>et</span> <span class='ocrx_word' id='word_1_77' title='bbox 1009 709 1126 743; x_wconf 88' lang='lat' dir='ltr'>Spiritus</span> <span class='ocrx_word' id='word_1_78' title='bbox 1138 717 1195 736; x_wconf 87' lang='lat' dir='ltr'>san-</span> 
     </span>
     <span class='ocr_line' id='line_1_12' title="bbox 345 751 1194 785; baseline 0.001 -7"><span class='ocrx_word' id='word_1_79' title='bbox 345 755 412 779; x_wconf 89' lang='lat' dir='ltr'>ctus.</span> <span class='ocrx_word' id='word_1_80' title='bbox 437 752 538 778; x_wconf 82' lang='lat' dir='ltr'>«Pater</span> <span class='ocrx_word' id='word_1_81' title='bbox 563 751 634 779; x_wconf 90' lang='lat' dir='ltr'>enim</span> <span class='ocrx_word' id='word_1_82' title='bbox 661 754 716 783; x_wconf 86' lang='lat' dir='ltr'>est,</span> <span class='ocrx_word' id='word_1_83' title='bbox 741 755 771 778; x_wconf 89' lang='lat' dir='ltr'>ut</span> <span class='ocrx_word' id='word_1_84' title='bbox 798 752 835 778; x_wconf 85' lang='lat' dir='ltr'>ait</span> <span class='ocrx_word' id='word_1_85' title='bbox 862 752 1025 785; x_wconf 80' lang='lat' dir='ltr'>Augustinus</span> <span class='ocrx_word' id='word_1_86' title='bbox 1050 752 1076 778; x_wconf 90' lang='lat' dir='ltr'>in</span> <span class='ocrx_word' id='word_1_87' title='bbox 1099 752 1194 779; x_wconf 89' lang='lat' dir='ltr'>eodem</span> 
     </span>
     <span class='ocr_line' id='line_1_13' title="bbox 345 794 1195 829; baseline 0.001 -8"><span class='ocrx_word' id='word_1_88' title='bbox 345 794 449 826; x_wconf 71' lang='lat' dir='ltr'>libr02,</span> <span class='ocrx_word' id='word_1_89' title='bbox 478 794 641 829; x_wconf 88' lang='lat' dir='ltr'>principium</span> <span class='ocrx_word' id='word_1_90' title='bbox 663 794 745 821; x_wconf 86' lang='lat' dir='ltr'>totius</span> <span class='ocrx_word' id='word_1_91' title='bbox 770 794 929 826; x_wconf 86' lang='lat' dir='ltr'>divinitatis,</span> <span class='ocrx_word' id='word_1_92' title='bbox 949 795 991 822; x_wconf 86' lang='lat' dir='ltr'>vel</span> <span class='ocrx_word' id='word_1_93' title='bbox 1004 795 1026 821; x_wconf 91' lang='lat' dir='ltr'>si</span> <span class='ocrx_word' id='word_1_94' title='bbox 1045 795 1141 822; x_wconf 89' lang='lat' dir='ltr'>melius</span> <span class='ocrx_word' id='word_1_95' title='bbox 1158 795 1195 822; x_wconf 92' lang='lat' dir='ltr'>di-</span> 
     </span>
     <span class='ocr_line' id='line_1_14' title="bbox 345 837 1194 872; baseline 0.001 -8"><span class='ocrx_word' id='word_1_96' title='bbox 345 838 428 870; x_wconf 83' lang='lat' dir='ltr'>citur,</span> <span class='ocrx_word' id='word_1_97' title='bbox 448 837 555 864; x_wconf 79' lang='lat' dir='ltr'>deitatis</span> <span class='ocrx_word' id='word_1_98' title='bbox 567 849 578 860; x_wconf 73' lang='lat' dir='ltr'>u</span> <span class='ocrx_word' id='word_1_99' title='bbox 592 857 599 869; x_wconf 90' lang='lat'>,</span> <span class='ocrx_word' id='word_1_100' title='bbox 617 837 682 872; x_wconf 85' lang='lat' dir='ltr'>quia</span> <span class='ocrx_word' id='word_1_101' title='bbox 706 837 871 872; x_wconf 86' lang='lat' dir='ltr'>principium</span> <span class='ocrx_word' id='word_1_102' title='bbox 890 840 930 864; x_wconf 89' lang='lat' dir='ltr'>est</span> <span class='ocrx_word' id='word_1_103' title='bbox 948 838 1008 864; x_wconf 89' lang='lat' dir='ltr'>Filii</span> <span class='ocrx_word' id='word_1_104' title='bbox 1034 841 1060 864; x_wconf 86' lang='lat' dir='ltr'>et</span> <span class='ocrx_word' id='word_1_105' title='bbox 1079 837 1194 872; x_wconf 85' lang='lat' dir='ltr'>Spiritus</span> 
     </span>
     <span class='ocr_line' id='line_1_15' title="bbox 343 879 1195 913; baseline 0 -6"><span class='ocrx_word' id='word_1_106' title='bbox 343 881 438 907; x_wconf 86' lang='lat' dir='ltr'>sancti.</span> <span class='ocrx_word' id='word_1_107' title='bbox 452 879 532 913; x_wconf 85' lang='lat' dir='ltr'>Nam,</span> <span class='ocrx_word' id='word_1_108' title='bbox 545 883 575 907; x_wconf 91' lang='lat' dir='ltr'>ut</span> <span class='ocrx_word' id='word_1_109' title='bbox 588 880 624 906; x_wconf 85' lang='lat' dir='ltr'>ait</span> <span class='ocrx_word' id='word_1_110' title='bbox 637 880 801 913; x_wconf 83' lang='lat' dir='ltr'>Augustinus</span> <span class='ocrx_word' id='word_1_111' title='bbox 814 880 840 906; x_wconf 93' lang='lat' dir='ltr'>in</span> <span class='ocrx_word' id='word_1_112' title='bbox 854 880 949 907; x_wconf 88' lang='lat' dir='ltr'>eodem</span> <span class='ocrx_word' id='word_1_113' title='bbox 960 880 981 912; x_wconf 78' lang='lat'>³,</span> <span class='ocrx_word' id='word_1_114' title='bbox 1007 892 1017 903; x_wconf 69' lang='grc' dir='ltr'><strong>α</strong></span> <span class='ocrx_word' id='word_1_115' title='bbox 1031 881 1052 909; x_wconf 86' lang='lat' dir='ltr'>si</span> <span class='ocrx_word' id='word_1_116' title='bbox 1066 880 1195 908; x_wconf 89' lang='lat' dir='ltr'>voluisset</span> 
     </span>
     <span class='ocr_line' id='line_1_16' title="bbox 345 922 1194 957; baseline 0.001 -8"><span class='ocrx_word' id='word_1_117' title='bbox 345 923 427 950; x_wconf 87' lang='lat' dir='ltr'>etiam</span> <span class='ocrx_word' id='word_1_118' title='bbox 446 923 517 950; x_wconf 87' lang='lat' dir='ltr'>Deus</span> <span class='ocrx_word' id='word_1_119' title='bbox 535 923 612 950; x_wconf 86' lang='lat' dir='ltr'>Pater</span> <span class='ocrx_word' id='word_1_120' title='bbox 630 930 680 957; x_wconf 91' lang='lat' dir='ltr'>per</span> <span class='ocrx_word' id='word_1_121' title='bbox 705 922 855 950; x_wconf 85' lang='lat' dir='ltr'>subiectam</span> <span class='ocrx_word' id='word_1_122' title='bbox 874 926 1026 950; x_wconf 84' lang='lat' dir='ltr'>creaturam</span> <span class='ocrx_word' id='word_1_123' title='bbox 1053 923 1194 954; x_wconf 68' lang='lat' dir='ltr'>visibiliter</span> 
     </span>
     <span class='ocr_line' id='line_1_17' title="bbox 345 965 1194 1001; baseline 0 -9"><span class='ocrx_word' id='word_1_124' title='bbox 345 973 490 1001; x_wconf 84' lang='lat' dir='ltr'>apparere,</span> <span class='ocrx_word' id='word_1_125' title='bbox 505 965 698 992; x_wconf 79' lang='lat' dir='ltr'>absurdissime</span> <span class='ocrx_word' id='word_1_126' title='bbox 710 969 799 993; x_wconf 87' lang='lat' dir='ltr'>tamen</span> <span class='ocrx_word' id='word_1_127' title='bbox 813 969 859 993; x_wconf 89' lang='lat' dir='ltr'>aut</span> <span class='ocrx_word' id='word_1_128' title='bbox 877 973 892 993; x_wconf 85' lang='lat' dir='ltr'>a</span> <span class='ocrx_word' id='word_1_129' title='bbox 904 966 983 999; x_wconf 85' lang='lat' dir='ltr'>Filio,</span> <span class='ocrx_word' id='word_1_130' title='bbox 997 973 1077 1000; x_wconf 83' lang='lat' dir='ltr'>quem</span> <span class='ocrx_word' id='word_1_131' title='bbox 1091 966 1194 999; x_wconf 80' lang='lat' dir='ltr'>genuit,</span> 
     </span>
     <span class='ocr_line' id='line_1_18' title="bbox 345 1008 1195 1043; baseline 0 -8"><span class='ocrx_word' id='word_1_132' title='bbox 345 1012 392 1035; x_wconf 88' lang='lat' dir='ltr'>aut</span> <span class='ocrx_word' id='word_1_133' title='bbox 411 1016 426 1035; x_wconf 88' lang='lat' dir='ltr'>a</span> <span class='ocrx_word' id='word_1_134' title='bbox 445 1008 548 1043; x_wconf 87' lang='lat' dir='ltr'>Spiritu</span> <span class='ocrx_word' id='word_1_135' title='bbox 564 1011 669 1041; x_wconf 86' lang='lat' dir='ltr'>sancto,</span> <span class='ocrx_word' id='word_1_136' title='bbox 689 1009 783 1043; x_wconf 91' lang='lat' dir='ltr'>quide</span> <span class='ocrx_word' id='word_1_137' title='bbox 802 1008 848 1035; x_wconf 92' lang='lat' dir='ltr'>illo</span> <span class='ocrx_word' id='word_1_138' title='bbox 861 1008 996 1043; x_wconf 81' lang='lat' dir='ltr'>procedit,</span> <span class='ocrx_word' id='word_1_139' title='bbox 1015 1009 1112 1035; x_wconf 89' lang='lat' dir='ltr'>missus</span> <span class='ocrx_word' id='word_1_140' title='bbox 1125 1009 1195 1036; x_wconf 90' lang='lat' dir='ltr'>dice-</span> 
     </span>
     <span class='ocr_line' id='line_1_19' title="bbox 345 1050 1194 1086; baseline 0.001 -9"><span class='ocrx_word' id='word_1_141' title='bbox 345 1053 419 1078; x_wconf 82' lang='lat' dir='ltr'>retur</span> <span class='ocrx_word' id='word_1_142' title='bbox 433 1062 456 1078; x_wconf 75' lang='grc' dir='ltr'>υ.</span> <span class='ocrx_word' id='word_1_143' title='bbox 482 1051 663 1086; x_wconf 80' lang='lat' dir='ltr'>Congruenter</span> <span class='ocrx_word' id='word_1_144' title='bbox 691 1054 781 1078; x_wconf 86' lang='lat' dir='ltr'>autem</span> <span class='ocrx_word' id='word_1_145' title='bbox 810 1051 854 1078; x_wconf 88' lang='lat' dir='ltr'>ille</span> <span class='ocrx_word' id='word_1_146' title='bbox 882 1050 982 1078; x_wconf 78' lang='lat' dir='ltr'>missus</span> <span class='ocrx_word' id='word_1_147' title='bbox 1009 1052 1122 1084; x_wconf 81' lang='lat' dir='ltr'>(licitur,</span> <span class='ocrx_word' id='word_1_148' title='bbox 1147 1052 1194 1086; x_wconf 85' lang='lat' dir='ltr'>qui</span> 
     </span>
     <span class='ocr_line' id='line_1_20' title="bbox 346 1093 1192 1129; baseline 0.002 -9"><span class='ocrx_word' id='word_1_149' title='bbox 346 1094 372 1120; x_wconf 93' lang='lat' dir='ltr'>in</span> <span class='ocrx_word' id='word_1_150' title='bbox 391 1101 472 1120; x_wconf 87' lang='lat' dir='ltr'>carne</span> <span class='ocrx_word' id='word_1_151' title='bbox 492 1094 631 1128; x_wconf 86' lang='lat' dir='ltr'>apparuit;</span> <span class='ocrx_word' id='word_1_152' title='bbox 655 1093 760 1126; x_wconf 68' lang='lat' dir='ltr'>misisse</span> <span class='ocrx_word' id='word_1_153' title='bbox 779 1097 868 1122; x_wconf 85' lang='lat' dir='ltr'>autem</span> <span class='ocrx_word' id='word_1_154' title='bbox 895 1094 953 1126; x_wconf 77' lang='lat' dir='ltr'>ille,</span> <span class='ocrx_word' id='word_1_155' title='bbox 973 1095 1018 1129; x_wconf 89' lang='lat' dir='ltr'>qui</span> <span class='ocrx_word' id='word_1_156' title='bbox 1039 1095 1065 1121; x_wconf 91' lang='lat' dir='ltr'>in</span> <span class='ocrx_word' id='word_1_157' title='bbox 1085 1102 1117 1122; x_wconf 89' lang='lat' dir='ltr'>ea</span> <span class='ocrx_word' id='word_1_158' title='bbox 1141 1102 1192 1122; x_wconf 89' lang='lat' dir='ltr'>non</span> 
     </span>
     <span class='ocr_line' id='line_1_21' title="bbox 345 1137 478 1171; baseline 0 -8"><span class='ocrx_word' id='word_1_159' title='bbox 345 1137 478 1171; x_wconf 84' lang='lat' dir='ltr'>apparuit.</span> 
     </span>
    </p>
   </div>
   <div class='ocr_carea' id='block_1_6' title="bbox 1221 217 1224 981">
    <p class='ocr_par' dir='ltr' id='par_1_6' title="bbox 1221 217 1224 981">
     <span class='ocr_line' id='line_1_22' title="bbox 1221 217 1224 981; baseline 0 0"><span class='ocrx_word' id='word_1_160' title='bbox 1221 217 1224 981; x_wconf 95' lang='lat' dir='ltr'> </span> 
     </span>
    </p>
   </div>
   <div class='ocr_carea' id='block_1_7' title="bbox 1616 197 1730 226">
    <p class='ocr_par' dir='ltr' id='par_1_7' title="bbox 1616 197 1730 226">
     <span class='ocr_line' id='line_1_23' title="bbox 1616 197 1730 226; baseline 0.009 -1"><span class='ocrx_word' id='word_1_161' title='bbox 1616 197 1677 225; x_wconf 71' lang='lat' dir='ltr'>CM).</span> <span class='ocrx_word' id='word_1_162' title='bbox 1700 199 1730 226; x_wconf 88' lang='lat' dir='ltr'>X.</span> 
     </span>
    </p>
   </div>
   <div class='ocr_carea' id='block_1_8' title="bbox 1300 282 2050 362">
    <p class='ocr_par' dir='ltr' id='par_1_8' title="bbox 1300 282 2050 362">
     <span class='ocr_line' id='line_1_24' title="bbox 1300 282 2050 322; baseline 0.004 -12"><span class='ocrx_word' id='word_1_163' title='bbox 1300 282 1376 315; x_wconf 77' lang='lat' dir='ltr'>Quod</span> <span class='ocrx_word' id='word_1_164' title='bbox 1395 282 1484 312; x_wconf 71' lang='lat' dir='ltr'>Filius</span> <span class='ocrx_word' id='word_1_165' title='bbox 1504 288 1527 310; x_wconf 80' lang='lat' dir='ltr'>et</span> <span class='ocrx_word' id='word_1_166' title='bbox 1546 283 1664 319; x_wconf 69' lang='lat' dir='ltr'>Spiritus</span> <span class='ocrx_word' id='word_1_167' title='bbox 1682 288 1790 312; x_wconf 75' lang='lat' dir='ltr'>sanctus</span> <span class='ocrx_word' id='word_1_168' title='bbox 1809 293 1865 312; x_wconf 68' lang='lat' dir='ltr'>iton</span> <span class='ocrx_word' id='word_1_169' title='bbox 1888 290 1952 312; x_wconf 69' lang='lat' dir='ltr'>sim!</span> <span class='ocrx_word' id='word_1_170' title='bbox 1970 286 2050 322; x_wconf 65' lang='lat' dir='ltr'>quasi</span> 
     </span>
     <span class='ocr_line' id='line_1_25' title="bbox 1461 325 1883 362; baseline 0.005 -10"><span class='ocrx_word' id='word_1_171' title='bbox 1461 325 1581 353; x_wconf 71' lang='lat' dir='ltr'>minores</span> <span class='ocrx_word' id='word_1_172' title='bbox 1600 327 1695 357; x_wconf 70' lang='lat' dir='ltr'>Patre,</span> <span class='ocrx_word' id='word_1_173' title='bbox 1715 326 1780 362; x_wconf 63' lang='grc' dir='ltr'><em>(γαῖα</em></span> <span class='ocrx_word' id='word_1_174' title='bbox 1798 327 1883 354; x_wconf 67' lang='lat' dir='ltr'>missi.</span> 
     </span>
    </p>
   </div>
   <div class='ocr_carea' id='block_1_9' title="bbox 1250 410 2253 488">
    <p class='ocr_par' dir='ltr' id='par_1_9' title="bbox 1250 410 2253 488">
     <span class='ocr_line' id='line_1_26' title="bbox 1321 410 2225 446; baseline 0.003 -9"><span class='ocrx_word' id='word_1_175' title='bbox 1321 410 1438 445; x_wconf 84' lang='lat' dir='ltr'>ideoque</span> <span class='ocrx_word' id='word_1_176' title='bbox 1460 414 1623 445; x_wconf 84' lang='lat' dir='ltr'>putaverunt</span> <span class='ocrx_word' id='word_1_177' title='bbox 1642 411 1751 445; x_wconf 90' lang='lat' dir='ltr'>quidam</span> <span class='ocrx_word' id='word_1_178' title='bbox 1774 412 1915 444; x_wconf 84' lang='lat' dir='ltr'>haeretici,</span> <span class='ocrx_word' id='word_1_179' title='bbox 1935 420 1996 439; x_wconf 91' lang='lat' dir='ltr'>cum</span> <span class='ocrx_word' id='word_1_180' title='bbox 2019 413 2096 440; x_wconf 84' lang='lat' dir='ltr'>Pater</span> <span class='ocrx_word' id='word_1_181' title='bbox 2108 418 2225 446; x_wconf 49' lang='grc' dir='ltr'>Εττρτοε-υᾳ-</span> 
     </span>
     <span class='ocr_line' id='line_1_27' title="bbox 1250 441 2253 488; baseline 0.004 -9"><span class='ocrx_word' id='word_1_182' title='bbox 1250 460 1302 480; x_wconf 90' lang='lat' dir='ltr'>non</span> <span class='ocrx_word' id='word_1_183' title='bbox 1322 453 1356 479; x_wconf 90' lang='lat' dir='ltr'>sit</span> <span class='ocrx_word' id='word_1_184' title='bbox 1374 453 1486 485; x_wconf 87' lang='lat' dir='ltr'>missus,</span> <span class='ocrx_word' id='word_1_185' title='bbox 1506 453 1553 480; x_wconf 90' lang='lat' dir='ltr'>sed</span> <span class='ocrx_word' id='word_1_186' title='bbox 1571 453 1654 480; x_wconf 88' lang='lat' dir='ltr'>Filius</span> <span class='ocrx_word' id='word_1_187' title='bbox 1674 456 1700 480; x_wconf 87' lang='lat' dir='ltr'>et</span> <span class='ocrx_word' id='word_1_188' title='bbox 1718 454 1833 488; x_wconf 83' lang='lat' dir='ltr'>Spiritus</span> <span class='ocrx_word' id='word_1_189' title='bbox 1852 458 1971 487; x_wconf 64' lang='lat' dir='ltr'>sanctim,</span> <span class='ocrx_word' id='word_1_190' title='bbox 1989 456 2094 483; x_wconf 86' lang='lat' dir='ltr'>Patrem</span> <span class='ocrx_word' id='word_1_191' title='bbox 2131 441 2223 483; x_wconf 46' lang='lat' dir='ltr'>{igi-‘inf&#39;</span> <span class='ocrx_word' id='word_1_192' title='bbox 2252 453 2253 464; x_wconf 66' lang='lat'>¹</span> 
     </span>
    </p>
   </div>
   <div class='ocr_carea' id='block_1_10' title="bbox 1250 496 2100 1172">
    <p class='ocr_par' dir='ltr' id='par_1_10' title="bbox 1250 496 2100 1172">
     <span class='ocr_line' id='line_1_28' title="bbox 1251 496 2096 532; baseline 0.004 -9"><span class='ocrx_word' id='word_1_193' title='bbox 1251 503 1309 523; x_wconf 90' lang='lat' dir='ltr'>esse</span> <span class='ocrx_word' id='word_1_194' title='bbox 1323 496 1451 523; x_wconf 88' lang='lat' dir='ltr'>maiorem</span> <span class='ocrx_word' id='word_1_195' title='bbox 1466 504 1497 524; x_wconf 84' lang='lat' dir='ltr'>ac</span> <span class='ocrx_word' id='word_1_196' title='bbox 1511 497 1607 524; x_wconf 88' lang='lat' dir='ltr'>Filium</span> <span class='ocrx_word' id='word_1_197' title='bbox 1620 497 1752 524; x_wconf 82' lang='lat' dir='ltr'>minorem</span> <span class='ocrx_word' id='word_1_198' title='bbox 1763 497 1771 510; x_wconf 80' lang='lat'>⁴</span> <span class='ocrx_word' id='word_1_199' title='bbox 1786 500 1812 524; x_wconf 89' lang='lat' dir='ltr'>et</span> <span class='ocrx_word' id='word_1_200' title='bbox 1824 497 1953 532; x_wconf 90' lang='lat' dir='ltr'>Spiritum</span> <span class='ocrx_word' id='word_1_201' title='bbox 1963 501 2096 532; x_wconf 86' lang='lat' dir='ltr'>sanctum;</span> 
     </span>
     <span class='ocr_line' id='line_1_29' title="bbox 1251 540 2097 576; baseline 0.004 -10"><span class='ocrx_word' id='word_1_202' title='bbox 1251 542 1331 573; x_wconf 82' lang='lat' dir='ltr'>atque</span> <span class='ocrx_word' id='word_1_203' title='bbox 1349 540 1454 566; x_wconf 84' lang='lat' dir='ltr'>Patrem</span> <span class='ocrx_word' id='word_1_204' title='bbox 1477 540 1554 574; x_wconf 85' lang='lat' dir='ltr'>quasi</span> <span class='ocrx_word' id='word_1_205' title='bbox 1573 540 1703 567; x_wconf 88' lang='lat' dir='ltr'>maiorem</span> <span class='ocrx_word' id='word_1_206' title='bbox 1728 540 1831 567; x_wconf 82' lang='lat' dir='ltr'>misisse</span> <span class='ocrx_word' id='word_1_207' title='bbox 1850 543 1995 575; x_wconf 89' lang='lat' dir='ltr'>utrumque</span> <span class='ocrx_word' id='word_1_208' title='bbox 2019 542 2097 576; x_wconf 80' lang='lat' dir='ltr'>quasi</span> 
     </span>
     <span class='ocr_line' id='line_1_30' title="bbox 1250 582 2097 618; baseline 0.004 -10"><span class='ocrx_word' id='word_1_209' title='bbox 1250 582 1389 609; x_wconf 81' lang='lat' dir='ltr'>minorem.</span> <span class='ocrx_word' id='word_1_210' title='bbox 1408 582 1484 614; x_wconf 86' lang='lat' dir='ltr'>Quod</span> <span class='ocrx_word' id='word_1_211' title='bbox 1497 583 1661 616; x_wconf 79' lang='lat' dir='ltr'>Augustinus</span> <span class='ocrx_word' id='word_1_212' title='bbox 1679 583 1815 617; x_wconf 85' lang='lat' dir='ltr'>improbat</span> <span class='ocrx_word' id='word_1_213' title='bbox 1826 583 1852 610; x_wconf 90' lang='lat' dir='ltr'>in</span> <span class='ocrx_word' id='word_1_214' title='bbox 1872 587 1968 618; x_wconf 87' lang='lat' dir='ltr'>quarto</span> <span class='ocrx_word' id='word_1_215' title='bbox 1981 584 2050 611; x_wconf 91' lang='lat' dir='ltr'>libro</span> <span class='ocrx_word' id='word_1_216' title='bbox 2063 585 2097 612; x_wconf 92' lang='lat' dir='ltr'>de</span> 
     </span>
     <span class='ocr_line' id='line_1_31' title="bbox 1250 624 2100 661; baseline 0.005 -11"><span class='ocrx_word' id='word_1_217' title='bbox 1250 624 1410 656; x_wconf 82' lang='lat' dir='ltr'>T1·initate⁵‚</span> <span class='ocrx_word' id='word_1_218' title='bbox 1436 624 1488 651; x_wconf 90' lang='lat' dir='ltr'>illis</span> <span class='ocrx_word' id='word_1_219' title='bbox 1510 625 1707 653; x_wconf 78' lang='lat' dir='ltr'>contradicens:</span> <span class='ocrx_word' id='word_1_220' title='bbox 1736 625 1814 652; x_wconf 73' lang='lat' dir='ltr'>«Non</span> <span class='ocrx_word' id='word_1_221' title='bbox 1838 625 1914 657; x_wconf 88' lang='lat' dir='ltr'>ideo,</span> <span class='ocrx_word' id='word_1_222' title='bbox 1937 626 2034 661; x_wconf 87' lang='lat' dir='ltr'>inquit,</span> <span class='ocrx_word' id='word_1_223' title='bbox 2060 634 2100 654; x_wconf 80' lang='lat' dir='ltr'>ar-</span> 
     </span>
     <span class='ocr_line' id='line_1_32' title="bbox 1251 666 2099 703; baseline 0.004 -10"><span class='ocrx_word' id='word_1_224' title='bbox 1251 666 1405 694; x_wconf 82' lang='lat' dir='ltr'>bitrandum</span> <span class='ocrx_word' id='word_1_225' title='bbox 1436 671 1489 699; x_wconf 86' lang='lat' dir='ltr'>est,</span> <span class='ocrx_word' id='word_1_226' title='bbox 1518 668 1647 694; x_wconf 86' lang='lat' dir='ltr'>minorem</span> <span class='ocrx_word' id='word_1_227' title='bbox 1678 675 1736 695; x_wconf 88' lang='lat' dir='ltr'>esse</span> <span class='ocrx_word' id='word_1_228' title='bbox 1764 668 1875 699; x_wconf 85' lang='lat' dir='ltr'>Filium,</span> <span class='ocrx_word' id='word_1_229' title='bbox 1904 669 1976 703; x_wconf 84' lang='lat' dir='ltr'>quod</span> <span class='ocrx_word' id='word_1_230' title='bbox 2001 669 2099 696; x_wconf 88' lang='lat' dir='ltr'>missus</span> 
     </span>
     <span class='ocr_line' id='line_1_33' title="bbox 1252 710 2098 746; baseline 0.002 -10"><span class='ocrx_word' id='word_1_231' title='bbox 1252 713 1291 737; x_wconf 88' lang='lat' dir='ltr'>est</span> <span class='ocrx_word' id='word_1_232' title='bbox 1310 717 1325 736; x_wconf 89' lang='lat' dir='ltr'>a</span> <span class='ocrx_word' id='word_1_233' title='bbox 1338 710 1427 742; x_wconf 80' lang='lat' dir='ltr'>Patre,</span> <span class='ocrx_word' id='word_1_234' title='bbox 1447 717 1497 737; x_wconf 91' lang='lat' dir='ltr'>nec</span> <span class='ocrx_word' id='word_1_235' title='bbox 1509 710 1569 737; x_wconf 92' lang='lat' dir='ltr'>ideo</span> <span class='ocrx_word' id='word_1_236' title='bbox 1588 711 1717 738; x_wconf 90' lang='lat' dir='ltr'>minorem</span> <span class='ocrx_word' id='word_1_237' title='bbox 1731 711 1861 745; x_wconf 87' lang='lat' dir='ltr'>Spiritum</span> <span class='ocrx_word' id='word_1_238' title='bbox 1880 714 2015 745; x_wconf 85' lang='lat' dir='ltr'>sanctum,</span> <span class='ocrx_word' id='word_1_239' title='bbox 2035 711 2098 746; x_wconf 86' lang='lat' dir='ltr'>quia</span> 
     </span>
     <span class='ocr_line' id='line_1_34' title="bbox 1251 753 2100 789; baseline 0.002 -10"><span class='ocrx_word' id='word_1_240' title='bbox 1251 756 1278 779; x_wconf 89' lang='lat' dir='ltr'>et</span> <span class='ocrx_word' id='word_1_241' title='bbox 1296 753 1373 779; x_wconf 87' lang='lat' dir='ltr'>Pater</span> <span class='ocrx_word' id='word_1_242' title='bbox 1392 760 1453 780; x_wconf 91' lang='lat' dir='ltr'>eum</span> <span class='ocrx_word' id='word_1_243' title='bbox 1472 753 1545 780; x_wconf 88' lang='lat' dir='ltr'>misit</span> <span class='ocrx_word' id='word_1_244' title='bbox 1563 756 1588 780; x_wconf 85' lang='lat' dir='ltr'>et</span> <span class='ocrx_word' id='word_1_245' title='bbox 1607 753 1704 785; x_wconf 83' lang='lat' dir='ltr'>Filius;</span> <span class='ocrx_word' id='word_1_246' title='bbox 1723 754 1780 780; x_wconf 85' lang='lat' dir='ltr'>sive</span> <span class='ocrx_word' id='word_1_247' title='bbox 1793 754 1864 780; x_wconf 91' lang='lat' dir='ltr'>enim</span> <span class='ocrx_word' id='word_1_248' title='bbox 1880 757 1992 789; x_wconf 89' lang='lat' dir='ltr'>propter</span> <span class='ocrx_word' id='word_1_249' title='bbox 2010 754 2100 781; x_wconf 87' lang='lat' dir='ltr'>visibi-</span> 
     </span>
     <span class='ocr_line' id='line_1_35' title="bbox 1251 796 2099 831; baseline 0.001 -9"><span class='ocrx_word' id='word_1_250' title='bbox 1251 796 1304 822; x_wconf 92' lang='lat' dir='ltr'>lem</span> <span class='ocrx_word' id='word_1_251' title='bbox 1324 799 1490 827; x_wconf 86' lang='lat' dir='ltr'>creaturam,</span> <span class='ocrx_word' id='word_1_252' title='bbox 1509 796 1567 822; x_wconf 87' lang='lat' dir='ltr'>sive</span> <span class='ocrx_word' id='word_1_253' title='bbox 1585 796 1675 830; x_wconf 88' lang='lat' dir='ltr'>potius</span> <span class='ocrx_word' id='word_1_254' title='bbox 1697 799 1808 831; x_wconf 87' lang='lat' dir='ltr'>propter</span> <span class='ocrx_word' id='word_1_255' title='bbox 1821 797 1948 831; x_wconf 88' lang='lat' dir='ltr'>principii</span> <span class='ocrx_word' id='word_1_256' title='bbox 1968 804 2099 824; x_wconf 89' lang='lat' dir='ltr'>commen-</span> 
     </span>
     <span class='ocr_line' id='line_1_36' title="bbox 1251 838 2099 873; baseline 0.002 -9"><span class='ocrx_word' id='word_1_257' title='bbox 1251 838 1398 870; x_wconf 82' lang='lat' dir='ltr'>dationem,</span> <span class='ocrx_word' id='word_1_258' title='bbox 1419 845 1470 864; x_wconf 90' lang='lat' dir='ltr'>non</span> <span class='ocrx_word' id='word_1_259' title='bbox 1484 841 1595 872; x_wconf 89' lang='lat' dir='ltr'>propter</span> <span class='ocrx_word' id='word_1_260' title='bbox 1609 838 1826 873; x_wconf 79' lang='lat' dir='ltr'>inaequalitatem</span> <span class='ocrx_word' id='word_1_261' title='bbox 1839 839 1881 865; x_wconf 90' lang='lat' dir='ltr'>vel</span> <span class='ocrx_word' id='word_1_262' title='bbox 1900 839 2099 873; x_wconf 85' lang='lat' dir='ltr'>imparilitatem</span> 
     </span>
     <span class='ocr_line' id='line_1_37' title="bbox 1251 880 2098 916; baseline 0.002 -9"><span class='ocrx_word' id='word_1_263' title='bbox 1251 880 1293 907; x_wconf 88' lang='lat' dir='ltr'>vel</span> <span class='ocrx_word' id='word_1_264' title='bbox 1313 880 1557 907; x_wconf 89' lang='lat' dir='ltr'>dissimilitudinem</span> <span class='ocrx_word' id='word_1_265' title='bbox 1576 881 1741 908; x_wconf 87' lang='lat' dir='ltr'>substantiae</span> <span class='ocrx_word' id='word_1_266' title='bbox 1760 881 1786 908; x_wconf 88' lang='lat' dir='ltr'>in</span> <span class='ocrx_word' id='word_1_267' title='bbox 1806 881 1952 916; x_wconf 86' lang='lat' dir='ltr'>Scripturis</span> <span class='ocrx_word' id='word_1_268' title='bbox 1968 881 2036 908; x_wconf 87' lang='lat' dir='ltr'>haec</span> <span class='ocrx_word' id='word_1_269' title='bbox 2054 889 2098 916; x_wconf 63' lang='lat' dir='ltr'>pst</span> 
     </span>
     <span class='ocr_line' id='line_1_38' title="bbox 1250 924 2099 958; baseline 0 -8"><span class='ocrx_word' id='word_1_270' title='bbox 1250 924 1302 951; x_wconf 87' lang='lat' dir='ltr'>sita</span> <span class='ocrx_word' id='word_1_271' title='bbox 1321 924 1533 957; x_wconf 76' lang='lat' dir='ltr'>intelliguntur.»</span> <span class='ocrx_word' id='word_1_272' title='bbox 1557 924 1615 951; x_wconf 91' lang='lat' dir='ltr'>Non</span> <span class='ocrx_word' id='word_1_273' title='bbox 1628 931 1691 958; x_wconf 87' lang='lat' dir='ltr'>ergo</span> <span class='ocrx_word' id='word_1_274' title='bbox 1710 924 1771 951; x_wconf 90' lang='lat' dir='ltr'>ideo</span> <span class='ocrx_word' id='word_1_275' title='bbox 1788 924 1886 951; x_wconf 88' lang='lat' dir='ltr'>dicitur</span> <span class='ocrx_word' id='word_1_276' title='bbox 1899 925 1976 951; x_wconf 87' lang='lat' dir='ltr'>Pater</span> <span class='ocrx_word' id='word_1_277' title='bbox 1995 924 2099 951; x_wconf 87' lang='lat' dir='ltr'>misisse</span> 
     </span>
     <span class='ocr_line' id='line_1_39' title="bbox 1251 967 2099 1002; baseline 0.001 -9"><span class='ocrx_word' id='word_1_278' title='bbox 1251 967 1347 994; x_wconf 90' lang='lat' dir='ltr'>Filium</span> <span class='ocrx_word' id='word_1_279' title='bbox 1368 967 1409 994; x_wconf 92' lang='lat' dir='ltr'>vel</span> <span class='ocrx_word' id='word_1_280' title='bbox 1429 967 1558 1002; x_wconf 86' lang='lat' dir='ltr'>Spiritum</span> <span class='ocrx_word' id='word_1_281' title='bbox 1577 970 1713 999; x_wconf 87' lang='lat' dir='ltr'>sanctum,</span> <span class='ocrx_word' id='word_1_282' title='bbox 1733 967 1806 1001; x_wconf 84' lang='lat' dir='ltr'>quod</span> <span class='ocrx_word' id='word_1_283' title='bbox 1826 967 1870 994; x_wconf 89' lang='lat' dir='ltr'>ille</span> <span class='ocrx_word' id='word_1_284' title='bbox 1889 970 1959 994; x_wconf 86' lang='lat' dir='ltr'>esset</span> <span class='ocrx_word' id='word_1_285' title='bbox 1976 967 2062 994; x_wconf 87' lang='lat' dir='ltr'>maior</span> <span class='ocrx_word' id='word_1_286' title='bbox 2074 969 2099 994; x_wconf 84' lang='lat' dir='ltr'>et</span> 
     </span>
     <span class='ocr_line' id='line_1_40' title="bbox 1252 1009 2098 1045; baseline 0 -9"><span class='ocrx_word' id='word_1_287' title='bbox 1252 1010 1289 1036; x_wconf 95' lang='lat' dir='ltr'>illi</span> <span class='ocrx_word' id='word_1_288' title='bbox 1303 1010 1419 1037; x_wconf 88' lang='lat' dir='ltr'>minores</span> <span class='ocrx_word' id='word_1_289' title='bbox 1428 1032 1434 1043; x_wconf 93' lang='lat'><strong><em>,</em></strong></span> <span class='ocrx_word' id='word_1_290' title='bbox 1453 1010 1500 1037; x_wconf 91' lang='lat' dir='ltr'>sed</span> <span class='ocrx_word' id='word_1_291' title='bbox 1514 1011 1630 1037; x_wconf 80' lang='lat' dir='ltr'>maxime</span> <span class='ocrx_word' id='word_1_292' title='bbox 1649 1013 1760 1045; x_wconf 89' lang='lat' dir='ltr'>propter</span> <span class='ocrx_word' id='word_1_293' title='bbox 1773 1010 1958 1037; x_wconf 84' lang='lat' dir='ltr'>auctoritatem</span> <span class='ocrx_word' id='word_1_294' title='bbox 1971 1009 2098 1044; x_wconf 87' lang='lat' dir='ltr'>principii</span> 
     </span>
     <span class='ocr_line' id='line_1_41' title="bbox 1251 1051 2099 1087; baseline -0.001 -8"><span class='ocrx_word' id='word_1_295' title='bbox 1251 1052 1504 1084; x_wconf 82' lang='lat' dir='ltr'>commendandam,</span> <span class='ocrx_word' id='word_1_296' title='bbox 1524 1056 1550 1079; x_wconf 89' lang='lat' dir='ltr'>et</span> <span class='ocrx_word' id='word_1_297' title='bbox 1563 1053 1626 1087; x_wconf 90' lang='lat' dir='ltr'>quia</span> <span class='ocrx_word' id='word_1_298' title='bbox 1647 1053 1673 1079; x_wconf 92' lang='lat' dir='ltr'>in</span> <span class='ocrx_word' id='word_1_299' title='bbox 1693 1053 1793 1079; x_wconf 89' lang='lat' dir='ltr'>visibili</span> <span class='ocrx_word' id='word_1_300' title='bbox 1806 1055 1930 1080; x_wconf 87' lang='lat' dir='ltr'>creatura</span> <span class='ocrx_word' id='word_1_301' title='bbox 1946 1059 2011 1084; x_wconf 91' lang='lat' dir='ltr'>non,</span> <span class='ocrx_word' id='word_1_302' title='bbox 2029 1051 2099 1079; x_wconf 87' lang='lat' dir='ltr'>sicut</span> 
     </span>
     <span class='ocr_line' id='line_1_42' title="bbox 1252 1094 2098 1130; baseline -0.001 -8"><span class='ocrx_word' id='word_1_303' title='bbox 1252 1095 1289 1122; x_wconf 96' lang='lat' dir='ltr'>illi</span> <span class='ocrx_word' id='word_1_304' title='bbox 1299 1094 1322 1127; x_wconf 57' lang='grc' dir='ltr'>ὅ,</span> <span class='ocrx_word' id='word_1_305' title='bbox 1341 1096 1475 1130; x_wconf 82' lang='lat' dir='ltr'>apparuit.</span> <span class='ocrx_word' id='word_1_306' title='bbox 1489 1096 1560 1122; x_wconf 86' lang='lat' dir='ltr'>Ecce</span> <span class='ocrx_word' id='word_1_307' title='bbox 1574 1099 1709 1122; x_wconf 85' lang='lat' dir='ltr'>ostensum</span> <span class='ocrx_word' id='word_1_308' title='bbox 1724 1098 1774 1126; x_wconf 87' lang='lat' dir='ltr'>est,</span> <span class='ocrx_word' id='word_1_309' title='bbox 1789 1103 1858 1130; x_wconf 88' lang='lat' dir='ltr'>quae</span> <span class='ocrx_word' id='word_1_310' title='bbox 1875 1095 1909 1122; x_wconf 90' lang='lat' dir='ltr'>sit</span> <span class='ocrx_word' id='word_1_311' title='bbox 1922 1095 2013 1122; x_wconf 91' lang='lat' dir='ltr'>missio</span> <span class='ocrx_word' id='word_1_312' title='bbox 2027 1095 2098 1128; x_wconf 83' lang='lat' dir='ltr'>Filii,</span> 
     </span>
     <span class='ocr_line' id='line_1_43' title="bbox 1252 1138 1651 1172; baseline 0 -7"><span class='ocrx_word' id='word_1_313' title='bbox 1252 1141 1278 1165; x_wconf 86' lang='lat' dir='ltr'>et</span> <span class='ocrx_word' id='word_1_314' title='bbox 1297 1138 1396 1172; x_wconf 82' lang='lat' dir='ltr'>quibus</span> <span class='ocrx_word' id='word_1_315' title='bbox 1416 1138 1503 1165; x_wconf 89' lang='lat' dir='ltr'>modis</span> <span class='ocrx_word' id='word_1_316' title='bbox 1522 1138 1651 1165; x_wconf 84' lang='lat' dir='ltr'>mittatur.</span> 
     </span>
    </p>
   </div>
   <div class='ocr_carea' id='block_1_11' title="bbox 656 1272 1788 1322">
    <p class='ocr_par' dir='ltr' id='par_1_11' title="bbox 656 1272 1788 1322">
     <span class='ocr_line' id='line_1_44' title="bbox 656 1272 1788 1322; baseline -0.001 -1"><span class='ocrx_word' id='word_1_317' title='bbox 656 1273 1095 1322; x_wconf 80' lang='lat' dir='ltr'>COMMENTARIUS</span> <span class='ocrx_word' id='word_1_318' title='bbox 1132 1273 1192 1320; x_wconf 89' lang='lat' dir='ltr'>IN</span> <span class='ocrx_word' id='word_1_319' title='bbox 1225 1272 1664 1321; x_wconf 80' lang='lat' dir='ltr'>DISTINGTIONEM</span> <span class='ocrx_word' id='word_1_320' title='bbox 1698 1272 1788 1320; x_wconf 87' lang='lat' dir='ltr'>XV.</span> 
     </span>
    </p>
   </div>
   <div class='ocr_carea' id='block_1_12' title="bbox 782 1399 1659 1444">
    <p class='ocr_par' dir='ltr' id='par_1_12' title="bbox 782 1399 1659 1444">
     <span class='ocr_line' id='line_1_45' title="bbox 782 1399 1659 1444; baseline -0.001 -11"><span class='ocrx_word' id='word_1_321' title='bbox 782 1400 827 1433; x_wconf 84' lang='lat' dir='ltr'>De</span> <span class='ocrx_word' id='word_1_322' title='bbox 854 1400 998 1433; x_wconf 86' lang='lat' dir='ltr'>missione</span> <span class='ocrx_word' id='word_1_323' title='bbox 1025 1405 1174 1444; x_wconf 86' lang='lat' dir='ltr'>quantum</span> <span class='ocrx_word' id='word_1_324' title='bbox 1199 1400 1239 1433; x_wconf 83' lang='lat' dir='ltr'>ad</span> <span class='ocrx_word' id='word_1_325' title='bbox 1265 1399 1444 1444; x_wconf 88' lang='lat' dir='ltr'>principium</span> <span class='ocrx_word' id='word_1_326' title='bbox 1471 1405 1499 1433; x_wconf 83' lang='lat' dir='ltr'>et</span> <span class='ocrx_word' id='word_1_327' title='bbox 1524 1399 1659 1433; x_wconf 87' lang='lat' dir='ltr'>modum.</span> 
     </span>
    </p>
   </div>
   <div class='ocr_carea' id='block_1_13' title="bbox 1171 1540 1281 1568">
    <p class='ocr_par' dir='ltr' id='par_1_13' title="bbox 1171 1540 1281 1568">
     <span class='ocr_line' id='line_1_46' title="bbox 1171 1540 1281 1568; baseline -0.009 0"><span class='ocrx_word' id='word_1_328' title='bbox 1171 1540 1242 1568; x_wconf 75' lang='lat' dir='ltr'>PAas</span> <span class='ocrx_word' id='word_1_329' title='bbox 1258 1540 1281 1567; x_wconf 86' lang='lat' dir='ltr'>l.</span> 
     </span>
    </p>
   </div>
   <div class='ocr_carea' id='block_1_14' title="bbox 614 1672 1829 1718">
    <p class='ocr_par' dir='ltr' id='par_1_14' title="bbox 614 1672 1829 1718">
     <span class='ocr_line' id='line_1_47' title="bbox 614 1672 1829 1718; baseline -0.001 -12"><span class='ocrx_word' id='word_1_330' title='bbox 614 1674 658 1706; x_wconf 86' lang='lat' dir='ltr'>De</span> <span class='ocrx_word' id='word_1_331' title='bbox 693 1673 836 1707; x_wconf 85' lang='lat' dir='ltr'>missione</span> <span class='ocrx_word' id='word_1_332' title='bbox 870 1674 932 1707; x_wconf 89' lang='lat' dir='ltr'>sive</span> <span class='ocrx_word' id='word_1_333' title='bbox 966 1673 1124 1718; x_wconf 83' lang='lat' dir='ltr'>temporali</span> <span class='ocrx_word' id='word_1_334' title='bbox 1159 1673 1351 1718; x_wconf 86' lang='lat' dir='ltr'>processione</span> <span class='ocrx_word' id='word_1_335' title='bbox 1385 1678 1533 1717; x_wconf 86' lang='lat' dir='ltr'>quantum</span> <span class='ocrx_word' id='word_1_336' title='bbox 1567 1672 1606 1705; x_wconf 85' lang='lat' dir='ltr'>ad</span> <span class='ocrx_word' id='word_1_337' title='bbox 1639 1672 1829 1717; x_wconf 82' lang='lat' dir='ltr'>principium.</span> 
     </span>
    </p>
   </div>
   <div class='ocr_carea' id='block_1_15' title="bbox 486 1788 1956 1827">
    <p class='ocr_par' dir='ltr' id='par_1_15' title="bbox 486 1788 1956 1827">
     <span class='ocr_line' id='line_1_48' title="bbox 486 1788 1956 1827; baseline 0 -10"><span class='ocrx_word' id='word_1_338' title='bbox 486 1789 540 1817; x_wconf 71' lang='lat' dir='ltr'>Hic</span> <span class='ocrx_word' id='word_1_339' title='bbox 563 1789 809 1818; x_wconf 64' lang='lat' dir='ltr'>considermtdwm</span> <span class='ocrx_word' id='word_1_340' title='bbox 832 1794 888 1823; x_wconf 76' lang='lat' dir='ltr'>est,</span> <span class='ocrx_word' id='word_1_341' title='bbox 911 1798 978 1818; x_wconf 71' lang='lat' dir='ltr'>eum</span> <span class='ocrx_word' id='word_1_342' title='bbox 1001 1790 1061 1827; x_wconf 67' lang='lat' dir='ltr'>ipse</span> <span class='ocrx_word' id='word_1_343' title='bbox 1083 1789 1214 1827; x_wconf 68' lang='lat' dir='ltr'>Spiritus</span> <span class='ocrx_word' id='word_1_344' title='bbox 1235 1793 1356 1818; x_wconf 73' lang='lat' dir='ltr'>sanctus</span> <span class='ocrx_word' id='word_1_345' title='bbox 1377 1789 1462 1817; x_wconf 72' lang='lat' dir='ltr'>delur</span> <span class='ocrx_word' id='word_1_346' title='bbox 1484 1788 1649 1817; x_wconf 70' lang='lat' dir='ltr'>hominibus</span> <span class='ocrx_word' id='word_1_347' title='bbox 1671 1798 1687 1817; x_wconf 80' lang='grc' dir='ltr'><em>α</em></span> <span class='ocrx_word' id='word_1_348' title='bbox 1713 1789 1804 1817; x_wconf 74' lang='lat' dir='ltr'>Patre</span> <span class='ocrx_word' id='word_1_349' title='bbox 1824 1792 1850 1817; x_wconf 75' lang='lat' dir='ltr'>et</span> <span class='ocrx_word' id='word_1_350' title='bbox 1871 1789 1956 1817; x_wconf 69' lang='lat' dir='ltr'>Filio.</span> 
     </span>
    </p>
   </div>
   <div class='ocr_carea' id='block_1_16' title="bbox 1078 1921 1361 1950">
    <p class='ocr_par' dir='ltr' id='par_1_16' title="bbox 1078 1921 1361 1950">
     <span class='ocr_line' id='line_1_49' title="bbox 1078 1921 1361 1950; baseline 0 0"><span class='ocrx_word' id='word_1_351' title='bbox 1078 1921 1203 1950; x_wconf 79' lang='lat' dir='ltr'>DIVISIO</span> <span class='ocrx_word' id='word_1_352' title='bbox 1224 1921 1361 1950; x_wconf 84' lang='lat' dir='ltr'>TEXTUS.</span> 
     </span>
    </p>
   </div>
   <div class='ocr_carea' id='block_1_17' title="bbox 425 2030 1223 2069">
    <p class='ocr_par' dir='ltr' id='par_1_17' title="bbox 425 2030 1223 2069">
     <span class='ocr_line' id='line_1_50' title="bbox 425 2030 1223 2069; baseline -0.003 -9"><span class='ocrx_word' id='word_1_353' title='bbox 425 2032 516 2069; x_wconf 82' lang='lat' dir='ltr'>Supra</span> <span class='ocrx_word' id='word_1_354' title='bbox 536 2032 592 2069; x_wconf 83' lang='lat' dir='ltr'>egit</span> <span class='ocrx_word' id='word_1_355' title='bbox 620 2031 749 2069; x_wconf 80' lang='lat' dir='ltr'>Magister</span> <span class='ocrx_word' id='word_1_356' title='bbox 777 2031 812 2060; x_wconf 88' lang='lat' dir='ltr'>de</span> <span class='ocrx_word' id='word_1_357' title='bbox 840 2031 1016 2068; x_wconf 79' lang='lat' dir='ltr'>processione</span> <span class='ocrx_word' id='word_1_358' title='bbox 1047 2030 1194 2068; x_wconf 84' lang='lat' dir='ltr'>temporali</span> <span class='ocrx_word' id='word_1_359' title='bbox 1222 2036 1223 2062; x_wconf 57' lang='lat' dir='ltr'>i</span> 
     </span>
    </p>
   </div>
   <div class='ocr_carea' id='block_1_18' title="bbox 346 2077 1196 2209">
    <p class='ocr_par' dir='ltr' id='par_1_18' title="bbox 346 2077 1196 2209">
     <span class='ocr_line' id='line_1_51' title="bbox 346 2077 1195 2116; baseline -0.002 -9"><span class='ocrx_word' id='word_1_360' title='bbox 346 2079 435 2116; x_wconf 85' lang='lat' dir='ltr'>ipsius</span> <span class='ocrx_word' id='word_1_361' title='bbox 455 2078 575 2116; x_wconf 86' lang='lat' dir='ltr'>Spiritus</span> <span class='ocrx_word' id='word_1_362' title='bbox 591 2078 690 2113; x_wconf 80' lang='lat' dir='ltr'>sancti,</span> <span class='ocrx_word' id='word_1_363' title='bbox 713 2078 869 2109; x_wconf 86' lang='lat' dir='ltr'>secundum</span> <span class='ocrx_word' id='word_1_364' title='bbox 884 2077 957 2115; x_wconf 85' lang='lat' dir='ltr'>quod</span> <span class='ocrx_word' id='word_1_365' title='bbox 981 2080 1023 2106; x_wconf 89' lang='lat' dir='ltr'>est</span> <span class='ocrx_word' id='word_1_366' title='bbox 1037 2085 1054 2105; x_wconf 84' lang='lat' dir='ltr'>a</span> <span class='ocrx_word' id='word_1_367' title='bbox 1074 2077 1153 2105; x_wconf 81' lang='lat' dir='ltr'>Patre</span> <span class='ocrx_word' id='word_1_368' title='bbox 1168 2079 1195 2105; x_wconf 89' lang='lat' dir='ltr'>et</span> 
     </span>
     <span class='ocr_line' id='line_1_52' title="bbox 347 2123 1196 2161; baseline -0.002 -8"><span class='ocrx_word' id='word_1_369' title='bbox 347 2125 425 2159; x_wconf 85' lang='lat' dir='ltr'>Filio;</span> <span class='ocrx_word' id='word_1_370' title='bbox 446 2125 492 2153; x_wconf 84' lang='lat' dir='ltr'>hie</span> <span class='ocrx_word' id='word_1_371' title='bbox 512 2124 638 2153; x_wconf 69' lang='lat' dir='ltr'>seeundo</span> <span class='ocrx_word' id='word_1_372' title='bbox 663 2124 796 2159; x_wconf 82' lang='lat' dir='ltr'>ostendit,</span> <span class='ocrx_word' id='word_1_373' title='bbox 817 2123 893 2161; x_wconf 83' lang='lat' dir='ltr'>quod</span> <span class='ocrx_word' id='word_1_374' title='bbox 915 2123 1106 2161; x_wconf 83' lang='lat' dir='ltr'>temporaliter</span> <span class='ocrx_word' id='word_1_375' title='bbox 1134 2131 1196 2160; x_wconf 83' lang='lat' dir='ltr'>pro-</span> 
     </span>
     <span class='ocr_line' id='line_1_53' title="bbox 347 2171 1195 2209; baseline -0.004 -8"><span class='ocrx_word' id='word_1_376' title='bbox 347 2172 420 2201; x_wconf 87' lang='lat' dir='ltr'>cedit</span> <span class='ocrx_word' id='word_1_377' title='bbox 447 2180 464 2200; x_wconf 85' lang='lat' dir='ltr'>a</span> <span class='ocrx_word' id='word_1_378' title='bbox 491 2180 520 2201; x_wconf 88' lang='lat' dir='ltr'>se</span> <span class='ocrx_word' id='word_1_379' title='bbox 541 2171 613 2209; x_wconf 86' lang='lat' dir='ltr'>ipso;</span> <span class='ocrx_word' id='word_1_380' title='bbox 641 2174 669 2200; x_wconf 86' lang='lat' dir='ltr'>et</span> <span class='ocrx_word' id='word_1_381' title='bbox 689 2172 742 2200; x_wconf 85' lang='lat' dir='ltr'>hoc</span> <span class='ocrx_word' id='word_1_382' title='bbox 763 2171 882 2200; x_wconf 87' lang='lat' dir='ltr'>intendit</span> <span class='ocrx_word' id='word_1_383' title='bbox 905 2171 933 2199; x_wconf 93' lang='lat' dir='ltr'>in</span> <span class='ocrx_word' id='word_1_384' title='bbox 960 2173 1017 2199; x_wconf 87' lang='lat' dir='ltr'>tota</span> <span class='ocrx_word' id='word_1_385' title='bbox 1038 2171 1091 2199; x_wconf 88' lang='lat' dir='ltr'>ista</span> <span class='ocrx_word' id='word_1_386' title='bbox 1116 2173 1195 2207; x_wconf 84' lang='lat' dir='ltr'>parte</span> 
     </span>
    </p>
   </div>
   <div class='ocr_carea' id='block_1_19' title="bbox 346 2216 1197 2256">
    <p class='ocr_par' dir='ltr' id='par_1_19' title="bbox 346 2216 1197 2256">
     <span class='ocr_line' id='line_1_54' title="bbox 346 2216 1197 2256; baseline -0.004 -9"><span class='ocrx_word' id='word_1_387' title='bbox 346 2226 436 2256; x_wconf 85' lang='lat' dir='ltr'>usque</span> <span class='ocrx_word' id='word_1_388' title='bbox 457 2218 506 2247; x_wconf 88' lang='lat' dir='ltr'>ibi:</span> <span class='ocrx_word' id='word_1_389' title='bbox 529 2218 585 2246; x_wconf 67' lang='lat' dir='ltr'>Hie</span> <span class='ocrx_word' id='word_1_390' title='bbox 606 2218 779 2256; x_wconf 69' lang='lat' dir='ltr'>quaeritur,</span> <span class='ocrx_word' id='word_1_391' title='bbox 800 2221 904 2246; x_wconf 71' lang='lat' dir='ltr'>utrum</span> <span class='ocrx_word' id='word_1_392' title='bbox 918 2217 1004 2245; x_wconf 80' lang='lat' dir='ltr'>semel</span> <span class='ocrx_word' id='word_1_393' title='bbox 1022 2220 1136 2245; x_wconf 75' lang='lat' dir='ltr'>tamum</span> <span class='ocrx_word' id='word_1_394' title='bbox 1157 2216 1197 2244; x_wconf 70' lang='lat' dir='ltr'>sit</span> 
     </span>
    </p>
   </div>
   <div class='ocr_carea' id='block_1_20' title="bbox 347 2263 1196 2348">
    <p class='ocr_par' dir='ltr' id='par_1_20' title="bbox 347 2263 1196 2348">
     <span class='ocr_line' id='line_1_55' title="bbox 347 2263 1196 2301; baseline -0.001 -9"><span class='ocrx_word' id='word_1_395' title='bbox 347 2264 457 2293; x_wconf 72' lang='lat' dir='ltr'>missus</span> <span class='ocrx_word' id='word_1_396' title='bbox 471 2264 580 2298; x_wconf 76' lang='lat' dir='ltr'>Filius,</span> <span class='ocrx_word' id='word_1_397' title='bbox 596 2264 645 2293; x_wconf 87' lang='lat' dir='ltr'>ubi</span> <span class='ocrx_word' id='word_1_398' title='bbox 660 2264 755 2301; x_wconf 90' lang='lat' dir='ltr'>incipit</span> <span class='ocrx_word' id='word_1_399' title='bbox 770 2272 853 2301; x_wconf 84' lang='lat' dir='ltr'>agere</span> <span class='ocrx_word' id='word_1_400' title='bbox 875 2266 1011 2301; x_wconf 85' lang='lat' dir='ltr'>quantum</span> <span class='ocrx_word' id='word_1_401' title='bbox 1026 2263 1061 2292; x_wconf 87' lang='lat' dir='ltr'>ad</span> <span class='ocrx_word' id='word_1_402' title='bbox 1076 2263 1196 2291; x_wconf 79' lang='lat' dir='ltr'>modum</span> 
     </span>
     <span class='ocr_line' id='line_1_56' title="bbox 348 2311 562 2348; baseline -0.014 -8"><span class='ocrx_word' id='word_1_403' title='bbox 348 2311 532 2348; x_wconf 84' lang='lat' dir='ltr'>processionis</span> <span class='ocrx_word' id='word_1_404' title='bbox 545 2311 562 2337; x_wconf 88' lang='lat'>¹.</span> 
     </span>
    </p>
   </div>
   <div class='ocr_carea' id='block_1_21' title="bbox 411 2458 1224 2486">
    <p class='ocr_par' dir='ltr' id='par_1_21' title="bbox 411 2458 1224 2486">
     <span class='ocr_line' id='line_1_57' title="bbox 411 2458 1224 2486; baseline -0.002 -5"><span class='ocrx_word' id='word_1_405' title='bbox 411 2459 417 2473; x_wconf 87' lang='lat'><strong>¹</strong></span> <span class='ocrx_word' id='word_1_406' title='bbox 437 2458 520 2481; x_wconf 85' lang='lat' dir='ltr'>Contra</span> <span class='ocrx_word' id='word_1_407' title='bbox 537 2464 618 2481; x_wconf 89' lang='lat' dir='ltr'>omnes</span> <span class='ocrx_word' id='word_1_408' title='bbox 635 2458 702 2480; x_wconf 83' lang='lat' dir='ltr'>codd.</span> <span class='ocrx_word' id='word_1_409' title='bbox 720 2462 743 2480; x_wconf 90' lang='lat' dir='ltr'>et</span> <span class='ocrx_word' id='word_1_410' title='bbox 758 2458 795 2480; x_wconf 90' lang='lat' dir='ltr'>ed.</span> <span class='ocrx_word' id='word_1_411' title='bbox 813 2458 826 2480; x_wconf 82' lang='lat'>6</span> <span class='ocrx_word' id='word_1_412' title='bbox 844 2464 968 2486; x_wconf 81' lang='lat' dir='ltr'>perperam</span> <span class='ocrx_word' id='word_1_413' title='bbox 990 2458 1045 2486; x_wconf 78' lang='lat' dir='ltr'>legit</span> <span class='ocrx_word' id='word_1_414' title='bbox 1068 2458 1118 2480; x_wconf 81' lang='lat' dir='ltr'>Vat.</span> <span class='ocrx_word' id='word_1_415' title='bbox 1142 2463 1195 2479; x_wconf 88' lang='lat' dir='ltr'>cum</span> <span class='ocrx_word' id='word_1_416' title='bbox 1223 2461 1224 2464; x_wconf 77' lang='grc'>’</span> 
     </span>
    </p>
   </div>
   <div class='ocr_carea' id='block_1_22' title="bbox 347 2496 1196 2636">
    <p class='ocr_par' dir='ltr' id='par_1_22' title="bbox 347 2496 1196 2602">
     <span class='ocr_line' id='line_1_58' title="bbox 347 2496 1195 2527; baseline -0.002 -7"><span class='ocrx_word' id='word_1_417' title='bbox 347 2498 397 2520; x_wconf 83' lang='lat' dir='ltr'>aliis</span> <span class='ocrx_word' id='word_1_418' title='bbox 414 2497 466 2520; x_wconf 86' lang='lat' dir='ltr'>edd.</span> <span class='ocrx_word' id='word_1_419' title='bbox 485 2504 556 2527; x_wconf 76' lang='lat' dir='ltr'>quae,</span> <span class='ocrx_word' id='word_1_420' title='bbox 575 2503 628 2519; x_wconf 83' lang='lat' dir='ltr'>cum</span> <span class='ocrx_word' id='word_1_421' title='bbox 644 2497 767 2519; x_wconf 83' lang='lat' dir='ltr'>relativum</span> <span class='ocrx_word' id='word_1_422' title='bbox 784 2497 912 2519; x_wconf 86' lang='lat' dir='ltr'>secundum</span> <span class='ocrx_word' id='word_1_423' title='bbox 938 2499 1069 2519; x_wconf 80' lang='lat' dir='ltr'>contextum</span> <span class='ocrx_word' id='word_1_424' title='bbox 1095 2496 1195 2518; x_wconf 83' lang='lat' dir='ltr'>reseren-</span> 
     </span>
     <span class='ocr_line' id='line_1_59' title="bbox 349 2534 1196 2564; baseline -0.004 -5"><span class='ocrx_word' id='word_1_425' title='bbox 349 2536 406 2559; x_wconf 90' lang='lat' dir='ltr'>dum</span> <span class='ocrx_word' id='word_1_426' title='bbox 423 2537 451 2559; x_wconf 90' lang='lat' dir='ltr'>sit</span> <span class='ocrx_word' id='word_1_427' title='bbox 468 2536 497 2558; x_wconf 83' lang='lat' dir='ltr'>ad</span> <span class='ocrx_word' id='word_1_428' title='bbox 513 2535 539 2558; x_wconf 80' lang='lat' dir='ltr'>in</span> <span class='ocrx_word' id='word_1_429' title='bbox 556 2541 589 2559; x_wconf 85' lang='lat' dir='ltr'>eo.</span> <span class='ocrx_word' id='word_1_430' title='bbox 607 2535 676 2557; x_wconf 86' lang='lat' dir='ltr'>Paulo</span> <span class='ocrx_word' id='word_1_431' title='bbox 693 2537 745 2557; x_wconf 81' lang='lat' dir='ltr'>ante</span> <span class='ocrx_word' id='word_1_432' title='bbox 762 2535 822 2557; x_wconf 87' lang='lat' dir='ltr'>codd</span> <span class='ocrx_word' id='word_1_433' title='bbox 835 2535 882 2557; x_wconf 79' lang='grc' dir='ltr'>,ΒΕ</span> <span class='ocrx_word' id='word_1_434' title='bbox 900 2534 964 2564; x_wconf 80' lang='lat' dir='ltr'>quod</span> <span class='ocrx_word' id='word_1_435' title='bbox 979 2540 1021 2563; x_wconf 85' lang='lat' dir='ltr'>pro</span> <span class='ocrx_word' id='word_1_436' title='bbox 1033 2534 1096 2564; x_wconf 80' lang='lat' dir='ltr'>quia.</span> <span class='ocrx_word' id='word_1_437' title='bbox 1110 2534 1196 2557; x_wconf 86' lang='lat' dir='ltr'>Deinde</span> 
     </span>
     <span class='ocr_line' id='line_1_60' title="bbox 350 2574 781 2602; baseline -0.002 -5"><span class='ocrx_word' id='word_1_438' title='bbox 350 2578 400 2602; x_wconf 83' lang='lat' dir='ltr'>post</span> <span class='ocrx_word' id='word_1_439' title='bbox 417 2574 492 2598; x_wconf 71' lang='lat' dir='ltr'>Filius</span> <span class='ocrx_word' id='word_1_440' title='bbox 510 2575 559 2597; x_wconf 84' lang='lat' dir='ltr'>Vat.</span> <span class='ocrx_word' id='word_1_441' title='bbox 578 2574 625 2596; x_wconf 82' lang='lat' dir='ltr'>sola</span> <span class='ocrx_word' id='word_1_442' title='bbox 642 2574 724 2596; x_wconf 86' lang='lat' dir='ltr'>omittit</span> <span class='ocrx_word' id='word_1_443' title='bbox 741 2575 781 2596; x_wconf 79' lang='lat' dir='ltr'>est.</span> 
     </span>
    </p>

    <p class='ocr_par' dir='ltr' id='par_1_23' title="bbox 412 2612 734 2636">
     <span class='ocr_line' id='line_1_61' title="bbox 412 2612 734 2636; baseline -0.003 -1"><span class='ocrx_word' id='word_1_444' title='bbox 412 2612 420 2624; x_wconf 70' lang='lat'><strong>²</strong></span> <span class='ocrx_word' id='word_1_445' title='bbox 438 2613 498 2635; x_wconf 83' lang='lat' dir='ltr'>Lihr.</span> <span class='ocrx_word' id='word_1_446' title='bbox 516 2613 552 2636; x_wconf 87' lang='lat' dir='ltr'>lv.</span> <span class='ocrx_word' id='word_1_447' title='bbox 570 2619 589 2635; x_wconf 90' lang='lat' dir='ltr'>e.</span> <span class='ocrx_word' id='word_1_448' title='bbox 607 2613 644 2634; x_wconf 78' lang='lat'>20.</span> <span class='ocrx_word' id='word_1_449' title='bbox 662 2618 683 2634; x_wconf 89' lang='lat' dir='ltr'>n.</span> <span class='ocrx_word' id='word_1_450' title='bbox 698 2613 734 2634; x_wconf 79' lang='lat'>29.</span> 
     </span>
    </p>
   </div>
   <div class='ocr_carea' id='block_1_23' title="bbox 412 2649 1197 2679">
    <p class='ocr_par' dir='ltr' id='par_1_24' title="bbox 412 2649 1197 2679">
     <span class='ocr_line' id='line_1_62' title="bbox 412 2649 1197 2679; baseline -0.001 -6"><span class='ocrx_word' id='word_1_451' title='bbox 412 2651 421 2666; x_wconf 82' lang='lat'>³</span> <span class='ocrx_word' id='word_1_452' title='bbox 439 2651 493 2679; x_wconf 78' lang='lat' dir='ltr'>Cap.</span> <span class='ocrx_word' id='word_1_453' title='bbox 512 2652 548 2673; x_wconf 74' lang='grc'>21.</span> <span class='ocrx_word' id='word_1_454' title='bbox 566 2658 588 2673; x_wconf 90' lang='lat' dir='ltr'>n.</span> <span class='ocrx_word' id='word_1_455' title='bbox 607 2651 642 2673; x_wconf 81' lang='lat'>32.</span> <span class='ocrx_word' id='word_1_456' title='bbox 660 2663 692 2667; x_wconf 97' lang='lat'><strong>—</strong></span> <span class='ocrx_word' id='word_1_457' title='bbox 708 2652 758 2673; x_wconf 79' lang='lat' dir='ltr'>Vat.</span> <span class='ocrx_word' id='word_1_458' title='bbox 777 2651 840 2673; x_wconf 84' lang='lat' dir='ltr'>sola:</span> <span class='ocrx_word' id='word_1_459' title='bbox 858 2650 920 2678; x_wconf 72' lang='lat' dir='ltr'>Quia</span> <span class='ocrx_word' id='word_1_460' title='bbox 945 2649 1015 2673; x_wconf 72' lang='lat' dir='ltr'>etiam</span> <span class='ocrx_word' id='word_1_461' title='bbox 1040 2649 1062 2673; x_wconf 72' lang='lat' dir='ltr'>si</span> <span class='ocrx_word' id='word_1_462' title='bbox 1087 2649 1197 2673; x_wconf 73' lang='lat' dir='ltr'>uoluisset</span> 
     </span>
    </p>
   </div>
   <div class='ocr_carea' id='block_1_24' title="bbox 350 2688 1196 2906">
    <p class='ocr_par' dir='ltr' id='par_1_25' title="bbox 350 2688 1196 2835">
     <span class='ocr_line' id='line_1_63' title="bbox 351 2688 1195 2718; baseline -0.002 -5"><span class='ocrx_word' id='word_1_463' title='bbox 351 2696 393 2718; x_wconf 87' lang='lat' dir='ltr'>pro</span> <span class='ocrx_word' id='word_1_464' title='bbox 410 2690 438 2713; x_wconf 69' lang='lat' dir='ltr'>Si</span> <span class='ocrx_word' id='word_1_465' title='bbox 453 2690 566 2713; x_wconf 73' lang='lat' dir='ltr'>voluisset</span> <span class='ocrx_word' id='word_1_466' title='bbox 580 2690 658 2713; x_wconf 75' lang='lat' dir='ltr'>etiam.</span> <span class='ocrx_word' id='word_1_467' title='bbox 676 2690 762 2712; x_wconf 91' lang='lat' dir='ltr'>Deinde</span> <span class='ocrx_word' id='word_1_468' title='bbox 779 2696 859 2712; x_wconf 88' lang='lat' dir='ltr'>omnes</span> <span class='ocrx_word' id='word_1_469' title='bbox 876 2689 940 2718; x_wconf 69' lang='lat' dir='ltr'>edd,</span> <span class='ocrx_word' id='word_1_470' title='bbox 954 2689 1053 2718; x_wconf 87' lang='lat' dir='ltr'>demptis</span> <span class='ocrx_word' id='word_1_471' title='bbox 1064 2690 1114 2712; x_wconf 82' lang='lat' dir='ltr'>Vat.</span> <span class='ocrx_word' id='word_1_472' title='bbox 1126 2692 1148 2711; x_wconf 86' lang='lat' dir='ltr'>et</span> <span class='ocrx_word' id='word_1_473' title='bbox 1159 2688 1195 2711; x_wconf 86' lang='lat' dir='ltr'>ed.</span> 
     </span>
     <span class='ocr_line' id='line_1_64' title="bbox 352 2727 1196 2758; baseline -0.001 -9"><span class='ocrx_word' id='word_1_474' title='bbox 352 2728 373 2756; x_wconf 80' lang='lat'>8,</span> <span class='ocrx_word' id='word_1_475' title='bbox 390 2728 449 2751; x_wconf 81' lang='lat' dir='ltr'>male</span> <span class='ocrx_word' id='word_1_476' title='bbox 465 2729 545 2756; x_wconf 84' lang='lat' dir='ltr'>legunt</span> <span class='ocrx_word' id='word_1_477' title='bbox 561 2729 688 2758; x_wconf 70' lang='lat' dir='ltr'>appareret</span> <span class='ocrx_word' id='word_1_478' title='bbox 703 2734 745 2756; x_wconf 83' lang='lat' dir='ltr'>pro</span> <span class='ocrx_word' id='word_1_479' title='bbox 763 2734 886 2758; x_wconf 72' lang='lat' dir='ltr'>apparere.</span> <span class='ocrx_word' id='word_1_480' title='bbox 904 2728 947 2750; x_wconf 89' lang='lat' dir='ltr'>Pro</span> <span class='ocrx_word' id='word_1_481' title='bbox 964 2730 1041 2750; x_wconf 85' lang='lat' dir='ltr'>nostra</span> <span class='ocrx_word' id='word_1_482' title='bbox 1059 2728 1154 2750; x_wconf 82' lang='lat' dir='ltr'>lectione</span> <span class='ocrx_word' id='word_1_483' title='bbox 1167 2727 1196 2749; x_wconf 79' lang='lat' dir='ltr'>sa-</span> 
     </span>
     <span class='ocr_line' id='line_1_65' title="bbox 350 2765 1196 2796; baseline -0.001 -7"><span class='ocrx_word' id='word_1_484' title='bbox 350 2768 413 2789; x_wconf 89' lang='lat' dir='ltr'>ciunt</span> <span class='ocrx_word' id='word_1_485' title='bbox 429 2767 496 2789; x_wconf 84' lang='lat' dir='ltr'>codd.</span> <span class='ocrx_word' id='word_1_486' title='bbox 514 2770 536 2789; x_wconf 84' lang='lat' dir='ltr'>et</span> <span class='ocrx_word' id='word_1_487' title='bbox 547 2767 664 2795; x_wconf 83' lang='lat' dir='ltr'>originale.</span> <span class='ocrx_word' id='word_1_488' title='bbox 677 2767 779 2796; x_wconf 83' lang='lat' dir='ltr'>Denique</span> <span class='ocrx_word' id='word_1_489' title='bbox 797 2769 848 2789; x_wconf 87' lang='lat' dir='ltr'>ante</span> <span class='ocrx_word' id='word_1_490' title='bbox 856 2766 963 2796; x_wconf 76' lang='lat' dir='ltr'>procedit</span> <span class='ocrx_word' id='word_1_491' title='bbox 974 2767 1042 2789; x_wconf 90' lang='lat' dir='ltr'>codd.</span> <span class='ocrx_word' id='word_1_492' title='bbox 1054 2767 1071 2788; x_wconf 87' lang='grc' dir='ltr'>Α</span> <span class='ocrx_word' id='word_1_493' title='bbox 1081 2766 1097 2789; x_wconf 91' lang='lat' dir='ltr'>C</span> <span class='ocrx_word' id='word_1_494' title='bbox 1106 2766 1125 2788; x_wconf 94' lang='lat' dir='ltr'>D</span> <span class='ocrx_word' id='word_1_495' title='bbox 1137 2765 1196 2788; x_wconf 86' lang='lat' dir='ltr'>bene</span> 
     </span>
     <span class='ocr_line' id='line_1_66' title="bbox 352 2805 622 2835; baseline 0.004 -8"><span class='ocrx_word' id='word_1_496' title='bbox 352 2806 430 2834; x_wconf 80' lang='lat' dir='ltr'>legunt</span> <span class='ocrx_word' id='word_1_497' title='bbox 446 2805 496 2835; x_wconf 84' lang='lat' dir='ltr'>ipso</span> <span class='ocrx_word' id='word_1_498' title='bbox 514 2812 556 2834; x_wconf 86' lang='lat' dir='ltr'>pro</span> <span class='ocrx_word' id='word_1_499' title='bbox 573 2805 622 2829; x_wconf 74' lang='lat' dir='ltr'>illo.</span> 
     </span>
    </p>

    <p class='ocr_par' dir='ltr' id='par_1_26' title="bbox 350 2843 1195 2906">
     <span class='ocr_line' id='line_1_67' title="bbox 415 2843 1195 2872; baseline -0.003 -5"><span class='ocrx_word' id='word_1_500' title='bbox 415 2843 422 2855; x_wconf 84' lang='lat'><strong>⁴</strong></span> <span class='ocrx_word' id='word_1_501' title='bbox 441 2845 490 2867; x_wconf 83' lang='lat' dir='ltr'>Vat.</span> <span class='ocrx_word' id='word_1_502' title='bbox 508 2847 530 2867; x_wconf 80' lang='lat' dir='ltr'>et</span> <span class='ocrx_word' id='word_1_503' title='bbox 547 2845 603 2867; x_wconf 84' lang='lat' dir='ltr'>aliae</span> <span class='ocrx_word' id='word_1_504' title='bbox 620 2844 686 2872; x_wconf 73' lang='lat' dir='ltr'>edd.y</span> <span class='ocrx_word' id='word_1_505' title='bbox 704 2847 798 2872; x_wconf 84' lang='lat' dir='ltr'>excepta</span> <span class='ocrx_word' id='word_1_506' title='bbox 821 2844 841 2872; x_wconf 71' lang='lat' dir='ltr'>l,</span> <span class='ocrx_word' id='word_1_507' title='bbox 859 2846 937 2866; x_wconf 82' lang='lat' dir='ltr'>contra</span> <span class='ocrx_word' id='word_1_508' title='bbox 955 2843 1038 2869; x_wconf 72' lang='lat' dir='ltr'>codd..</span> <span class='ocrx_word' id='word_1_509' title='bbox 1057 2846 1152 2871; x_wconf 85' lang='lat' dir='ltr'>excepto</span> <span class='ocrx_word' id='word_1_510' title='bbox 1164 2843 1195 2871; x_wconf 73' lang='lat' dir='ltr'>E,</span> 
     </span>
     <span class='ocr_line' id='line_1_68' title="bbox 350 2883 512 2906; baseline -0.006 -1"><span class='ocrx_word' id='word_1_511' title='bbox 350 2883 439 2905; x_wconf 80' lang='lat' dir='ltr'>addunt</span> <span class='ocrx_word' id='word_1_512' title='bbox 456 2889 512 2906; x_wconf 78' lang='lat' dir='ltr'>esse.</span> 
     </span>
    </p>
   </div>
   <div class='ocr_carea' id='block_1_25' title="bbox 1222 2064 1224 2181">
    <p class='ocr_par' dir='ltr' id='par_1_27' title="bbox 1222 2064 1224 2181">
     <span class='ocr_line' id='line_1_69' title="bbox 1222 2064 1224 2181; baseline 0 0"><span class='ocrx_word' id='word_1_513' title='bbox 1222 2064 1224 2181; x_wconf 95' lang='lat' dir='ltr'> </span> 
     </span>
    </p>
   </div>
   <div class='ocr_carea' id='block_1_26' title="bbox 1222 2184 1225 2322">
    <p class='ocr_par' dir='ltr' id='par_1_28' title="bbox 1222 2184 1225 2322">
     <span class='ocr_line' id='line_1_70' title="bbox 1222 2184 1225 2322; baseline 0 995"><span class='ocrx_word' id='word_1_514' title='bbox 1222 2184 1225 2322; x_wconf 95' lang='lat' dir='ltr'> </span> 
     </span>
    </p>
   </div>
   <div class='ocr_carea' id='block_1_27' title="bbox 1251 2029 2103 2299">
    <p class='ocr_par' dir='ltr' id='par_1_29' title="bbox 1251 2029 2103 2299">
     <span class='ocr_line' id='line_1_71' title="bbox 1331 2029 2099 2067; baseline 0 -9"><span class='ocrx_word' id='word_1_515' title='bbox 1331 2030 1416 2058; x_wconf 83' lang='lat' dir='ltr'>Habet</span> <span class='ocrx_word' id='word_1_516' title='bbox 1430 2033 1524 2058; x_wconf 84' lang='lat' dir='ltr'>autem</span> <span class='ocrx_word' id='word_1_517' title='bbox 1540 2030 1608 2058; x_wconf 84' lang='lat' dir='ltr'>haec</span> <span class='ocrx_word' id='word_1_518' title='bbox 1622 2037 1688 2067; x_wconf 84' lang='lat' dir='ltr'>pars</span> <span class='ocrx_word' id='word_1_519' title='bbox 1703 2033 1824 2067; x_wconf 87' lang='lat' dir='ltr'>quatuor</span> <span class='ocrx_word' id='word_1_520' title='bbox 1839 2033 1940 2067; x_wconf 87' lang='lat' dir='ltr'>partes.</span> <span class='ocrx_word' id='word_1_521' title='bbox 1956 2029 1985 2058; x_wconf 90' lang='lat' dir='ltr'>ln</span> <span class='ocrx_word' id='word_1_522' title='bbox 1996 2029 2099 2066; x_wconf 67' lang='lat' dir='ltr'>prima</span> 
     </span>
     <span class='ocr_line' id='line_1_72' title="bbox 1251 2076 2100 2114; baseline -0.001 -9"><span class='ocrx_word' id='word_1_523' title='bbox 1251 2076 1387 2111; x_wconf 67' lang='lat' dir='ltr'>ostendit,</span> <span class='ocrx_word' id='word_1_524' title='bbox 1413 2077 1487 2113; x_wconf 89' lang='lat' dir='ltr'>quod</span> <span class='ocrx_word' id='word_1_525' title='bbox 1518 2076 1637 2114; x_wconf 87' lang='lat' dir='ltr'>Spiritus</span> <span class='ocrx_word' id='word_1_526' title='bbox 1665 2080 1778 2105; x_wconf 87' lang='lat' dir='ltr'>sanctus</span> <span class='ocrx_word' id='word_1_527' title='bbox 1806 2076 1998 2113; x_wconf 84' lang='lat' dir='ltr'>temporaliter</span> <span class='ocrx_word' id='word_1_528' title='bbox 2026 2084 2042 2104; x_wconf 86' lang='lat' dir='ltr'>a</span> <span class='ocrx_word' id='word_1_529' title='bbox 2070 2083 2100 2104; x_wconf 87' lang='lat' dir='ltr'>sc</span> 
     </span>
     <span class='ocr_line' id='line_1_73' title="bbox 1251 2122 2101 2160; baseline 0 -9"><span class='ocrx_word' id='word_1_530' title='bbox 1251 2123 1387 2157; x_wconf 82' lang='lat' dir='ltr'>mittitur,</span> <span class='ocrx_word' id='word_1_531' title='bbox 1416 2123 1499 2151; x_wconf 84' lang='lat' dir='ltr'>datur</span> <span class='ocrx_word' id='word_1_532' title='bbox 1520 2126 1548 2151; x_wconf 88' lang='lat' dir='ltr'>et</span> <span class='ocrx_word' id='word_1_533' title='bbox 1575 2123 1714 2160; x_wconf 74' lang='lat' dir='ltr'>procedit,</span> <span class='ocrx_word' id='word_1_534' title='bbox 1736 2126 1764 2152; x_wconf 87' lang='lat' dir='ltr'>et</span> <span class='ocrx_word' id='word_1_535' title='bbox 1788 2123 1840 2152; x_wconf 85' lang='lat' dir='ltr'>hoc</span> <span class='ocrx_word' id='word_1_536' title='bbox 1867 2122 2032 2152; x_wconf 74' lang='lat' dir='ltr'>deducendo</span> <span class='ocrx_word' id='word_1_537' title='bbox 2060 2122 2101 2151; x_wconf 83' lang='lat' dir='ltr'>ad</span> 
     </span>
     <span class='ocr_line' id='line_1_74' title="bbox 1252 2168 2100 2206; baseline 0 -9"><span class='ocrx_word' id='word_1_538' title='bbox 1252 2168 1444 2206; x_wconf 74' lang='lat' dir='ltr'>impossibile,</span> <span class='ocrx_word' id='word_1_539' title='bbox 1472 2169 1538 2206; x_wconf 85' lang='lat' dir='ltr'>quia</span> <span class='ocrx_word' id='word_1_540' title='bbox 1565 2169 1646 2198; x_wconf 84' lang='lat' dir='ltr'>aliter</span> <span class='ocrx_word' id='word_1_541' title='bbox 1673 2177 1728 2198; x_wconf 91' lang='lat' dir='ltr'>non</span> <span class='ocrx_word' id='word_1_542' title='bbox 1752 2172 1844 2198; x_wconf 90' lang='lat' dir='ltr'>essent</span> <span class='ocrx_word' id='word_1_543' title='bbox 1871 2168 1990 2198; x_wconf 89' lang='lat' dir='ltr'>indivisa</span> <span class='ocrx_word' id='word_1_544' title='bbox 2014 2176 2100 2206; x_wconf 81' lang='lat' dir='ltr'>opera</span> 
     </span>
     <span class='ocr_line' id='line_1_75' title="bbox 1253 2215 2103 2252; baseline -0.001 -8"><span class='ocrx_word' id='word_1_545' title='bbox 1253 2215 1402 2244; x_wconf 83' lang='lat' dir='ltr'>Trinitatis.</span> <span class='ocrx_word' id='word_1_546' title='bbox 1424 2215 1454 2244; x_wconf 93' lang='lat' dir='ltr'>In</span> <span class='ocrx_word' id='word_1_547' title='bbox 1474 2216 1604 2244; x_wconf 71' lang='lat' dir='ltr'>secunda</span> <span class='ocrx_word' id='word_1_548' title='bbox 1625 2216 1745 2244; x_wconf 85' lang='lat' dir='ltr'>ostendit</span> <span class='ocrx_word' id='word_1_549' title='bbox 1766 2224 1786 2243; x_wconf 79' lang='lat' dir='ltr'>ct</span> <span class='ocrx_word' id='word_1_550' title='bbox 1806 2215 1918 2244; x_wconf 72' lang='lat' dir='ltr'>minori</span> <span class='ocrx_word' id='word_1_551' title='bbox 1937 2223 1987 2252; x_wconf 90' lang='lat' dir='ltr'>per</span> <span class='ocrx_word' id='word_1_552' title='bbox 2009 2217 2103 2244; x_wconf 84' lang='lat' dir='ltr'>aucto-</span> 
     </span>
     <span class='ocr_line' id='line_1_76' title="bbox 1252 2261 2100 2299; baseline -0.001 -8"><span class='ocrx_word' id='word_1_553' title='bbox 1252 2263 1376 2297; x_wconf 86' lang='lat' dir='ltr'>ritatem,</span> <span class='ocrx_word' id='word_1_554' title='bbox 1398 2263 1474 2299; x_wconf 90' lang='lat' dir='ltr'>quod</span> <span class='ocrx_word' id='word_1_555' title='bbox 1498 2262 1578 2291; x_wconf 85' lang='lat' dir='ltr'>Pater</span> <span class='ocrx_word' id='word_1_556' title='bbox 1606 2262 1681 2291; x_wconf 89' lang='lat' dir='ltr'>misit</span> <span class='ocrx_word' id='word_1_557' title='bbox 1702 2262 1801 2290; x_wconf 89' lang='lat' dir='ltr'>Filium</span> <span class='ocrx_word' id='word_1_558' title='bbox 1827 2270 1883 2290; x_wconf 84' lang='lat' dir='ltr'>una</span> <span class='ocrx_word' id='word_1_559' title='bbox 1905 2269 1970 2290; x_wconf 88' lang='lat' dir='ltr'>cum</span> <span class='ocrx_word' id='word_1_560' title='bbox 1995 2261 2100 2299; x_wconf 88' lang='lat' dir='ltr'>Spiritu</span> 
     </span>
    </p>
   </div>
   <div class='ocr_carea' id='block_1_28' title="bbox 1222 2308 2100 2346">
    <p class='ocr_par' dir='ltr' id='par_1_30' title="bbox 1222 2308 2100 2346">
     <span class='ocr_line' id='line_1_77' title="bbox 1222 2308 2100 2346; baseline -0.002 -8"><span class='ocrx_word' id='word_1_561' title='bbox 1222 2325 1227 2342; x_wconf 66' lang='lat'>=,</span> <span class='ocrx_word' id='word_1_562' title='bbox 1253 2311 1363 2343; x_wconf 74' lang='lat' dir='ltr'>sancto.</span> <span class='ocrx_word' id='word_1_563' title='bbox 1385 2309 1423 2337; x_wconf 86' lang='lat' dir='ltr'>ita</span> <span class='ocrx_word' id='word_1_564' title='bbox 1451 2309 1527 2346; x_wconf 86' lang='lat' dir='ltr'>quod</span> <span class='ocrx_word' id='word_1_565' title='bbox 1548 2309 1667 2346; x_wconf 87' lang='lat' dir='ltr'>Spiritus</span> <span class='ocrx_word' id='word_1_566' title='bbox 1695 2311 1807 2337; x_wconf 85' lang='lat' dir='ltr'>sanctus</span> <span class='ocrx_word' id='word_1_567' title='bbox 1829 2308 1904 2337; x_wconf 88' lang='lat' dir='ltr'>misit</span> <span class='ocrx_word' id='word_1_568' title='bbox 1931 2308 2043 2342; x_wconf 89' lang='lat' dir='ltr'>Filium,</span> <span class='ocrx_word' id='word_1_569' title='bbox 2072 2308 2100 2337; x_wconf 91' lang='lat' dir='ltr'>in</span> 
     </span>
    </p>
   </div>
   <div class='ocr_carea' id='block_1_29' title="bbox 1252 2456 2100 2673">
    <p class='ocr_par' dir='ltr' id='par_1_31' title="bbox 1252 2456 2100 2564">
     <span class='ocr_line' id='line_1_78' title="bbox 1313 2456 2098 2485; baseline -0.001 -6"><span class='ocrx_word' id='word_1_570' title='bbox 1313 2457 1323 2472; x_wconf 83' lang='lat'>⁵</span> <span class='ocrx_word' id='word_1_571' title='bbox 1340 2456 1395 2485; x_wconf 85' lang='lat' dir='ltr'>Cap.</span> <span class='ocrx_word' id='word_1_572' title='bbox 1413 2458 1450 2479; x_wconf 77' lang='lat'>21.</span> <span class='ocrx_word' id='word_1_573' title='bbox 1466 2463 1487 2479; x_wconf 86' lang='lat' dir='ltr'>n.</span> <span class='ocrx_word' id='word_1_574' title='bbox 1507 2457 1542 2479; x_wconf 78' lang='lat'>32.</span> <span class='ocrx_word' id='word_1_575' title='bbox 1560 2469 1592 2473; x_wconf 89' lang='lat'><strong>—</strong></span> <span class='ocrx_word' id='word_1_576' title='bbox 1608 2457 1631 2478; x_wconf 90' lang='lat' dir='ltr'>ln</span> <span class='ocrx_word' id='word_1_577' title='bbox 1650 2458 1692 2479; x_wconf 80' lang='lat' dir='ltr'>hoc</span> <span class='ocrx_word' id='word_1_578' title='bbox 1710 2457 1760 2478; x_wconf 86' lang='lat' dir='ltr'>loco</span> <span class='ocrx_word' id='word_1_579' title='bbox 1777 2457 1911 2479; x_wconf 77' lang='lat' dir='ltr'>auctoritate</span> <span class='ocrx_word' id='word_1_580' title='bbox 1935 2456 2019 2483; x_wconf 82' lang='lat' dir='ltr'>codd.⁷</span> <span class='ocrx_word' id='word_1_581' title='bbox 2045 2456 2098 2478; x_wconf 90' lang='lat' dir='ltr'>edd.</span> 
     </span>
     <span class='ocr_line' id='line_1_79' title="bbox 1254 2494 2100 2524; baseline -0.002 -6"><span class='ocrx_word' id='word_1_582' title='bbox 1254 2497 1262 2517; x_wconf 76' lang='lat'>,1</span> <span class='ocrx_word' id='word_1_583' title='bbox 1277 2514 1281 2524; x_wconf 82' lang='grc'>,</span> <span class='ocrx_word' id='word_1_584' title='bbox 1301 2496 1313 2517; x_wconf 85' lang='lat'>8</span> <span class='ocrx_word' id='word_1_585' title='bbox 1331 2499 1353 2518; x_wconf 88' lang='lat' dir='ltr'>et</span> <span class='ocrx_word' id='word_1_586' title='bbox 1370 2496 1487 2524; x_wconf 80' lang='lat' dir='ltr'>originalis</span> <span class='ocrx_word' id='word_1_587' title='bbox 1505 2498 1556 2524; x_wconf 88' lang='lat' dir='ltr'>post</span> <span class='ocrx_word' id='word_1_588' title='bbox 1573 2494 1689 2524; x_wconf 73' lang='lat' dir='ltr'>Spiritzmn</span> <span class='ocrx_word' id='word_1_589' title='bbox 1706 2496 1817 2518; x_wconf 70' lang='lat' dir='ltr'>sanctum</span> <span class='ocrx_word' id='word_1_590' title='bbox 1838 2495 1960 2522; x_wconf 86' lang='lat' dir='ltr'>posuimus</span> <span class='ocrx_word' id='word_1_591' title='bbox 1977 2494 2033 2524; x_wconf 78' lang='lat' dir='ltr'>quia</span> <span class='ocrx_word' id='word_1_592' title='bbox 2050 2495 2100 2517; x_wconf 89' lang='lat' dir='ltr'>loco</span> 
     </span>
     <span class='ocr_line' id='line_1_80' title="bbox 1252 2532 1978 2564; baseline -0.001 -7"><span class='ocrx_word' id='word_1_593' title='bbox 1252 2534 1330 2564; x_wconf 78' lang='lat' dir='ltr'>quod,</span> <span class='ocrx_word' id='word_1_594' title='bbox 1349 2537 1372 2556; x_wconf 84' lang='lat' dir='ltr'>et</span> <span class='ocrx_word' id='word_1_595' title='bbox 1388 2537 1440 2562; x_wconf 87' lang='lat' dir='ltr'>post</span> <span class='ocrx_word' id='word_1_596' title='bbox 1453 2533 1567 2564; x_wconf 69' lang='lat' dir='ltr'>principii</span> <span class='ocrx_word' id='word_1_597' title='bbox 1583 2535 1736 2562; x_wconf 79' lang='lat' dir='ltr'>expunximus</span> <span class='ocrx_word' id='word_1_598' title='bbox 1752 2532 1919 2557; x_wconf 51' lang='lat' dir='ltr'>auctoritatem</span> <span class='ocrx_word' id='word_1_599' title='bbox 1936 2533 1978 2556; x_wconf 80' lang='lat' dir='ltr'>vol.</span> 
     </span>
    </p>

    <p class='ocr_par' dir='ltr' id='par_1_32' title="bbox 1252 2572 2100 2673">
     <span class='ocr_line' id='line_1_81' title="bbox 1314 2572 2100 2601; baseline -0.001 -5"><span class='ocrx_word' id='word_1_600' title='bbox 1314 2573 1324 2587; x_wconf 82' lang='lat'><strong>⁶</strong></span> <span class='ocrx_word' id='word_1_601' title='bbox 1341 2574 1391 2596; x_wconf 78' lang='lat' dir='ltr'>Vnt.</span> <span class='ocrx_word' id='word_1_602' title='bbox 1409 2580 1463 2596; x_wconf 83' lang='lat' dir='ltr'>cum</span> <span class='ocrx_word' id='word_1_603' title='bbox 1480 2573 1588 2595; x_wconf 85' lang='lat' dir='ltr'>omnibus</span> <span class='ocrx_word' id='word_1_604' title='bbox 1605 2573 1658 2595; x_wconf 89' lang='lat' dir='ltr'>cdd.</span> <span class='ocrx_word' id='word_1_605' title='bbox 1669 2591 1674 2600; x_wconf 90' lang='lat'><em>,</em></span> <span class='ocrx_word' id='word_1_606' title='bbox 1692 2576 1785 2601; x_wconf 77' lang='lat' dir='ltr'>excepta</span> <span class='ocrx_word' id='word_1_607' title='bbox 1807 2573 1828 2601; x_wconf 74' lang='lat' dir='ltr'>l,</span> <span class='ocrx_word' id='word_1_608' title='bbox 1846 2573 1957 2595; x_wconf 88' lang='lat' dir='ltr'>mendose</span> <span class='ocrx_word' id='word_1_609' title='bbox 1974 2572 2026 2601; x_wconf 68' lang='lat' dir='ltr'>ille,</span> <span class='ocrx_word' id='word_1_610' title='bbox 2046 2579 2100 2595; x_wconf 87' lang='lat' dir='ltr'>cou-</span> 
     </span>
     <span class='ocr_line' id='line_1_82' title="bbox 1252 2610 2099 2639; baseline -0.001 -5"><span class='ocrx_word' id='word_1_611' title='bbox 1252 2611 1417 2634; x_wconf 76' lang='lat' dir='ltr'>tradicentibus</span> <span class='ocrx_word' id='word_1_612' title='bbox 1434 2611 1542 2633; x_wconf 83' lang='lat' dir='ltr'>omnibus</span> <span class='ocrx_word' id='word_1_613' title='bbox 1559 2611 1639 2639; x_wconf 74' lang='lat' dir='ltr'>codd.;</span> <span class='ocrx_word' id='word_1_614' title='bbox 1657 2610 1694 2633; x_wconf 75' lang='lat' dir='ltr'>illi</span> <span class='ocrx_word' id='word_1_615' title='bbox 1709 2612 1806 2634; x_wconf 77' lang='lat' dir='ltr'>refertur</span> <span class='ocrx_word' id='word_1_616' title='bbox 1818 2611 1846 2634; x_wconf 84' lang='lat' dir='ltr'>ad</span> <span class='ocrx_word' id='word_1_617' title='bbox 1859 2611 1940 2633; x_wconf 89' lang='lat' dir='ltr'>Filium</span> <span class='ocrx_word' id='word_1_618' title='bbox 1957 2613 1978 2633; x_wconf 89' lang='lat' dir='ltr'>et</span> <span class='ocrx_word' id='word_1_619' title='bbox 1990 2611 2099 2639; x_wconf 82' lang='lat' dir='ltr'>Spiritum</span> 
     </span>
     <span class='ocr_line' id='line_1_83' title="bbox 1252 2653 1363 2673; baseline -0.009 -1"><span class='ocrx_word' id='word_1_620' title='bbox 1252 2653 1363 2673; x_wconf 87' lang='lat' dir='ltr'>sanctum.</span> 
     </span>
    </p>
   </div>
   <div class='ocr_carea' id='block_1_30' title="bbox 1467 2710 1882 2734">
    <p class='ocr_par' dir='ltr' id='par_1_33' title="bbox 1467 2710 1882 2734">
     <span class='ocr_line' id='line_1_84' title="bbox 1467 2710 1882 2734; baseline 0.002 -1"><span class='ocrx_word' id='word_1_621' title='bbox 1467 2710 1563 2733; x_wconf 68' lang='lat' dir='ltr'>NOTAE</span> <span class='ocrx_word' id='word_1_622' title='bbox 1580 2710 1617 2734; x_wconf 80' lang='lat' dir='ltr'>AD</span> <span class='ocrx_word' id='word_1_623' title='bbox 1635 2710 1882 2734; x_wconf 67' lang='lat' dir='ltr'>COMMENTARHJM.</span> 
     </span>
    </p>
   </div>
   <div class='ocr_carea' id='block_1_31' title="bbox 1253 2765 2099 2911">
    <p class='ocr_par' dir='ltr' id='par_1_34' title="bbox 1253 2765 2099 2911">
     <span class='ocr_line' id='line_1_85' title="bbox 1314 2765 2099 2795; baseline 0 -8"><span class='ocrx_word' id='word_1_624' title='bbox 1314 2765 1321 2779; x_wconf 88' lang='lat'>¹</span> <span class='ocrx_word' id='word_1_625' title='bbox 1342 2765 1392 2788; x_wconf 85' lang='lat' dir='ltr'>Vat.</span> <span class='ocrx_word' id='word_1_626' title='bbox 1410 2768 1501 2793; x_wconf 81' lang='lat' dir='ltr'>praeter</span> <span class='ocrx_word' id='word_1_627' title='bbox 1518 2765 1587 2787; x_wconf 76' lang='lat' dir='ltr'>fidem</span> <span class='ocrx_word' id='word_1_628' title='bbox 1605 2772 1659 2788; x_wconf 84' lang='lat' dir='ltr'>mss.</span> <span class='ocrx_word' id='word_1_629' title='bbox 1677 2769 1699 2788; x_wconf 83' lang='lat' dir='ltr'>et</span> <span class='ocrx_word' id='word_1_630' title='bbox 1715 2766 1751 2788; x_wconf 85' lang='lat' dir='ltr'>ed.</span> <span class='ocrx_word' id='word_1_631' title='bbox 1773 2767 1778 2788; x_wconf 92' lang='lat' dir='ltr'>l</span> <span class='ocrx_word' id='word_1_632' title='bbox 1800 2765 1828 2789; x_wconf 79' lang='lat' dir='ltr'>de</span> <span class='ocrx_word' id='word_1_633' title='bbox 1839 2765 1908 2789; x_wconf 83' lang='lat' dir='ltr'>modo</span> <span class='ocrx_word' id='word_1_634' title='bbox 1920 2766 1970 2788; x_wconf 87' lang='lat' dir='ltr'>loco</span> <span class='ocrx_word' id='word_1_635' title='bbox 1982 2766 2099 2795; x_wconf 69' lang='lat' dir='ltr'>quantum</span> 
     </span>
     <span class='ocr_line' id='line_1_86' title="bbox 1253 2803 2097 2834; baseline -0.001 -7"><span class='ocrx_word' id='word_1_636' title='bbox 1253 2804 1285 2827; x_wconf 81' lang='lat' dir='ltr'>ad</span> <span class='ocrx_word' id='word_1_637' title='bbox 1300 2804 1415 2832; x_wconf 68' lang='lat' dir='ltr'>modum,</span> <span class='ocrx_word' id='word_1_638' title='bbox 1435 2804 1519 2827; x_wconf 86' lang='lat' dir='ltr'>deinde</span> <span class='ocrx_word' id='word_1_639' title='bbox 1531 2807 1583 2832; x_wconf 85' lang='lat' dir='ltr'>post</span> <span class='ocrx_word' id='word_1_640' title='bbox 1593 2804 1750 2834; x_wconf 76' lang='lat' dir='ltr'>processionis</span> <span class='ocrx_word' id='word_1_641' title='bbox 1766 2805 1830 2828; x_wconf 81' lang='lat' dir='ltr'>addit</span> <span class='ocrx_word' id='word_1_642' title='bbox 1846 2810 1888 2827; x_wconf 77' lang='lat' dir='ltr'>seu</span> <span class='ocrx_word' id='word_1_643' title='bbox 1904 2804 2023 2827; x_wconf 73' lang='lat' dir='ltr'>missionis</span> <span class='ocrx_word' id='word_1_644' title='bbox 2034 2803 2097 2831; x_wconf 77' lang='lat' dir='ltr'>Filii,</span> 
     </span>
     <span class='ocr_line' id='line_1_87' title="bbox 1253 2842 2099 2873; baseline 0 -8"><span class='ocrx_word' id='word_1_645' title='bbox 1253 2842 1294 2872; x_wconf 78' lang='lat' dir='ltr'>qui</span> <span class='ocrx_word' id='word_1_646' title='bbox 1310 2844 1345 2866; x_wconf 80' lang='lat' dir='ltr'>est</span> <span class='ocrx_word' id='word_1_647' title='bbox 1359 2842 1457 2866; x_wconf 73' lang='lat' dir='ltr'>visibilis</span> <span class='ocrx_word' id='word_1_648' title='bbox 1475 2844 1496 2866; x_wconf 80' lang='lat' dir='ltr'>e!</span> <span class='ocrx_word' id='word_1_649' title='bbox 1512 2842 1643 2866; x_wconf 70' lang='lat' dir='ltr'>invisibilis.</span> <span class='ocrx_word' id='word_1_650' title='bbox 1661 2844 1692 2866; x_wconf 84' lang='lat' dir='ltr'>Et</span> <span class='ocrx_word' id='word_1_651' title='bbox 1708 2843 1752 2867; x_wconf 80' lang='lat' dir='ltr'>hoc</span> <span class='ocrx_word' id='word_1_652' title='bbox 1769 2843 1872 2873; x_wconf 73' lang='lat' dir='ltr'>quodam</span> <span class='ocrx_word' id='word_1_653' title='bbox 1889 2842 1958 2866; x_wconf 78' lang='lat' dir='ltr'>modo</span> <span class='ocrx_word' id='word_1_654' title='bbox 1970 2842 2099 2866; x_wconf 75' lang='lat' dir='ltr'>accidenta-</span> 
     </span>
     <span class='ocr_line' id='line_1_88' title="bbox 1254 2880 2073 2911; baseline -0.001 -7"><span class='ocrx_word' id='word_1_655' title='bbox 1254 2881 1320 2909; x_wconf 70' lang='lat' dir='ltr'>liter,</span> <span class='ocrx_word' id='word_1_656' title='bbox 1340 2887 1396 2905; x_wconf 74' lang='lat' dir='ltr'>cum</span> <span class='ocrx_word' id='word_1_657' title='bbox 1412 2881 1457 2905; x_wconf 73' lang='lat' dir='ltr'>ism</span> <span class='ocrx_word' id='word_1_658' title='bbox 1475 2881 1556 2905; x_wconf 73' lang='lat' dir='ltr'>missio</span> <span class='ocrx_word' id='word_1_659' title='bbox 1573 2883 1594 2905; x_wconf 76' lang='lat' dir='ltr'>el</span> <span class='ocrx_word' id='word_1_660' title='bbox 1611 2882 1671 2905; x_wconf 70' lang='lat' dir='ltr'>Filio</span> <span class='ocrx_word' id='word_1_661' title='bbox 1688 2882 1812 2906; x_wconf 55' lang='lat' dir='ltr'>conueniat</span> <span class='ocrx_word' id='word_1_662' title='bbox 1828 2883 1849 2905; x_wconf 80' lang='lat' dir='ltr'>et</span> <span class='ocrx_word' id='word_1_663' title='bbox 1866 2880 1968 2911; x_wconf 72' lang='lat' dir='ltr'>Spiritui</span> <span class='ocrx_word' id='word_1_664' title='bbox 1984 2882 2073 2905; x_wconf 75' lang='lat' dir='ltr'>sancto.</span> 
     </span>
    </p>
   </div>
  </div>
 </body>
</html>
