2253 3317
42 1441 86 1460 Alia
100 1441 176 1460 solutio.

801 139 1056 170 COMMENTARIUS
1077 138 1109 166 IN
1131 137 1319 166 PROLOGUM.

191 232 263 251 uem.
286 223 377 250 Prima
398 224 439 250 est
460 220 702 258 reprehensibilis,
723 219 788 256 quia
809 219 972 256 superbiae,
994 225 1033 246 se-

191 270 282 299 cunda
303 268 466 302 laudabilis,
488 268 553 304 quia
568 267 744 301 humititatis,
760 274 810 295 nec
831 269 872 294 est
886 264 1033 302 culpabilis

190 316 217 344 in
239 315 347 351 aliquo;
369 314 412 342 vir
440 314 514 342 enim
543 313 658 341 humilis
678 313 706 341 in
728 312 858 341 omnibus
871 312 878 326 ¹
900 310 1032 347 operibus

192 362 250 391 suis
271 369 300 390 se
322 363 432 398 reputat
448 360 594 396 indignum
615 362 642 388 et
662 359 742 395 quasi
755 361 1012 395 praesumtuosum.

551 437 618 465 Dun.
640 437 669 464 11.

267 500 334 528 Item
362 499 507 536 quaeritur
539 499 573 527 de
598 499 650 526 1100
681 498 755 535 quod
788 497 867 526 dicit:
900 496 1031 524 Prolatz's

190 545 302 573 duobus
324 545 455 573 denariis
475 544 715 581 sapmroycmti;
731 551 803 581 quae
818 544 853 572 sit
867 544 919 572 ista
937 550 1032 579 super-

189 592 319 629 erogatio.
336 592 368 620 Sz'
389 596 420 619 ta
441 591 534 624 dicas,
556 591 631 628 quod
653 591 687 619 sit
701 591 900 627 magistrorum
921 593 947 618 et
968 590 1032 617 San-

189 642 297 668 ctorum
319 638 509 675 superadditio
530 638 565 666 ad
581 646 688 666 sacram
708 638 897 674 Scripturam,
913 640 1030 669 contra,

188 685 375 714 Damascenus
388 685 413 713 2:
444 686 541 721 «Quae
562 684 663 712 tradita
685 687 750 712 sunt
770 684 849 712 nobis
865 691 916 720 per
931 683 1030 719 Legem

190 734 216 760 et
244 732 395 768 Prophetas
434 740 616 766 veneremur,
643 732 712 760 nihil
739 731 814 759 ultra
844 731 913 759 haec
944 730 1032 766 inqui-

188 781 318 807 rentes».

266 825 333 853 Item
347 847 353 859 ,
368 825 546 861 Apocalypsis
567 824 665 853 ultimo
676 824 703 851 ³:
727 824 760 852 Si
780 824 846 862 qais
861 822 1030 860 apposuerit

187 879 276 907 super
298 869 384 904 llaec,
406 875 530 908 apponet
550 871 577 899 ιη’
595 871 740 899 Dominus
759 870 873 908 plagas.

267 919 441 947 Resposnsso:
458 918 624 952 Dicendum,
646 918 721 954 quod
742 921 784 946 est
798 917 903 946 additio
925 916 1030 946 distra-

189 963 273 998 hens,
295 967 322 993 et
343 968 385 993 est
405 965 510 993 additio
531 964 682 1001 complens.
704 964 814 992 Addens
834 964 925 1000 primo
947 964 1029 992 modo

187 1019 241 1039 non
263 1014 458 1048 supererogat,
480 1011 528 1039 sed
550 1011 638 1048 magis
659 1010 789 1039 diminuit
820 1014 847 1039 et
878 1010 1028 1044 subvertit;

187 1060 214 1086 et
235 1058 303 1086 tales
324 1060 388 1086 sunt
410 1057 557 1091 haeretici,
578 1057 681 1094 quibus
695 1057 779 1085 datur
799 1056 965 1085 maledictio.
981 1057 1030 1085 Ad-

188 1105 256 1133 dens
281 1104 402 1133 secundo
430 1104 512 1132 modo
542 1107 737 1141 supererogat,
759 1105 825 1141 quia
846 1104 923 1133 salvo
945 1112 1029 1133 sensu

187 1150 364 1188 Scripturae⁴¹
393 1150 482 1187 ipsam
508 1150 650 1178 dilucidat.
673 1151 723 1179 Per
745 1150 817 1178 (laos
839 1151 924 1187 igitur
945 1151 1030 1178 dena-

186 1198 247 1226 rios
268 1198 324 1226 duo
349 1198 472 1234 intelligo
501 1198 690 1231 Testamenta,
712 1205 762 1234 per
784 1197 1027 1231 Sammo-itanum,

185 1244 341 1279 Christum,
356 1252 407 1281 per
420 1244 608 1277 semim'mmz,
624 1244 764 1272 hominem
786 1244 914 1281 gratuitis
931 1251 1029 1280 exspo-

187 1291 284 1319 liatum
312 1293 339 1319 et
360 1291 539 1319 vulneratum
561 1291 588 1319 in
613 1291 803 1325 naturalibus,
824 1290 895 1327 per⁵
916 1298 1029 1327 sapere-

188 1337 370 1374 royationem
391 1337 513 1374 intelligo
534 1337 675 1366 doctorem
696 1340 890 1374 exponentem.

264 1384 313 1413 Vel
335 1384 416 1413 aliter
437 1384 602 1418 dicendum,
624 1384 698 1420 quod
721 1387 762 1412 est
782 1383 902 1415 additio,
924 1383 951 1411 in
973 1392 1028 1420 qua

187 1431 312 1459 additum
335 1433 376 1459 est
407 1430 609 1463 eontrarium,
631 1433 658 1458 et
678 1430 753 1465 estss,
774 1430 801 1458 in
823 1438 879 1467 qua
900 1430 1027 1459 additum

185 1480 226 1506 est
247 1477 413 1511 diversam,
429 1480 455 1506 et
470 1480 523 1511 est,
544 1477 571 1505 111
587 1485 642 1513 qua
656 1477 783 1506 additum
799 1480 841 1506 est
860 1485 1027 1505 consumma.

185 1524 277 1552 Prima
296 1524 400 1552 additio
423 1527 464 1552 est
496 1524 614 1558 erroris,
644 1524 766 1552 secunda
797 1524 1027 1561 praesumtionis3

186 1571 251 1607 quia
282 1571 452 1607 praesumtio
482 1573 524 1599 est
552 1570 643 1598 dicere
664 1570 691 1598 111
714 1578 793 1598 sacra
818 1570 961 1607 Scriptura
982 1570 1029 1598 ali-

185 1617 252 1653 quid
274 1617 385 1645 omnino
407 1617 550 1645 diversum
565 1616 600 1644 ab
618 1616 677 1650 liis,
698 1624 769 1653 quae
790 1616 819 1644 in
840 1623 872 1644 ea
893 1624 1027 1653 expressa

186 1666 265 1698 sunt3
287 1663 368 1692 tertia
388 1663 479 1692 fidelis
506 1663 710 1697 instructionis;
731 1662 796 1699 quia
817 1662 892 1699 quod
913 1663 1027 1699 implici-

183 1713 243 1738 tum
264 1713 306 1739 est
327 1710 456 1747 explicat.

541 1788 608 1816 Dua.
629 1787 669 1815 111.

261 1850 328 1878 Item
344 1849 489 1886 quaeritur
504 1850 538 1878 de
553 1850 605 1878 hoc
626 1850 700 1886 quod
723 1850 802 1878 dicit:
820 1850 915 1885 Quam
936 1849 1027 1877 vincit

184 1895 266 1924 zelas
281 1896 384 1924 domus
397 1896 466 1929 Dei,
482 1896 545 1933 quis
560 1897 594 1924 sit
613 1896 664 1925 iste
679 1896 763 1925 zelus.
786 1897 816 1925 Et
835 1904 922 1933 quare
937 1897 1024 1933 magis

1894 133 1930 162 23

1088 215 1141 244 hoc
1171 215 1230 243 zelo
1261 214 1423 243 accenditur
1454 216 1549 242 contra
1577 211 1720 240 animales
1748 214 1775 239 et
1796 210 1931 239 carnales

1089 270 1173 298 quam
1195 263 1291 289 contra
1319 260 1455 297 superbos
1476 262 1503 287 et
1524 258 1592 287 alios
1613 260 1793 295 peccatores?
1815 258 1846 285 Et
1867 265 1931 286 cum

1090 308 1166 336 zelus
1187 308 1222 336 sit
1243 316 1321 335 amor
1342 307 1483 344 privatus,
1505 314 1560 334 non
1588 306 1699 334 videtur
1720 305 1795 341 quod
1817 304 1932 333 deberet

1089 355 1147 383 zelo
1168 354 1289 382 accendi.

1167 401 1345 435 Praeterea7,
1366 408 1429 429 011111
1453 400 1544 428 maius
1565 402 1709 437 peccatum
1731 398 1766 426 sit
1787 397 1930 434 superbia,

1090 448 1202 478 videtur
1216 448 1291 485 quod
1316 448 1404 484 magis
1419 447 1535 476 deberet
1549 447 1660 475 accendi
1676 448 1772 474 contra
1787 444 1931 481 superbos.

1167 495 1342 523 RESPONnEo:
1364 494 1403 523 Ad
1425 494 1547 530 primum
1571 492 1736 526 dicendum,
1758 490 1832 527 quod
1854 490 1931 518 zelus

1088 544 1130 569 est
1150 549 1228 569 amor
1249 541 1346 569 nolens
1360 540 1464 569 habere
1479 539 1647 568 consortium
1675 538 1701 566 in
1723 540 1823 566 amato.
1848 536 1930 564 Zelus

1088 587 1179 616 malus
1201 587 1269 616 vitat
1289 595 1370 616 omne
1392 587 1578 620 consortium,
1601 586 1649 614 sed
1668 585 1744 614 zelus
1759 584 1848 612 bonus
1863 583 1931 611 vitat

1089 636 1196 662 tantum
1218 633 1324 662 malum
1333 633 1351 668 ἦ
1366 633 1441 662 unde
1462 633 1521 662 veri
1543 632 1676 661 zelatores
1695 632 1795 660 domus
1810 630 1859 659 Dei
1876 637 1930 658 non

1088 683 1204 716 possunt
1219 680 1315 708 videre
1329 680 1356 708 in
1370 680 1489 708 Ecclesia
1504 679 1578 713 vitia,
1594 678 1660 715 quin
1676 678 1821 714 insurgant
1835 679 1931 705 contra

1087 725 1154 762 ipsa.
1184 726 1260 755 Unde
1288 727 1396 755 Ioannis
1418 728 1539 755 secundo
1577 725 1644 753 dicit
1665 724 1793 752 Glossa⁹z
1823 736 1833 747 «
1848 723 1930 751 Zelus

1088 773 1179 801 11011115
1200 776 1256 807 est,
1278 781 1333 809 quo
1351 773 1479 807 animus,
1501 772 1607 800 abiecto
1622 772 1744 799 humano
1760 770 1874 804 timore,
1889 777 1931 798 ac-

1087 819 1215 848 cenditur
1229 822 1256 847 et
1270 826 1302 847 eo
1317 819 1487 853 comeditur,
1510 826 1565 855 quo
1581 818 1721 855 quaelibet
1740 824 1836 854 prava,
1858 823 1930 853 quae

1086 867 1202 901 viderit,
1232 867 1371 903 corrigere
1399 866 1513 903 satagit,
1541 868 1568 893 et
1589 865 1611 893 si
1632 864 1804 901 nequiverit,
1831 863 1930 891 tolerat

1086 917 1113 942 et
1133 914 1218 950 gemit
1239 927 1265 941 ».

1164 960 1202 989 Ad
1224 960 1378 989 secundum
1400 959 1562 990 dicendum,
1583 958 1658 995 quod
1678 957 1806 994 Magister
1828 957 1930 994 specia-

1086 1008 1149 1036 liter
1169 1008 1196 1035 in
1225 1006 1345 1035 Ecclesia
1373 1006 1479 1034 zelabat
1507 1005 1607 1038 fidem,
1629 1007 1656 1033 et
1678 1004 1739 1032 ideo
1761 1004 1849 1040 magis
1871 1011 1930 1031 suc-

1086 1053 1287 1083 (tendebaturlo
1308 1055 1404 1082 contra
1425 1051 1489 1080 fidei
1512 1054 1697 1088 corruptores.
1710 1050 1862 1087 Dupliciter
1884 1058 1930 1077 au-

1087 1104 1141 1129 tem
1163 1100 1317 1137 corrumpit
1341 1100 1403 1136 quis
1425 1099 1523 1128 fidem:
1546 1102 1594 1127 aut
1624 1101 1716 1126 motus
1746 1096 1929 1134 perversitate

1085 1147 1235 1175 voluntatis
1257 1150 1284 1175 et
1315 1145 1485 1179 affectionis3
1516 1148 1543 1173 et
1574 1144 1618 1173 1110
1650 1144 1751 1173 dicitur
1787 1142 1927 1171 carnalis.

1086 1194 1152 1221 Nam
1182 1201 1246 1221 caro
1278 1193 1380 1221 dicitur
1412 1193 1457 1221 hic
1489 1191 1608 1221 carnalis
1628 1191 1751 1223 affectio,
1773 1189 1927 1218 secundum

1086 1240 1156 1268 illud
1177 1240 1213 1268 ad
1233 1239 1342 1268 Galatas
1370 1239 1466 1276 quinto
1478 1238 1510 1265 ¹¹:
1542 1250 1552 1261 «
1569 1235 1725 1273 Manifesta
1750 1239 1820 1264 sant
1840 1244 1929 1272 opera

1085 1286 1186 1314 caruis
1208 1289 1281 1314 etc.»
1303 1286 1360 1313 Alio
1375 1285 1458 1313 modo
1479 1285 1633 1321 corrumpit
1654 1284 1731 1320 quis,
1753 1286 1846 1311 motus
1862 1290 1929 1319 per-

1085 1333 1215 1361 versitate
1230 1332 1352 1366 z'mtz‘oa';
1366 1335 1393 1360 et
1407 1332 1452 1360 hic
1467 1331 1569 1360 dicitur
1583 1331 1734 1365 (animalis,
1750 1331 1829 1367 quasi
1844 1331 1929 1367 phan-

1087 1380 1216 1414 tasticus,
1242 1380 1308 1416 quia
1337 1379 1499 1416 phantasiae
1528 1381 1694 1415 pervertunt
1721 1377 1857 1406 iudicium
1888 1384 1929 1404 ra-

1085 1427 1175 1456 tionis.

1439 1565 1507 1593 Dun.
1528 1564 1571 1593 1V.

1142 1662 1222 1697 Quas
1244 1660 1327 1698 biyas
1347 1659 1443 1697 ayilat
1463 1658 1494 1686 iit
1513 1658 1595 1686 nobis
1618 1656 1728 1686 Clu-isti
1748 1656 1869 1685 caritas.

1163 1756 1289 1783 CONTRA:
1306 1752 1476 1784 Ecclesiastis
1492 1760 1564 1779 110110
1578 1751 1611 1779 ¹²:
1635 1750 1723 1778 Nemo
1738 1750 1808 1784 scit,
1823 1753 1926 1778 utrum

1086 1802 1166 1836 odio,
1188 1810 1229 1829 an
1250 1808 1350 1829 amore
1371 1799 1478 1836 cliyaus
1498 1798 1546 1825 sit.

1162 1849 1336 1876 Rsssrounno:
1358 1845 1528 1878 Dicendum,
1550 1844 1625 1880 quod
1647 1844 1747 1872 caritas
1765 1851 1821 1871 uno
1842 1842 1925 1870 modo

1084 1895 1150 1924 dicit
1164 1895 1296 1924 virtutem
1311 1893 1474 1930 gratuitam,
1495 1892 1550 1920 alio
1571 1890 1654 1920 modo
1668 1890 1735 1919 dicit
1755 1890 1832 1926 large
1853 1896 1926 1916 amo—

246 2090 254 2102 ¹
273 2092 324 2114 Vat.
342 2098 395 2114 cum
413 2093 539 2114 recentiore
551 2092 601 2114 cod.
620 2098 645 2114 cc
661 2098 703 2115 nec
725 2093 760 2114 est
782 2090 908 2121 culpabilis
920 2109 925 2119 ,
939 2090 980 2120 qui
1001 2090 1026 2113 in

187 2130 311 2159 omnibus,
335 2137 394 2160 quae
412 2132 476 2153 lectio
502 2132 579 2153 mutila
600 2131 728 2160 exindeque
744 2131 793 2153 vim
809 2130 875 2153 dictis
897 2130 1025 2153 distrahens

184 2171 306 2193 resarcitur
323 2177 349 2192 ex
367 2169 533 2198 antiquioribus
550 2176 604 2192 mss.
622 2173 644 2192 et
659 2170 695 2192 ed.
715 2171 735 2192 11.

248 2208 256 2220 ’”“
273 2209 335 2231 Libr.
356 2209 369 2231 Ι.
388 2209 416 2231 (10
433 2209 487 2231 Fide
504 2209 593 2231 orthod.
611 2215 630 2231 0.
649 2210 657 2231 lt
672 2215 677 2231 ;
695 2209 774 2231 Omnia
785 2227 790 2237 ,
814 2215 873 2238 quae
895 2208 962 2231 nobis
978 2211 1024 2230 tam

192 2254 234 2276 per
250 2248 336 2276 Legem
353 2250 375 2269 et
391 2247 524 2276 Prophetas,
541 2254 610 2276 quam
628 2254 670 2276 per
686 2248 806 2276 Apostolos
827 2250 849 2270 et
871 2248 1026 2275 Evangelistas

186 2287 267 2310 tradita
286 2290 349 2315 sunt,
367 2287 537 2314 amplectimur,
555 2288 702 2315 agnoscimus
719 2290 740 2309 et
751 2293 902 2314 venerantum
915 2293 956 2309 nec
968 2286 1025 2308 ultra

186 2333 213 2348 ea
230 2325 359 2354 quidquam
376 2326 561 2353 inquirimus.—
572 2325 595 2347 ln
613 2332 659 2354 quo
677 2328 738 2348 textu
755 2326 806 2348 Vat.
818 2327 871 2353 post
881 2324 948 2348 ultra
963 2326 1026 2347 omit-

185 2365 213 2387 tit
229 2364 301 2392 hswc,
321 2363 385 2392 quod
402 2364 425 2385 in
443 2364 489 2385 tere
507 2363 615 2386 omnibus
632 2370 686 2386 mss.
704 2367 725 2386 et
742 2364 778 2386 ed.
797 2365 805 2386 ·Ι
827 2363 932 2386 habetur.

248 2402 257 2413 ⁵
274 2403 339 2425 Vers.
365 2403 392 2424 118
404 2420 409 2430 ,
427 2401 466 2424 uhi
483 2402 534 2424 Vat.
551 2408 604 2424 cum
629 2403 727 2430 Vulgata
745 2404 822 2425 contra
840 2408 895 2425 mss.
912 2405 934 2424 et
950 2402 986 2424 ed.
1005 2403 1025 2423 11.

187 2441 219 2465 ud
235 2441 292 2464 haec
310 2447 352 2469 pro
370 2447 442 2470 saper
458 2440 515 2464 haec
524 2449 532 2468 ,·
551 2441 634 2463 deinde
651 2441 749 2469 Vulgata
766 2442 821 2469 legit
841 2442 941 2470 apponet
962 2441 1026 2464 Deus

186 2486 259 2510 super
275 2479 344 2503 illum
357 2479 451 2509 playus.
879 2480 882 2481 ’

248 2517 255 2530 ‘
273 2518 417 2540 Faventinus
434 2518 592 2546 antiquoribus
609 2525 664 2541 mss.
682 2522 703 2541 et
719 2519 756 2541 ed.
774 2520 782 2541 ¹1
805 2525 847 2541 nec.
864 2525 909 2541 non
926 2521 1026 2542 constru-

189 2559 262 2580 ctione
280 2557 453 2585 grammaticali,
472 2556 632 2579 substituimus
648 2556 786 2587 Scripturae
803 2558 852 2580 1000
864 2557 1023 2587 Scriptwmn,

187 2596 251 2625 quod
268 2596 319 2618 Vat.
341 2602 393 2618 cum
412 2597 536 2618 recentiore
548 2596 599 2618 cod.
617 2602 642 2619 cc
659 2596 734 2619 habet.

249 2633 258 2645 ‘²
275 2635 349 2656 Minus
368 2635 427 2656 clare
445 2635 496 2657 Vat.
514 2641 567 2657 cum
585 2635 635 2657 cod.
653 2641 678 2657 00
695 2635 749 2663 legit
761 2636 783 2658 et*
793 2635 843 2657 1000
850 2640 908 2665 per,
926 2634 1026 2657 obniten-

186 2674 249 2697 tibus
265 2673 430 2696 vetustioribus
448 2679 503 2696 mss.
521 2680 574 2696 cum
592 2674 627 2696 ed.
646 2675 666 2696 11.

250 2711 258 2723 ⁵
276 2712 331 2735 Cod.
349 2712 365 2734 N
388 2713 425 2734 1110
442 2715 463 2734 et
480 2712 548 2739 paulo
565 2715 617 2739 post
634 2713 715 2740 repetit
731 2712 830 2735 verbum
847 2712 941 2736 additio.

249 2749 257 2762 ⁷
275 2751 325 2773 Vat.
344 2753 435 2779 praeter
453 2750 522 2772 tidem
540 2757 594 2773 mss.
612 2754 634 2773 et
650 2757 688 2773 sex
706 2752 833 2779 primarum
850 2751 902 2774 edd.
919 2752 983 2774 Item.

251 2788 260 2800 ¹³
272 2790 302 2811 Su
310 2790 363 2818 pple
374 2796 378 2812 :
392 2790 539 2811 consortium.
550 2801 582 2805 —
592 2789 668 2811 Lectio
685 2790 707 2812 in
725 2792 811 2812 textum
828 2793 918 2818 recepta
931 2792 953 2813 et
964 2796 1027 2818 prae-

189 2828 322 2850 cedentibus
335 2828 475 2850 conformior
486 2827 646 2856 suppeditatur
657 2835 669 2850 a
682 2834 735 2851 mss.
748 2829 914 2857 antiquioribus
926 2835 952 2851 ac
963 2829 999 2851 ed.
1013 2830 1021 2851 Ἰ1

186 2873 230 2894 pro
248 2867 343 2890 lectione
360 2867 411 2889 Vat.
424 2867 504 2889 etcod.
518 2873 543 2889 cc
554 2866 637 2889 vitulos.
654 2879 685 2883 —
701 2867 750 2889 Mox
767 2867 936 2896 perturbatam,
953 2868 1025 2890 immo

187 2906 322 2928 mendosam
353 2907 473 2929 lectionem
499 2906 548 2928 Vat.
576 2909 598 2928 et
625 2912 752 2934 paucorum
780 2906 847 2929 codd.
870 2910 895 2929 ut
916 2907 972 2929 AFK
1000 2913 1025 2929 cc

1082 2096 1142 2120 quae
1164 2089 1295 2118 insurgam
1317 2089 1400 2112 contra
1413 2087 1490 2118 {nsum
1501 2087 1677 2109 emendarimus
1693 2093 1738 2114 ope
1755 2087 1852 2110 aliorum
1868 2092 1923 2108 mss.

1081 2132 1104 2152 et
1120 2129 1156 2151 ed.
1176 2129 1196 2150 11.

1145 2166 1154 2178 ⁹
1171 2168 1249 2190 Glossa
1267 2166 1330 2194 apud
1348 2166 1463 2193 Lyranum
1482 2166 1523 2188 loe.
1542 2166 1577 2188 cit.
1595 2172 1617 2187 v.
1637 2165 1672 2187 119.
1690 2166 1719 2187 ita
1737 2165 1822 2187 habet:
1847 2165 1924 2187 Bonus

1084 2207 1146 2229 zelus
1171 2208 1205 2228 est
1230 2207 1307 2228 fervor
1324 2206 1406 2233 animi,
1424 2211 1471 2233 quo
1488 2210 1564 2232 mens,
1583 2204 1672 2226 abiecto
1700 2205 1801 2226 humano
1827 2205 1922 2231 timore,

1083 2251 1125 2273 pro
1143 2245 1275 2267 defensione
1291 2245 1393 2266 veritatis
1409 2243 1548 2266 accenditur.
1564 2242 1599 2264 Ab
1616 2249 1644 2265 eo
1656 2242 1784 2265 comeditur
1800 2243 1840 2271 qui
1857 2248 1924 2271 quae-

1086 2284 1139 2306 libet
1157 2290 1243 2312 prava,
1262 2289 1321 2312 quae
1338 2282 1434 2311 viderit,
1452 2283 1567 2310 corrigere
1585 2283 1677 2310 satagit3
1695 2282 1714 2304 si
1731 2282 1822 2310 nequit,
1847 2282 1926 2303 tolerat

1083 2326 1105 2345 et
1122 2323 1199 2350 gemit.
1216 2334 1248 2338 —
1265 2321 1345 2350 Quoad
1362 2321 1462 2349 primam
1472 2321 1652 2349 propositionem
1665 2320 1715 2343 cod.
1733 2320 1751 2342 Ο
1768 2321 1842 2348 magis
1854 2326 1924 2348 quam

1083 2362 1151 2384 ceteri
1168 2361 1235 2383 codd,
1248 2367 1301 2383 cum
1313 2361 1414 2388 allegatis
1426 2360 1544 2387 convenit,
1562 2360 1614 2388 quia
1632 2362 1685 2387 post
1701 2359 1784 2382 timore
1801 2359 1923 2389 babetpro

1083 2399 1214 2429 defensione
1230 2399 1350 2427 meminis,-
1363 2399 1440 2428 quoad
1452 2398 1577 2420 secundam
1590 2399 1770 2426 propositionem
1782 2398 1832 2420 Vat.
1844 2404 1856 2420 a
1868 2404 1923 2420 mss.

1083 2442 1105 2462 et
1123 2439 1159 2461 ed.
1178 2440 1186 2460 t
1209 2439 1330 2461 discedens
1342 2439 1396 2466 legit
1408 2437 1481 2461 temlz't
1491 2438 1518 2460 ut
1528 2443 1571 2465 pro
1583 2437 1713 2460 comeditur
1724 2443 1770 2467 quo
1787 2443 1813 2459 ae
1830 2440 1925 2465 propter

1082 2479 1193 2501 variatam
1210 2479 1402 2500 constructionem
1419 2479 1440 2499 in
1458 2477 1503 2499 fine
1520 2477 1682 2505 propositionis
1697 2477 1804 2506 satagat,
1824 2476 1920 2505 toleret,

1082 2518 1166 2547 gyemut.

1145 2555 1164 2568 ¹⁰
1181 2556 1231 2578 Vat.
1248 2555 1363 2585 Magister
1375 2554 1552 2578 accendebatur.
1565 2555 1656 2577 Omnes.
1669 2561 1723 2577 mss.
1736 2555 1820 2577 liabent
1830 2560 1923 2578 saccen-

1083 2594 1197 2622 (chatar,·
1223 2595 1301 2622 plures
1324 2600 1380 2616 vero
1410 2597 1435 2616 ut
1461 2594 1479 2616 Μ
1506 2600 1532 2616 aa
1549 2593 1581 2616 bb
1599 2600 1625 2616 ee
1641 2593 1718 2623 magis
1735 2600 1777 2621 pro
1793 2593 1921 2623 Magister,

1083 2640 1153 2662 quam
1171 2634 1290 2655 lectionem
1315 2636 1425 2661 tanquam
1442 2633 1508 2655 unice
1519 2638 1611 2660 veram,
1629 2634 1707 2660 utpote
1724 2631 1845 2654 obiectioni
1857 2637 1922 2659 supe-

1082 2674 1130 2695 rius
1148 2673 1235 2700 positae
1252 2672 1406 2699 conformem,
1425 2671 1582 2699 praeterimus.
1594 2671 1662 2692 Error
1674 2670 1770 2692 aliorum
1782 2676 1836 2692 mss.
1848 2669 1922 2692 facilli-

1083 2718 1135 2734 mus
1152 2718 1178 2733 ex
1196 2717 1223 2733 00
1240 2710 1366 2739 iudicatur,
1384 2710 1447 2739 quod
1459 2710 1505 2732 duo
1517 2711 1558 2732 ista
1570 2709 1683 2732 vocabula
1694 2709 1776 2731 eodem
1793 2709 1840 2731 sere
1852 2708 1921 2730 modo

1084 2750 1255 2773 abbreviantur.

1146 2788 1163 2803 Π
1184 2789 1247 2816 Vers,
1267 2789 1308 2816 118,
1326 2788 1365 2810 ubi
1382 2788 1482 2816 Vulgata
1503 2790 1555 2816 post
1570 2789 1628 2810 sunt
1643 2787 1706 2809 addit
1722 2788 1807 2810 autem.
1824 2799 1856 2803 —
1871 2787 1921 2809 Mox

1086 2831 1138 2856 post
1156 2827 1208 2857 quis
1226 2827 1309 2855 supple
1324 2826 1406 2857 fidem,
1426 2826 1488 2855 quod
1505 2829 1527 2848 et
1543 2826 1578 2848 ed.
1598 2827 1606 2848 1
1628 2825 1702 2848 habet.

1146 2866 1165 2881 ¹2
1182 2866 1247 2888 Vers.
1263 2866 1271 2887 11
1282 2884 1288 2894 ,
1300 2867 1322 2887 in
1334 2872 1381 2894 quo
1393 2868 1453 2888 textu
1466 2866 1606 2888 restituimus
1617 2871 1644 2887 ex
1655 2865 1732 2887 multis
1743 2870 1797 2887 mss.
1809 2864 1859 2887 utA
1868 2865 1920 2886 FGI

1082 2907 1101 2928 Κ
1113 2906 1131 2928 Τ
1144 2908 1185 2928 etc.
1198 2908 1220 2928 et
1231 2905 1267 2927 ed.
1281 2905 1289 2926 t
1301 2923 1307 2933 ‚
1320 2911 1345 2927 ac
1358 2905 1456 2933 Vulgata
1467 2905 1551 2927 utrum
1562 2905 1612 2926 1000
1623 2910 1662 2927 aa.
