2253 3317
81 1543 150 1566 Opinio
163 1544 180 1562 1.

696 119 779 147 DIST.
801 118 865 146 VIII.
886 117 914 145 P.
934 118 963 146 II.
984 117 1057 145 ART.
1079 116 1194 145 UNICUS
1215 115 1350 152 QUAEST.
1371 115 1411 143 ΙΙΙ.

190 201 325 235 quantum
346 197 382 226 ad
402 197 538 225 rationem
558 196 712 233 potentiae3
732 198 759 224 et
779 196 832 224 hoc
856 195 940 223 etiam
964 194 1030 223 dicit

190 243 413 280 Philosophus¹:
443 242 543 271 «Sicut
564 243 657 270 anima
677 242 713 270 ad
735 249 849 278 corpus,
870 241 909 270 sic
936 243 1030 278 partes

190 290 298 318 animae
318 289 353 318 ad
374 291 468 326 partes
489 289 650 325 corporis».

269 337 294 364 5.
315 336 395 367 Item,
417 335 440 363 si
454 335 546 362 anima
566 337 608 362 est
622 336 677 362 tota
698 334 726 362 in
744 333 868 370 qualibet
881 336 960 370 parte
974 340 1032 361 cor-

190 381 281 419 poris,
302 389 368 418 ergo
388 384 445 409 tota
472 383 514 409 est
534 381 562 408 in
583 388 684 413 manu;
705 380 755 408 sed
778 379 890 416 quando
917 378 1031 415 aliquod

190 431 279 456 totum
300 431 342 456 est
362 428 390 455 in
410 427 517 463 aliquo,
532 429 661 455 movetur
683 426 730 454 illo
746 428 820 454 moto
832 425 853 453 ²:
874 433 940 462 ergo
958 427 1032 452 mota

189 482 287 508 manu,
302 476 431 502 movetur
445 473 546 507 anima,
560 475 588 500 et
602 472 743 506 similiter,
759 480 844 500 manu
858 471 1032 508 quiescente,

190 521 319 557 quiescit:
342 527 408 556 ergo
429 527 493 548 cum
508 526 608 546 manus
629 526 685 546 una
706 518 792 555 possit
812 517 927 551 moveri,
945 516 1033 544 altera

189 567 327 595 existente
354 566 382 594 in
410 565 518 602 quiete,
539 565 632 593 anima
659 572 716 592 una
737 567 764 592 et
791 564 889 592 eadem
914 570 1033 591 numero

191 612 275 641 simul
296 612 413 649 quiescit
433 614 460 640 et
480 614 610 639 movetur
631 611 787 639 secundum
808 610 892 639 idem.

270 659 295 686 6.
316 658 396 692 Item,
412 658 435 686 si
449 658 542 685 anima
556 659 597 685 est
612 657 640 684 in
658 656 789 693 pluribus
803 656 931 693 partibus
943 655 952 668 ⁸
968 657 1033 688 tota,

190 712 246 741 qua
266 704 372 732 ratione
393 704 421 732 in
439 704 542 737 tribus,
564 703 663 731 eadem
683 703 790 731 ratione
811 702 839 730 in
854 702 992 739 pluribus,
1007 703 1034 729 et

190 751 228 779 ita
248 751 275 779 in
297 750 422 784 infinitis,
443 753 471 778 et
491 753 750 786 quantumcumque
777 749 946 777 extendatur
978 756 1035 776 cor-

190 805 257 834 pus:
283 805 349 833 ergo
366 796 459 824 anima
481 799 542 824 nata
565 798 606 824 est
630 803 691 824 esse
712 795 829 832 ubique,
854 798 881 823 et
899 795 937 823 ita
961 794 1035 822 vide-

190 846 253 877 tur,
274 843 350 880 quod
377 843 470 871 anima
498 850 552 870 non
581 842 616 871 sit
643 842 798 870 substantia
825 841 957 874 limitata,
985 840 1032 868 sed

192 889 338 917 immensa.

270 937 296 963 7.
317 935 398 969 Item,
419 935 441 963 si
457 937 513 963 tota
527 934 620 963 anima
641 937 683 963 est
698 935 725 962 in
740 941 826 962 manu
840 933 912 962 sicut
932 933 959 961 in
973 932 1035 961 aliis

191 982 334 1019 partibus:
356 989 423 1017 ergo
444 988 508 1009 cum
530 981 586 1009 vita
608 980 642 1008 sit
664 980 720 1008 ab‘¹
742 980 849 1013 anima,
871 987 926 1007 non
947 979 1035 1015 magis

190 1028 289 1064 recipit
302 1030 410 1055 motum
425 1029 452 1055 et
467 1034 578 1055 sensum
596 1034 695 1054 manus
710 1034 726 1053 a
740 1025 833 1059 corde,
848 1033 932 1062 quam
944 1033 959 1053 e
974 1033 1035 1053 con-

192 1081 281 1103 verso.
303 1074 356 1102 Hoc
375 1076 468 1101 autem
483 1076 524 1101 est
545 1075 641 1101 contra
655 1079 751 1100 omnes
772 1071 988 1109 philosophos-‘⁵3
1009 1074 1036 1099 et

193 1120 319 1157 sequItur
334 1127 369 1148 ex
391 1119 443 1147 hoc
457 1119 512 1147 tale
532 1118 742 1152 inconveniens,
763 1117 854 1154 quod,
875 1117 947 1146 sicut
961 1117 1035 1146 laeso

193 1166 276 1195 corde
297 1166 370 1203 perit
390 1158 462 1199 vita,
483 1165 520 1193 ita
542 1165 617 1193 laesa
637 1172 731 1192 manu.

507 1265 716 1287 CONCLUSIO.

261 1352 372 1380 Anima
393 1351 551 1379 rationalis
572 1354 613 1378 est
633 1354 691 1378 tota
716 1350 747 1378 'ln
769 1354 824 1378 toto
846 1359 967 1387 corpore

408 1400 433 1425 el
455 1400 513 1425 tota
535 1397 565 1424 z'n
587 1396 712 1434 qualibet
730 1399 823 1433 parte.

273 1491 444 1519 RESPONDEo:
467 1490 629 1524 Dicendum,
645 1490 719 1526 quod
734 1489 820 1526 aliqui
837 1489 945 1524 dicunt,
960 1490 1035 1526 quod

194 1537 286 1565 anima
300 1536 455 1565 secundnm
469 1536 617 1565 essentiam
639 1538 680 1564 est
700 1535 727 1563 in
743 1535 836 1572 aliqua
850 1538 929 1572 parte
949 1536 1037 1564 deter-

194 1584 312 1618 minate,
344 1583 497 1611 secundum
519 1582 669 1619 potentiam
695 1590 762 1610 vero
789 1585 831 1610 est
850 1584 877 1610 et
898 1582 988 1610 influit
1010 1583 1034 1610 in

196 1632 251 1658 toto
265 1637 393 1666 corpore,
409 1629 480 1657 sicut
494 1636 596 1657 aranea
610 1630 651 1656 est
665 1628 693 1656 in
708 1628 787 1656 tela⁶.
803 1628 879 1656 Unde
894 1628 1036 1662 dixerunt,

195 1676 270 1713 quod
290 1678 332 1704 est
352 1676 379 1704 in
394 1675 486 1709 corde,
508 1675 573 1712 quia
594 1683 641 1703 cor
655 1677 696 1703 est
718 1674 889 1703 domicilium
904 1674 988 1709 vitae,
1011 1677 1037 1703 et

195 1722 255 1751 eius
269 1722 437 1750 inhabitator
458 1724 499 1750 est
514 1721 613 1749 anima.
636 1721 666 1748 Et
684 1720 719 1748 ad
734 1720 786 1749 hoc
807 1720 968 1757 ponendum
982 1728 1038 1748 mo-

195 1768 235 1796 vit
254 1776 301 1797 eos
315 1768 542 1804 experimentum
558 1775 621 1795 cum
636 1765 748 1803 defectu
768 1766 903 1794 rationis.
920 1767 1038 1803 Experi-

194 1817 336 1847 mentum,
358 1814 424 1850 quia
444 1813 590 1842 visibiliter
611 1815 741 1850 apparet,
762 1813 837 1849 quod
859 1813 933 1841 laeso
954 1813 1037 1841 corde

195 1863 341 1898 separatur
361 1860 468 1894 anima,
490 1863 517 1888 et
537 1860 573 1888 ab
593 1859 653 1896 ipso
667 1859 729 1888 fluit
742 1859 750 1872 ⁷
773 1867 870 1888 sensus
889 1862 916 1887 et
937 1862 1037 1891 motus,

195 1910 222 1935 et
243 1910 284 1935 est
298 1906 457 1935 membrum
478 1906 570 1934 nobile
584 1906 708 1934 existens
723 1906 750 1934 in
766 1906 872 1939 medio,
893 1906 965 1934 sicut
979 1913 1039 1934 cen-

1874 114 1924 141 171

1086 196 1163 221 trum
1187 193 1321 229 corporis.
1342 191 1476 229 Defectus
1499 191 1645 224 rationis,
1668 191 1733 228 quia
1753 198 1808 219 non
1835 193 1930 227 potue-

1086 242 1153 267 runt
1167 239 1333 275 intelligere,
1348 238 1487 274 quomodo
1507 237 1612 274 aliquid
1628 237 1776 265 limitatum
1791 237 1826 266 sit
1839 244 1929 265 unum

1087 287 1114 313 et
1136 284 1208 313 idem
1230 286 1318 312 totum
1340 283 1368 311 in
1389 283 1534 320 pluribus;
1554 286 1581 311 et
1601 283 1668 320 quia
1688 282 1757 311 fides
1778 291 1833 311 non
1858 283 1930 319 cogit

1087 331 1215 364 credere,
1246 332 1273 358 et
1303 330 1373 358 ratio
1400 337 1455 357 non
1476 329 1615 366 intelligit,
1644 329 1706 358 ideo
1733 329 1841 363 dicunt,
1872 336 1928 356 non

1087 384 1148 405 esse
1168 376 1342 413 ponendum,
1363 375 1438 412 quod
1460 375 1495 404 sit
1516 376 1543 403 in
1564 378 1620 403 toto
1648 376 1753 404 ratione
1782 375 1930 404 cuiuslibet

1087 423 1183 460 partis.

1166 469 1219 497 Sed
1246 469 1366 497 aliorum
1393 469 1486 505 opinio
1506 472 1561 503 est,
1589 472 1621 497 ut
1644 470 1787 506 Augustini
1802 470 1826 504 Β,
1855 470 1930 506 quod

1088 516 1180 544 anima
1201 515 1229 543 in
1250 515 1373 551 qualibet
1393 518 1472 552 parte
1493 515 1617 552 corporis
1639 516 1674 544 sit
1696 519 1766 548 tota;
1787 516 1863 544 etad
1878 516 1930 544 hoc

1088 561 1249 599 ponendum
1270 564 1363 590 movet
1383 561 1628 598 experimentum,
1656 562 1817 599 eaecmplum
1838 564 1865 590 et
1890 570 1931 590 ra-

1088 607 1218 636 tionabile
1239 612 1454 644 aryumentum.
1478 608 1731 644 Experimentum,
1753 608 1819 645 quia
1839 608 1932 636 anima

1089 654 1117 682 in
1137 653 1265 690 partibus
1286 653 1453 682 distantibus
1473 662 1489 682 a
1511 654 1594 683 corde
1616 655 1652 682 ita
1666 654 1719 683 cito
1741 655 1838 689 sentit,
1860 655 1932 683 sicut

1089 703 1116 729 et
1139 701 1167 728 in
1195 700 1371 737 propinquis;
1399 700 1487 729 item⁹
1510 701 1593 729 simul
1613 701 1692 737 quasi
1714 701 1742 729 in
1770 701 1827 730 ictu
1858 701 1931 730 oculi

1090 747 1172 776 sentit
1186 747 1335 775 laesionem
1350 746 1379 774 in
1389 747 1515 783 partibus
1530 747 1709 779 distantibus.
1724 750 1751 776 et
1765 755 1828 776 cum
1840 748 1932 776 anima

1090 795 1249 830 separatur⁷
1272 793 1351 821 dolor
1373 796 1414 821 est
1434 793 1463 821 in
1484 793 1600 829 singulis
1620 793 1748 829 partibus
1771 796 1798 822 et
1829 793 1933 821 resolu-

1089 840 1135 868 tio.
1158 839 1330 875 Exemplum
1350 839 1478 868 similiter
1499 842 1605 873 movet,
1630 839 1701 867 sicut
1722 839 1788 868 dicit
1808 840 1933 876 Augusti-

1090 894 1143 914 nus
1156 885 1187 913 ¹⁰:
1211 885 1363 914 «Videmus
1374 885 1447 913 enim
1459 885 1533 922 quod
1545 893 1601 913 nno
1612 885 1723 913 animali
1735 885 1855 922 perfecte
1867 893 1933 914 sano

1090 935 1132 961 est
1160 940 1215 960 una
1236 931 1339 960 sanitas
1364 932 1392 959 in
1414 931 1530 968 singulis
1551 932 1690 968 partibus,
1718 939 1769 960 nec
1789 932 1877 960 maior
1904 932 1933 960 in

1091 978 1189 1006 maiori
1216 986 1266 1006 nec
1294 978 1385 1006 minor
1413 978 1441 1005 in
1468 977 1568 1005 minori
1580 991 1606 1005 u.
1635 978 1662 1005 Si
1683 986 1749 1014 ergo
1770 978 1822 1006 hoc
1843 981 1884 1006 est
1904 978 1933 1005 in

1090 1025 1180 1053 forma
1194 1024 1344 1061 corporali,
1359 1027 1463 1060 quanto
1483 1024 1571 1060 magis
1592 1024 1619 1051 in
1635 1024 1792 1060 spirituali?
1813 1024 1933 1052 Rationis

1091 1074 1299 1107 ctryumentum
1320 1073 1428 1104 movet,
1450 1070 1515 1106 quia
1530 1070 1622 1098 anima
1643 1073 1684 1098 est
1697 1069 1797 1106 forma
1811 1070 1933 1107 simplex

1091 1118 1118 1144 et
1138 1119 1232 1144 motor
1251 1115 1406 1153 sufficiens.
1428 1115 1497 1151 Quia
1510 1114 1611 1152 formu
1630 1116 1721 1145 totalis
1742 1116 1878 1153 corporis,
1893 1118 1934 1145 est

1091 1163 1119 1190 in
1140 1165 1210 1197 toto;
1232 1162 1297 1199 quia
1312 1170 1379 1191 vero
1399 1162 1538 1199 simplex,
1560 1171 1614 1191 non
1629 1166 1670 1191 est
1691 1163 1846 1191 secundum
1873 1171 1935 1200 par-

1091 1211 1147 1237 tem
1169 1211 1196 1237 et
1216 1212 1325 1246 partem
1341 1209 1400 1243 sui,
1422 1209 1487 1245 quia
1507 1213 1601 1237 motor
1618 1209 1781 1247 sufficiens,
1803 1210 1865 1238 ideo
1879 1217 1934 1238 non

1091 1256 1176 1284 habet
1196 1255 1293 1289 situm,
1314 1258 1341 1283 et
1362 1255 1424 1283 ideo
1445 1263 1495 1283 nec
1515 1257 1557 1284 est
1571 1256 1599 1283 in
1620 1258 1722 1292 puncto
1743 1263 1793 1284 nec
1813 1255 1841 1283 in
1855 1258 1934 1292 parte

1092 1302 1283 1330 determinata.
1300 1302 1330 1330 Et
1351 1301 1416 1338 quia
1431 1302 1519 1338 magis
1533 1302 1676 1330 rationalis
1690 1305 1731 1330 est
1749 1302 1849 1339 opinio,
1864 1310 1936 1339 quae

1093 1348 1226 1376 fundatur
1241 1356 1327 1385 supra
1338 1348 1355 1362 ¹¹
1377 1348 1526 1382 rationem,
1548 1356 1633 1385 quam
1651 1356 1723 1385 quae
1741 1348 1875 1377 fundatur
1893 1357 1936 1377 su-

1091 1403 1143 1432 pra
1164 1395 1287 1423 defectus
1309 1394 1435 1428 rationis,
1457 1397 1483 1423 et
1504 1395 1569 1431 quia
1590 1395 1760 1431 Augustinus
1781 1395 1833 1423 hoc
1854 1395 1934 1425 dicit.

1092 1442 1163 1469 hanc
1184 1441 1308 1486 approbo
1329 1444 1462 1478 tanquam
1484 1441 1637 1469 meliorem.

1173 1489 1196 1516 l.
1215 1489 1241 1516 2.
1256 1488 1295 1516 Ad
1309 1488 1380 1516 illud
1395 1496 1461 1524 ergo
1475 1487 1550 1524 quod
1566 1487 1695 1516 obiicitur
1711 1488 1737 1515 in
1752 1487 1934 1516 contrarium:

1091 1535 1181 1562 forma
1207 1542 1279 1571 quae
1300 1537 1342 1562 est
1362 1534 1389 1562 in
1420 1537 1474 1562 toto
1499 1537 1563 1568 etc,
1595 1534 1757 1567 dicendum,
1785 1534 1859 1570 quod
1891 1537 1937 1562 tri-

1091 1581 1156 1617 plex
1173 1583 1214 1609 est
1228 1588 1316 1617 genus
1329 1580 1443 1608 formae.
1460 1580 1505 1608 Est
1519 1580 1592 1608 enim
1611 1580 1770 1618 quaedam,
1788 1588 1859 1617 quae
1874 1588 1937 1616 per-

1091 1626 1152 1663 ficit
1172 1630 1199 1655 et
1219 1627 1383 1655 eaetenclitur
1405 1629 1431 1654 et
1446 1626 1588 1663 dependet.
1611 1627 1642 1654 Et
1662 1627 1746 1659 haec,
1768 1627 1833 1663 quia
1848 1629 1936 1655 totum

1092 1673 1215 1710 perficit,
1236 1676 1278 1701 est
1299 1673 1326 1701 in
1341 1676 1397 1702 toto
1404 1684 1411 1707 ς
1431 1673 1497 1709 quia
1518 1680 1585 1701 vero
1599 1672 1776 1707 extenditur,
1797 1673 1938 1709 perfectio-

1092 1727 1155 1748 nem
1173 1719 1255 1747 totius
1269 1719 1455 1748 communicat
1468 1719 1608 1755 partibus;
1623 1719 1689 1755 quia
1712 1726 1779 1747 vero
1800 1719 1937 1756 dependet

1092 1773 1142 1794 nec
1163 1766 1218 1802 agit
1239 1773 1288 1802 per
1309 1774 1347 1799 se,
1368 1766 1555 1802 operationem
1572 1765 1656 1793 totius
1674 1766 1859 1794 communicat
1875 1774 1937 1802 par-

1092 1812 1183 1846 tibus,
1203 1815 1235 1840 ut
1256 1815 1331 1848 patet
1351 1812 1379 1839 in
1401 1812 1491 1840 forma
1511 1811 1597 1848 ignis,
1619 1812 1684 1848 quia
1711 1812 1851 1848 quaelibet
1872 1820 1938 1849 pars

1093 1858 1164 1895 ignis
1179 1861 1220 1887 est
1230 1858 1301 1895 ignis
1316 1861 1342 1886 et
1357 1858 1497 1895 quaelibet
1511 1858 1644 1886 calefacit.
1659 1857 1704 1885 Est
1718 1857 1780 1885 aliu
1793 1858 1812 1871 ¹²
1825 1856 1936 1894 forma,

1094 1912 1165 1942 quae
1183 1904 1300 1941 perficit
1313 1907 1340 1933 et
1354 1904 1501 1941 dependet,
1518 1904 1566 1932 sed
1586 1912 1645 1932 non
1659 1904 1838 1938 emendatum
1859 1907 1885 1933 et
1900 1908 1938 1933 ta-

258 2054 265 2068 l
283 2054 344 2076 Libr.
361 2054 384 2075 ll.
402 2054 430 2076 de
447 2054 543 2081 Anima,
563 2057 614 2076 text.
632 2054 653 2076 9.
672 2054 700 2081 (c.
719 2054 757 2081 1.).

256 2092 267 2106 ²
283 2092 341 2114 Vide
358 2098 427 2120 supra
445 2092 466 2114 d.
485 2092 505 2114 5.
524 2098 543 2114 a.
562 2093 582 2114 2.
600 2098 622 2120 q.
642 2093 661 2114 l.
679 2092 709 2114 ad
726 2098 781 2120 opp.
800 2093 820 2114 3.

257 2130 267 2145 ³
284 2131 333 2153 Vat.
352 2137 404 2153 cum
416 2130 467 2153 cod.
479 2137 512 2159 ce,
525 2131 573 2153 aliis
585 2133 661 2153 autem
673 2131 740 2153 codd.
753 2134 775 2153 et
785 2131 821 2153 ed.
835 2131 843 2152 l
859 2130 1036 2159 refragantibus,

196 2170 233 2191 hic
242 2170 323 2191 omittit
329 2168 437 2198 partibus
446 2172 467 2191 et
476 2170 498 2191 in
507 2169 552 2191 fine
561 2170 690 2197 argumenti
701 2168 845 2197 substantia,
862 2175 888 2191 ac
900 2172 978 2192 contra
987 2170 1038 2197 plu-

196 2214 233 2230 res
250 2208 317 2231 codd.
334 2211 359 2231 ut
375 2208 390 2230 F
399 2208 418 2230 H
428 2208 445 2230 T
453 2208 498 2230 VY
515 2210 557 2230 etc.
571 2209 636 2235 ponit
646 2214 674 2231 ea
685 2208 777 2231 ratione
788 2209 837 2231 loco
847 2208 927 2231 eadem
938 2208 1037 2231 ratione.

258 2246 267 2261 ⁴
283 2247 359 2275 Aliqui
375 2247 442 2269 codd.
460 2250 485 2269 ut
501 2246 571 2274 ΑΕΘ
582 2247 588 2268 Ι
600 2247 616 2268 R
627 2248 641 2268 S
665 2248 771 2269 omittunt
794 2246 831 2270 ab.
857 2247 912 2270 Cod.
939 2248 957 2270 T
983 2253 1038 2270 cum

196 2292 246 2309 una
262 2285 294 2309 sit
308 2285 397 2308 anima.
414 2285 485 2308 Codd.
504 2286 519 2307 L
531 2285 548 2307 Ο
565 2285 594 2308 sil
610 2285 693 2308 anima
709 2285 745 2308 vel
762 2285 791 2308 ab
808 2285 897 2308 anima.

258 2323 269 2338 ⁵
285 2323 343 2345 Vide
360 2324 465 2350 Aristot.,
482 2323 514 2345 lll.
532 2323 561 2345 de
578 2323 660 2346 Partib.
679 2324 770 2345 animal.
788 2330 807 2346 c.
826 2324 846 2346 3.
865 2326 887 2346 et
905 2323 925 2346 4.

258 2362 268 2376 θ
285 2361 428 2389 Chalcidius⁷
446 2363 486 2390 qui
502 2363 556 2384 vixit
579 2362 622 2384 sub
648 2363 709 2384 initio
735 2362 771 2384 lV.
794 2368 868 2391 saec,
894 2364 915 2384 in
941 2363 1038 2385 Platonis

198 2400 318 2422 Timaeum
336 2399 381 2426 (ed.
401 2400 504 2428 Lipsiae,
526 2400 595 2427 ¹876,
613 2406 667 2422 cura
685 2400 722 2422 Dr.
740 2401 785 2422 loh.
804 2401 906 2423 Wrobel.
919 2407 972 2429 pag.
986 2402 1037 2423 296.

199 2445 219 2460 n.
237 2438 350 2466 CCXX.):
367 2439 430 2460 Sicut
445 2445 527 2460 aranea
539 2439 561 2460 in
574 2439 693 2461 medietate
706 2440 776 2461 cassis
788 2440 864 2461 omnia
876 2439 966 2462 filorum
979 2442 1038 2462 tenet

198 2477 297 2504 pedibus
313 2476 405 2499 exordia
415 2495 420 2505 ‚
437 2481 462 2499 ut
478 2483 532 2499 cum
549 2477 605 2505 qu1d
622 2483 649 2499 ex
666 2477 767 2500 bestiolis
784 2478 864 2505 plagas
880 2478 1001 2500 incurrerit
1012 2485 1037 2500 ex

198 2520 345 2543 quacumque
362 2517 425 2542 parte
445 2514 474 2537 de
499 2516 603 2542 proxImo
628 2516 723 2543 sentiat,
740 2516 772 2538 sic
797 2517 886 2537 animae
913 2517 1038 2544 principale

198 2553 298 2580 positum
316 2553 338 2573 in
356 2552 430 2574 media
447 2553 501 2575 sede
518 2553 608 2581 cordis,
632 2559 741 2575 sensuum
767 2553 859 2575 exordia
884 2555 981 2576 retinere
992 2572 997 2582 ,
1015 2557 1039 2576 ut

199 2597 253 2614 curn
269 2591 325 2620 quid
343 2591 489 2619 nuntiabunt,
507 2591 536 2613 de
554 2593 658 2619 proximo
681 2595 837 2620 recognoscat.
862 2604 894 2608 —
919 2593 968 2614 Vat.
986 2593 1039 2621 fluit

199 2636 242 2658 pro
259 2629 343 2658 influit.
361 2630 410 2651 Mox
428 2632 479 2657 post
495 2629 551 2659 qula
568 2630 619 2652 cod.
637 2631 654 2652 Κ
674 2630 737 2653 addit
753 2630 814 2654 sicul
834 2630 921 2654 dicitur
937 2631 961 2653 in
979 2631 1038 2654 libro

199 2668 226 2691 de
242 2668 309 2691 Motu
325 2667 409 2690 cordis.
426 2668 485 2690 Vide
502 2668 562 2690 Alex.
580 2669 635 2696 Hal,
654 2669 675 2690 S.
694 2675 716 2696 p.
733 2669 757 2691 ll.
780 2675 802 2697 q.
821 2669 857 2691 87.
883 2675 913 2691 m.
932 2670 952 2691 2.
979 2676 998 2691 a.
1019 2670 1037 2691 l.

199 2706 212 2735 S
225 2707 245 2728 l.
258 2705 289 2734 (in
302 2706 351 2728 aliis
363 2706 415 2728 edd.
428 2712 449 2734 q.
463 2706 516 2734 et).
528 2718 559 2722 —
570 2707 602 2729 De
614 2708 656 2729 hac
668 2708 776 2734 opinione
793 2708 832 2730 cfr.
851 2708 918 2735 Greg.
931 2708 1038 2735 Nyssen.‚

200 2743 229 2766 de
246 2745 349 2766 Hominis
366 2744 469 2772 opificio,
488 2751 507 2767 e.
529 2745 562 2767 12.

262 2782 272 2796 ⁷
288 2783 319 2804 Ex
336 2783 440 2810 plurimis
456 2789 510 2805 mss.
528 2786 551 2805 et
567 2784 603 2806 ed.
621 2785 629 2805 Ἰ
651 2784 811 2807 substituimus
828 2785 880 2814 fluit
892 2786 941 2807 loco
954 2784 1038 2814 influit.

200 2831 231 2836 —
246 2820 279 2843 De
296 2821 371 2843 cordis
388 2822 515 2848 principatu
529 2821 582 2843 vide
593 2822 694 2849 Aristot,
707 2822 738 2844 lll.
750 2823 779 2845 de
790 2823 872 2845 Partib,
882 2824 971 2844 animal.
985 2829 1003 2845 c.
1019 2822 1039 2844 4..

262 2858 272 2873 ⁸
289 2859 348 2882 Libr.
366 2859 401 2881 Vl.
419 2859 447 2881 de
465 2860 527 2881 Trin.
545 2866 564 2881 c.
582 2860 603 2882 6.
621 2866 642 2881 n.
661 2861 689 2887 ὃς
711 2864 733 2883 et
749 2861 777 2883 de
794 2861 894 2883 immort.
913 2862 1001 2883 (mimae
1019 2869 1038 2883 υ.

1099 2053 1131 2074 16.
1149 2058 1170 2074 n.
1189 2052 1232 2080 25;
1251 2058 1277 2074 ac
1294 2051 1323 2074 de
1348 2051 1440 2079 Origine
1468 2052 1557 2073 animae
1582 2052 1642 2073 hom.
1669 2052 1744 2079 (epist.
1774 2052 1832 2079 166.)
1859 2057 1880 2073 n.
1908 2051 1935 2079 4;

1095 2097 1182 2113 necnon
1199 2094 1276 2113 contra
1294 2090 1363 2118 Epist.
1381 2090 1504 2112 Manichaei
1522 2096 1540 2112 c.
1560 2091 1596 2111 rl6.
1614 2096 1635 2112 n.
1654 2091 1690 2112 20.
1707 2102 1739 2106 —
1760 2090 1809 2112 Mox
1834 2091 1935 2112 nonnulli

1094 2130 1161 2151 codd.
1179 2130 1248 2151 modo
1265 2130 1357 2151 inverso
1374 2128 1405 2151 ud
1421 2128 1464 2152 hoc
1481 2128 1623 2151 movendum
1639 2128 1717 2158 ponit,
1743 2129 1810 2152 codd.
1836 2129 1852 2150 L
1863 2129 1880 2151 O
1906 2129 1938 2152 ad

1094 2168 1137 2192 hoc
1153 2167 1336 2191 monstrandum
1358 2167 1393 2191 vel
1417 2167 1559 2190 movendum
1581 2167 1665 2197 ponz'l‚-
1683 2168 1724 2190 sed
1749 2174 1802 2190 cum
1828 2168 1937 2190 subnexis

1094 2208 1150 2229 liaeo
1167 2208 1232 2229 lectio
1249 2213 1294 2229 non
1311 2208 1423 2229 cohaeret.
1441 2207 1496 2229 Dein
1513 2207 1591 2234 plures
1611 2207 1678 2229 codd.
1696 2209 1721 2229 ut
1733 2207 1818 2229 AFGI
1829 2207 1847 2229 K
1859 2207 1877 2228 T
1896 2210 1938 2229 etc.

1094 2252 1147 2268 cum
1164 2246 1216 2268 edd.
1239 2247 1260 2274 1,
1280 2247 1308 2274 2,
1334 2246 1347 2268 3
1372 2245 1490 2268 rationale
1515 2252 1557 2273 pro
1582 2245 1726 2268 rationabile.
1753 2246 1785 2268 De
1810 2246 1936 2268 differentia

1095 2286 1178 2307 horum
1196 2286 1235 2307 csr.
1254 2287 1362 2313 August.‚
1380 2285 1403 2306 ΙΙ.
1421 2285 1450 2307 (le
1467 2284 1563 2312 Ordine,
1582 2291 1600 2307 c.
1620 2285 1628 2306 l
1639 2285 1655 2306 l.
1673 2291 1695 2306 n.
1713 2285 1749 2306 31,
1767 2291 1815 2313 seq.

1157 2323 1166 2337 ⁹
1184 2323 1242 2350 Vnt„
1260 2323 1416 2345 obnitentibus
1433 2322 1600 2351 antiquioribus
1612 2329 1666 2345 mss.
1679 2326 1700 2345 ot
1712 2322 1764 2344 edd.
1784 2323 1792 2344 l
1805 2341 1809 2350 ‚
1824 2323 1844 2350 6,
1858 2323 1939 2350 repetit

1095 2363 1131 2384 liic
1148 2361 1210 2391 quia.
1229 2361 1284 2384 Cod.
1304 2362 1332 2383 W
1345 2361 1417 2389 etita,
1429 2361 1479 2383 cod.
1498 2361 1519 2382 X
1536 2362 1557 2383 el
1574 2361 1623 2383 loco
1636 2360 1705 2388 item,
1719 2361 1788 2389 aliqui
1801 2360 1868 2383 codd.
1881 2367 1937 2382 vero

1094 2404 1119 2423 ut
1135 2401 1150 2422 F
1161 2401 1178 2422 T
1197 2401 1331 2428 particulam
1349 2401 1370 2422 et
1386 2400 1474 2422 addunt
1492 2406 1536 2421 non
1554 2400 1612 2421 male
1631 2402 1683 2427 post
1699 2398 1778 2421 simul.

1157 2439 1176 2453 ¹⁰
1192 2439 1252 2461 Libr.
1271 2439 1299 2461 de
1318 2439 1444 2461 Praesentia
1461 2438 1500 2459 Doi
1518 2444 1558 2460 seu
1580 2438 1671 2465 Epistol.
1694 2438 1741 2459 187.
1768 2445 1786 2460 c.
1814 2437 1833 2459 4.
1853 2432 1873 2459 ἧ.
1896 2438 1937 2460 13;

1095 2479 1195 2507 Qualitas
1211 2484 1267 2500 vero
1285 2478 1400 2505 corporis,
1418 2483 1477 2505 quae
1494 2477 1577 2498 sanitas
1594 2476 1688 2504 dicitur,
1711 2483 1764 2499 cum
1787 2483 1868 2499 sanum
1890 2483 1938 2499 cor-

1095 2524 1139 2546 pus
1156 2521 1190 2539 cst
1206 2520 1278 2539 totum
1289 2535 1294 2544 ,
1312 2520 1370 2539 tanta
1383 2517 1449 2538 estin
1466 2515 1599 2542 maioribus,
1615 2518 1698 2543 quanta
1715 2516 1736 2537 in
1748 2515 1876 2537 minoribus
1888 2522 1938 2543 par—

1094 2556 1162 2579 tibus,
1180 2556 1227 2578 Non
1245 2556 1306 2577 enim
1324 2561 1382 2583 quae
1400 2556 1476 2576 minus
1492 2560 1589 2581 magnae
1607 2557 1673 2581 sunt,
1692 2554 1743 2576 ideo
1769 2555 1844 2576 minus
1869 2561 1938 2576 sanae

1094 2598 1157 2622 sunt7
1176 2597 1215 2616 aut
1231 2600 1290 2622 quae
1307 2593 1444 2620 ampliores,
1462 2592 1514 2614 ideo
1531 2593 1640 2614 saniores.
1665 2604 1697 2608 —
1713 2593 1742 2614 Ex
1768 2592 1937 2621 antiquioribus

1094 2639 1148 2655 mss.
1167 2636 1189 2655 et
1205 2632 1240 2654 cd.
1264 2632 1269 2653 l
1291 2631 1451 2659 supplevimus
1469 2636 1522 2653 imo.

1156 2670 1174 2684 ¹1
1192 2670 1232 2692 Ed.
1254 2670 1259 2691 1
1282 2670 1318 2691 hic
1334 2672 1356 2691 et
1373 2669 1441 2696 paulo
1458 2671 1510 2696 post
1525 2674 1603 2697 super.
1616 2668 1690 2696 Aliqui
1703 2668 1769 2690 codd.
1788 2671 1812 2691 ut
1823 2669 1842 2690 V
1853 2669 1871 2690 Υ
1883 2675 1936 2691 cum

1095 2709 1131 2730 vd.
1150 2709 1158 2730 l
1180 2707 1294 2736 defectum
1311 2708 1360 2729 loco
1377 2706 1485 2735 defectus.
1507 2706 1562 2728 Dein
1588 2706 1633 2728 ilde
1656 2707 1808 2733 plurimorum
1834 2713 1888 2729 mss.
1915 2710 1935 2729 cl

1095 2753 1133 2768 sex
1150 2747 1278 2774 primarum
1295 2745 1347 2767 edd.
1365 2748 1416 2772 post
1433 2744 1534 2767 rationis
1551 2744 1683 2767 addidimus
1700 2746 1728 2771 et,
1747 2745 1811 2773 quod
1829 2746 1879 2768 Vat.
1897 2746 1936 2767 mi-

1096 2792 1139 2807 nus
1156 2784 1214 2806 benc
1231 2785 1319 2806 omittit.

1158 2823 1177 2837 12
1194 2823 1298 2845 Nonnulli
1316 2822 1383 2844 codd.
1402 2825 1426 2844 ut
1443 2823 1459 2844 Α
1470 2822 1513 2843 BD
1524 2823 1538 2844 E
1548 2822 1566 2844 G
1576 2822 1591 2844 l‘
1601 2822 1618 2843 'l'
1630 2822 1647 2844 Υ
1659 2822 1686 2843 W
1704 2823 1784 2845 (etitem
1801 2829 1843 2850 pro
1868 2822 1916 2845 alin
1927 2831 1936 2849 ‚⁵

1095 2861 1146 2883 cod.
1164 2861 1169 2882 l
1188 2862 1269 2883 [tutem
1285 2860 1341 2883 alia.

1955 472 2022 495 Opinio
2035 472 2053 490 ἓ.

1943 495 2065 518 probabilior.

1959 1399 2063 1417 Conclusio.

1957 1492 2027 1518 Solutio
2037 1498 2069 1516 op-

1920 1534 1924 1537 ,
1949 1517 2057 1538 ροειῑοῐιιῐη.

1949 1585 2024 1608 Triplex
2035 1590 2065 1607 ge-

1946 1613 1980 1626 nus
1990 1608 2066 1626 formae.
