2253 3317
297 150 330 172 ’ζ
917 142 1134 172 PROOEEMII
1165 141 1334 178 QUAEST.
1366 140 1422 168 111.

921 243 934 250 -
1039 230 1300 267 SCHOLION.

357 315 371 336 l.
390 315 411 337 ln
425 315 491 337 solut.
504 314 536 337 ad
547 312 571 336 4.
585 315 606 336 S.
618 314 702 336 Doctor
715 314 785 341 tangit
798 313 865 335 aliam
877 313 1047 341 quaestionem,
1060 315 1138 334 utrum

294 354 341 376 scil.
359 354 472 381 theologii]
490 354 518 376 sit
534 352 628 376 scientia
646 351 818 380 subalternam,
832 351 860 373 de
878 358 923 380 qua
936 351 1026 373 scholae
1040 351 1100 372 scoti
1118 352 1140 372 et

294 393 320 414 D.
339 393 441 414 Thomae
459 393 606 420 dissentiunt,
625 396 738 421 quatenus
755 393 804 414 cius
826 391 991 414 suh-alternatio
1009 391 1140 418 intelligitur

294 434 400 458 respectu
413 430 541 460 theologiae
554 429 683 453 beatorum.
697 431 778 453 Scotus
790 430 850 452 enini
863 430 994 457 negativam
1006 428 1140 451 sententiam

294 472 367 496 tenet,
384 469 498 491 sumendo
514 468 739 492 subaltemzatioozem
757 469 779 490 in
796 474 865 490 sensu
877 468 955 490 stricto
967 473 1020 489 cum
1033 466 1141 489 omnibus

296 507 484 535 conditionibus,
507 514 565 536 quas
589 508 685 536 requirit
706 507 838 529 Aristoteles
855 506 878 534 (l.
896 507 980 528 Foster.
999 511 1018 528 c.
1038 505 1099 533 Ἰ10.);
1118 505 1140 526 S.

297 546 378 568 Thom.
392 551 448 568 vcro
461 546 491 575 (S.
502 547 516 568 l.
535 552 556 574 q.
570 547 590 568 l.
608 552 628 568 a.
647 546 678 574 2.)
696 545 913 568 subalternationem
925 544 1025 572 aliquam
1037 543 1140 566 admittit.

298 585 436 613 seraphicus
454 588 530 607 autem
548 585 585 607 hic
601 585 702 613 loquitur
718 586 806 606 tantum
818 583 847 605 dc
864 582 1056 605 subalternatione
1073 582 1142 604 relate

297 624 327 646 ad
343 629 360 646 s.
379 623 531 654 Scriptorum
548 627 570 646 et
587 624 609 645 in
622 624 664 645 hac
675 623 787 645 solutione
804 623 898 644 omnino
915 621 1040 644 concordat
1054 626 1107 643 cum
1119 620 1141 642 S.

297 663 385 685 Thoma
399 665 430 692 (S.
444 665 458 686 Ι,
471 671 492 692 q.
507 664 526 685 l.
545 670 563 685 a.
583 663 621 691 2),
641 663 708 685 Scoto
722 662 767 690 (hic
781 662 870 689 Prolog.
889 667 911 690 q.
926 660 946 682 4.
964 663 986 683 et
1003 660 1034 688 5.)
1046 660 1143 688 aliisque

298 702 438 725 doctoribus.
452 715 483 719 —
494 703 526 724 De
538 702 732 724 subalternatione
749 704 855 728 respectu
874 699 1001 728 theologiae
1019 697 1143 721 beatorum

298 742 338 764 cfr.
356 742 415 765 Seot.
426 760 431 770 ,
449 742 463 763 1.
481 742 573 770 Report.
592 741 681 768 Prolog.
696 747 717 769 q.
732 740 752 762 3.
765 746 784 762 a.
798 740 818 762 3.
840 740 982 768 quaestiunc.
1002 738 1031 766 43
1050 738 1063 760 1.
1082 738 1142 760 Sent.

298 781 387 809 Prolog.
406 788 427 810 q.
447 780 466 802 4.
485 780 505 802 5.
523 792 555 796 —
572 781 593 802 S.
612 780 706 807 Thom„
725 780 747 801 S.
765 779 779 800 l.
797 785 819 807 q.
838 778 858 800 4.
877 785 896 800 a.
914 779 935 800 2.
949 783 1002 800 eum
1015 777 1143 800 Comment.

300 819 405 842 Caietani.
423 831 455 835 —
471 820 493 841 Β.
513 820 612 846 .-111)(>ι“ί.Υ
631 820 645 841 l.
663 820 723 841 Sent.
742 818 764 840 d.
787 818 803 839 1.
821 824 839 840 a.
855 817 875 839 4.
894 817 923 839 ad
942 817 981 838 ult.
994 828 1025 832 —
1037 815 1144 837 Richard.

300 866 312 881 a
330 859 387 881 Med.
398 877 403 887 ,
421 860 435 881 1.
454 859 514 882 Sem.
533 859 621 886 Prolog.
635 864 656 886 q.
674 858 691 880 l.
704 861 726 880 et
738 857 759 879 5.
771 869 803 873 —
815 856 888 884 AEgid.
903 856 928 878 R.
941 873 945 883 ,
957 857 971 878 1.
985 856 1044 878 Seni.
1056 855 1144 882 Protog.

301 904 323 925 p.
343 898 362 919 t.
381 899 452 925 princ.
472 898 492 920 2.
511 904 532 926 q.
563 898 579 920 1.
597 909 628 913 -
645 897 713 918 Henr.
731 895 818 923 Gemi,
837 895 858 916 S.
877 901 896 917 a.
914 895 935 917 7.
954 901 976 923 q.
996 894 1016 916 4.
1043 898 1065 917 et
1081 900 1145 923 seqq.

299 949 330 953 —
347 937 460 964 Duraml.,
474 937 487 958 l.
502 937 561 959 Seni.
580 937 669 965 Prolog.
689 942 710 964 q.
728 935 749 958 7.
767 939 789 958 ct
806 936 826 957 8.

362 976 384 997 11.
402 975 460 998 Cum
477 975 560 998 dicitur
571 976 593 997 in
606 975 672 997 solut.
689 973 722 997 ad
738 972 767 997 6:
791 973 888 1001 Quando
909 973 1030 995 assentitur
1052 974 1147 1000 propter

301 1020 325 1036 se
342 1015 439 1042 rationi,
457 1020 538 1037 sensus
554 1017 600 1036 est:
618 1013 714 1042 quando
733 1014 803 1035 homo
821 1018 865 1035 non
878 1012 948 1035 habet
964 1012 1107 1034 voluntatem
1120 1011 1157 1034 ali.

1196 310 1252 339 quid
1277 310 1384 332 credendi
1407 310 1448 332 nisi
1474 312 1568 337 propter
1584 310 1694 331 rationem
1712 309 1892 331 convincentem.
1916 307 1959 330 Csr.
1977 308 2037 330 Sent.

1195 350 1217 371 d.
1236 349 1272 371 24.
1290 355 1309 371 a.
1328 349 1348 370 2.
1367 355 1388 377 q.
1416 349 1432 370 1.
1456 347 1485 370 ad
1502 348 1522 369 2.
1540 350 1562 369 et
1579 347 1599 369 5.
1617 359 1648 363 —
1666 347 1773 370 Notabilis
1802 350 1836 369 cst
1857 347 1931 369 forma
1948 347 2038 369 locutio-

1196 389 1243 410 nis:
1266 396 1276 408 ‹<
1288 387 1311 409 ln
1329 388 1404 409 anima
1424 387 1523 409 hominis
1543 385 1680 409 dominatur
1696 385 1807 409 violentia
1824 385 1924 409 rationis
1936 394 1956 408 ιι.
1975 385 2039 408 Ratio

1196 428 1257 449 enim
1275 427 1387 454 humana,
1407 432 1466 455 quae
1483 432 1507 448 se
1524 427 1581 448 intra
1600 432 1654 448 suos
1671 426 1752 448 limites
1776 428 1886 454 angustos
1912 425 2039 448 claudendo

1197 466 1309 489 influxum
1326 466 1414 493 primae
1432 466 1534 488 veritatis
1551 466 1622 488 reiicit
1639 465 1786 494 legitimoque
1803 470 1845 487 suo
1863 465 1959 487 Domino
1976 463 2040 486 obse-

1198 506 1279 534 quium
1296 505 1405 533 dcnegat,
1424 505 1483 528 iusto
1502 505 1586 527 iudicio
1600 505 1777 533 condemnatur,
1791 508 1815 528 ut
1826 504 1869 527 sub
1885 504 1940 533 iugo
1957 504 2041 527 erroris

1198 546 1285 567 servire
1302 544 1392 567 debeat.

1261 583 1292 605 111.
1310 583 1333 605 111
1356 583 1468 605 solutione
1493 584 1566 611 ipsius
1590 583 1729 612 quaestionis
1754 588 1834 604 omnes
1858 581 1964 604 doctores
1988 581 2042 603 satis

1199 622 1354 650 consentiunt,
1372 625 1394 644 et
1411 622 1509 650 plurima
1531 621 1568 644 hic
1585 622 1644 644 dicta
1667 621 1831 644 confirmantur
1847 620 1915 643 Conc.
1933 620 2042 642 Vaticano

1199 666 1249 688 cap.
1262 660 1297 682 lv.
1310 660 1339 682 dc
1351 660 1396 682 fide
1409 661 1466 683 cath.
1479 672 1510 676 —
1522 661 1607 682 Bonav.
1624 659 1737 688 Breviloq.
1752 659 1868 686 Proocm.3
1881 658 2007 681 Commeat.
2020 658 2043 680 in

1200 699 1286 727 Evang.
1305 700 1326 721 S.
1345 700 1444 727 loanniS,
1463 699 1551 727 Prolog.
1570 705 1590 721 n.
1610 699 1645 721 10.
1665 698 1703 726 (111
1721 699 1735 720 1.
1758 701 1811 720 tom.
1830 698 1910 725 Suppl.
1933 696 2042 724 Bonelli).

1201 750 1233 754 —
1249 738 1309 760 Alex.
1328 739 1388 767 Hal,
1407 740 1428 761 S.
1447 746 1469 767 p.
1482 738 1495 760 1.
1514 745 1536 767 q.
1551 739 1571 760 2.
1585 744 1615 760 m.
1629 738 1649 760 3.
1662 744 1682 759 a.
1695 737 1715 760 4.
1727 750 1759 754 —
1770 738 1841 765 Seot.,
1855 737 1869 759 l.
1882 737 1942 759 Sent.
1955 736 2043 764 Prolog.

1205 785 1227 807 q.
1246 778 1266 799 3.
1285 779 1307 800 in
1325 778 1369 800 fine
1382 784 1387 805 3
1405 779 1427 800 ll.
1446 779 1506 800 Seni.
1524 778 1546 800 d.
1565 778 1584 800 l.
1603 784 1624 806 q.
1638 777 1659 799 4.
1670 790 1702 794 —
1712 778 1734 799 S.
1748 778 1829 799 Thom.
1841 794 1845 804 ,
1855 777 1869 799 1.
1883 776 1942 798 56111,
1955 775 2044 803 Prolog.

1205 824 1226 846 q.
1246 818 1265 840 l.
1283 824 1302 839 a.
1329 817 1358 845 5;
1376 818 1397 840 S.
1416 818 1430 840 l.
1448 825 1469 846 q.
1492 818 1508 839 1.
1528 824 1547 839 a.
1569 818 1589 839 8.
1606 829 1638 833 —
1654 817 1677 838 B.
1703 816 1803 843 Albert.,
1821 816 1843 838 S.
1869 822 1890 844 p.
1909 816 1923 838 1.
1940 819 1967 839 tr.
1985 816 2005 837 Ι1.
2024 821 2045 843 q.

1206 857 1235 885 ὅς
1261 857 1275 879 l.
1294 857 1354 879 Sent.
1372 857 1394 879 d.
1414 858 1434 878 «l.
1452 863 1471 879 a.
1490 857 1510 879 5.
1523 869 1555 873 —
1572 857 1628 879 Petr.
1647 862 1659 878 a
1677 856 1744 882 Tar..
1763 856 1777 877 1.
1803 855 1862 877 Scnt.
1880 855 1969 882 Prolog.
1987 860 2007 876 a.
2025 854 2046 876 6.

1202 895 1349 918 —Richard.
1371 902 1383 917 a
1403 895 1459 917 Med.
1472 913 1477 923 ,
1495 895 1508 917 l.
1528 896 1587 917 Sent.
1606 895 1695 922 Prolog.
1714 901 1735 923 q.
1755 893 1776 915 7.
1788 905 1820 910 —
1836 893 1903 916 Henr.
1921 892 2006 921 fland,
2024 892 2046 914 S.

1205 940 1224 955 a.
1245 934 1252 955 1Ι
1260 933 1280 956 4.
1299 941 1320 963 q.
1339 935 1368 962 2,·
1386 940 1405 956 a.
1424 934 1444 956 8.
1463 941 1484 962 q.
1504 934 1523 956 sl.
1541 946 1573 950 —
1589 933 1682 960 Dionys.
1703 932 1793 961 Carth.‚
1812 933 1825 954 1.
1845 932 1904 954 Sent.
1917 931 2007 958 Prolog.
2025 937 2046 959 q.

1204 972 1225 993 3.
1242 984 1273 988 -——
1289 972 1406 1000 Durand.,
1425 972 1438 994 1.
1457 972 1517 994 Sent.
1536 972 1625 999 Prolog.
1643 978 1665 1000 q.
1684 972 1704 993 1l.
1721 984 1752 988 -
1769 970 1837 993 Gabr.
1860 970 1921 998 Bicl,
1946 970 1960 991 1.
1987 969 2046 991 Sent.

1205 1011 1295 1039 Prolog.
1315 1018 1336 1040 [1.
1354 1011 1375 1032 7.

1047 1133 1242 1170 QUAESTIO
1270 1133 1324 1162 III.

547 1237 651 1266 [strum
670 1236 716 1265 liic
732 1236 803 1265 liber
819 1236 879 1264 sive
895 1235 1038 1272 theologia
1052 1235 1091 1263 sit
1104 1233 1354 1270 contemplationis
1367 1233 1472 1271 qratia
1484 1257 1492 1268 ,
1509 1242 1549 1261 aaz
1564 1238 1598 1262 ut
1615 1233 1682 1262 boni
1695 1233 1815 1271 fiamus,

760 1284 821 1312 sive
843 1286 946 1311 utrum
966 1282 1004 1311 sic
1026 1282 1150 1311 scientia
1172 1281 1371 1318 speculativa,
1393 1290 1434 1311 om
1453 1282 1599 1319 practica.

381 1393 473 1422 Tertio
494 1393 640 1430 quaeritur
654 1393 661 1406 ¹
685 1393 719 1422 de
743 1400 827 1422 causa
850 1392 943 1429 finali.
974 1392 1004 1420 Et
1026 1399 1091 1420 cum
1113 1391 1152 1420 di-

304 1446 381 1473 ctum
402 1443 452 1477 sit,
474 1442 550 1479 quod
572 1441 643 1470 liber
664 1441 716 1470 iste
731 1443 773 1470 est
788 1440 823 1469 ad
838 1440 1023 1469 revelandum
1037 1439 1153 1467 abscon-

304 1490 380 1523 dita,
400 1488 564 1526 quaeritur,
587 1490 687 1516 utrum
708 1495 779 1524 opus
794 1487 846 1516 hoc
861 1486 896 1515 sit
911 1485 1152 1523 contemplationis

306 1537 404 1574 gratia,
419 1536 463 1565 vel
484 1538 516 1564 ut
537 1535 602 1564 honi
623 1535 732 1563 fiamus.
749 1535 779 1563 Et
801 1534 876 1571 quod
897 1534 947 1568 sit,
968 1536 1000 1562 ut
1021 1533 1086 1562 honi
1107 1533 1154 1561 fia.-

306 1591 388 1617 mus,
409 1583 521 1611 videtur
542 1582 589 1610 sic.

387 1631 410 1657 1.
427 1628 524 1657 Omnis
539 1627 680 1662 doctrina,
696 1635 768 1664 quae
782 1630 824 1656 est
838 1627 873 1656 de
888 1627 948 1661 his,
962 1626 1021 1656 sine
1032 1634 1154 1664 quorum

165 1675 465 1713 Fundanam-cognitione
487 1684 541 1704 non
563 1674 695 1711 contingit
716 1677 792 1703 recte
812 1674 908 1703 vivere
920 1696 927 1708 ,
946 1676 1006 1708 est,
1037 1676 1069 1701 ut
1089 1672 1155 1701 boni

308 1723 424 1757 fiamus3
448 1721 497 1751 sed
520 1722 571 1750 iste
599 1721 670 1749 liber
698 1724 740 1749 est
767 1720 803 1749 ad
834 1720 1018 1757 cognitionem
1049 1718 1154 1747 verae²¹

308 1769 389 1803 fidei,
409 1769 468 1797 sine
489 1776 545 1805 qua
560 1767 735 1804 impossibile
756 1770 797 1795 est
808 1766 925 1803 plaeere
940 1766 997 1794 Deo
1012 1773 1063 1794 nec
1081 1768 1157 1794 recte

308 1816 421 1849 vivere,
448 1818 480 1844 ut
512 1814 614 1843 dicitur
645 1814 681 1842 ad
708 1814 846 1842 Hebraeos
871 1812 1060 1841 undecimo³:
1090 1820 1157 1849 ergo

309 1862 361 1891 iste
382 1862 452 1890 liber
474 1863 531 1895 est,
552 1863 584 1889 ut
605 1860 668 1889 boni
692 1859 802 1888 fiamus.

389 1910 416 1937 Ξ.
437 1908 524 1943 item,
546 1907 636 1937 omnis
658 1907 805 1941 doctrina,
829 1914 903 1944 quae
933 1906 1062 1936 convenit
1092 1913 1157 1936 cum

310 1956 417 1985 virtute
438 1956 466 1984 in
488 1955 615 1989 obicem,
636 1957 693 1989 est,
708 1957 740 1983 ut
754 1954 820 1983 honi
834 1953 936 1982 fiamus
948 1965 956 1988 ;
971 1954 1041 1982 haec
1055 1961 1106 1991 per
1128 1961 1157 1982 se

310 2003 457 2032 manifesta
477 2005 535 2037 est3
556 2002 605 2031 sed
626 2002 695 2030 haec
717 2000 844 2029 doctrina
866 2001 994 2031 convenit
1015 2009 1080 2030 cum
1101 2000 1157 2030 fide

311 2051 340 2078 in
362 2050 487 2084 obiecto,
509 2049 575 2086 quia
596 2052 637 2077 est
658 2049 693 2077 de
715 2048 860 2083 credibili,
882 2049 917 2078 de
939 2056 995 2085 quo
1009 2048 1095 2077 etiam
1116 2051 1158 2077 est

311 2097 382 2126 fides
403 2097 462 2125 sive
483 2097 510 2125 in
532 2093 605 2133 quo:
630 2103 696 2132 ergo
717 2098 768 2124 etc.

391 2142 417 2171 3.
448 2142 534 2176 ltem,
566 2141 693 2170 doctrina
723 2140 903 2178 particularis
935 2141 1063 2170 convenit
1091 2148 1157 2169 cum

312 2189 388 2218 totali
411 2189 439 2216 in
459 2187 516 2225 fine
527 2198 536 2221 ‚·
557 2187 607 2216 sed
627 2187 691 2216 finis
705 2187 797 2215 totalis
812 2187 972 2224 Scripturae
987 2194 1083 2216 sacrae
1101 2194 1156 2215 non

376 2376 384 2391 ¹
402 2377 452 2399 Vat.
470 2376 565 2404 proprio
582 2377 654 2398 marte
671 2375 753 2397 omittit
771 2374 848 2398 Tertio
865 2373 997 2404 quaeritur.

376 2416 386 2431 2
402 2416 432 2438 lta
450 2416 528 2444 plures
545 2414 612 2437 codd.
625 2416 649 2436 ut
661 2414 725 2436 AIK
735 2414 753 2436 T
764 2413 785 2436 X
802 2416 844 2436 etc.
862 2419 915 2436 cum
932 2412 968 2435 ed.
982 2413 990 2434 Ἰ1
1007 2415 1085 2435 contra
1096 2412 1158 2440 Vat.,

314 2462 373 2485 quae
390 2455 459 2477 habet
474 2455 588 2482 nostrate,-
605 2454 758 2482 praeferimus
769 2453 889 2476 lectionem
907 2452 986 2480 codd,
1003 2455 1082 2481 utpote
1099 2459 1158 2482 quae

314 2497 348 2518 est
364 2495 386 2516 S.
403 2494 495 2516 Doctori
512 2494 645 2516 familiarior
661 2496 683 2516 et
700 2493 790 2522 planius
806 2493 914 2521 exprimit
924 2492 1118 2521 praerequisitum
1131 2492 1160 2515 ad

315 2536 376 2556 recte
394 2532 529 2555 vivendum.

378 2571 388 2586 3
405 2571 471 2593 Vers.
490 2571 510 2593 6.

379 2609 389 2624 4
406 2610 429 2631 ln
446 2610 536 2637 Prolog.
554 2609 608 2632 vide
625 2610 690 2632 infra.

380 2650 390 2665 ⁵
407 2650 572 2672 Substituimus
588 2649 724 2677 particulam
740 2650 763 2671 et
778 2655 821 2677 pro
838 2654 886 2671 non
903 2648 937 2671 de.
948 2648 1051 2671 Dubium
1068 2648 1161 2677 quidem

319 2696 363 2712 non
376 2690 426 2711 leve
439 2690 481 2711 hac
493 2690 515 2711 in
529 2695 554 2711 re
571 2687 718 2716 ingerebatur
730 2687 796 2710 nobis
808 2693 835 2709 eo
845 2705 850 2715 ,
868 2686 932 2716 quod
941 2705 946 2715 ,
959 2693 1013 2710 cum
1025 2687 1163 2710 Scholatico-

319 2734 371 2750 rum
389 2730 492 2756 tempore
511 2728 626 2755 theologia
643 2727 796 2749 communiter
814 2725 873 2748 dicta
890 2726 1044 2748 contineretur
1056 2731 1162 2754 compen-

319 2767 382 2790 diose
400 2768 422 2788 in
439 2766 498 2789 libro
515 2767 698 2793 Sententiarum,
714 2766 780 2788 sicuti
798 2765 827 2787 de
844 2765 887 2787 isto
904 2764 963 2787 libro
980 2765 1055 2786 statim
1072 2763 1163 2786 subiici-

319 2807 364 2832 tur,
390 2805 453 2834 quod
470 2806 499 2827 sit
515 2805 542 2827 cle
559 2804 595 2827 his
612 2811 673 2835 quae
689 2805 796 2834 spectant
811 2803 843 2826 ad
858 2803 934 2833 fidem,
946 2809 995 2826 ‘non
1012 2802 1039 2826 cle
1055 2802 1091 2825 luis
1103 2808 1163 2832 quaa

319 2845 425 2874 spectant
441 2843 473 2867 od
488 2850 581 2872 mores,
599 2845 629 2866 ita
646 2845 713 2867 etiam
731 2843 760 2866 de
777 2843 890 2870 theologia
903 2842 1027 2865 dicendum
1044 2843 1082 2870 sit,
1100 2841 1164 2870 quod

319 2884 350 2907 sit
366 2884 393 2907 de
409 2884 465 2915 fide,
484 2890 531 2907 non
549 2884 576 2907 de
592 2883 707 2907 moribus.
726 2883 770 2906 Sed
783 2881 976 2905 consentientibus
988 2881 1095 2904 omnibus
1108 2887 1161 2903 mss.

1206 1394 1247 1420 est
1268 1393 1396 1425 tantum,
1417 1393 1449 1419 ut
1470 1389 1571 1418 fiamus
1593 1389 1674 1423 boni,
1696 1389 1744 1418 sed
1775 1389 1859 1418 etiam
1888 1391 1920 1417 ut
1951 1387 2053 1416 fiamus

1206 1437 1298 1472 beati3
1320 1440 1347 1466 et
1376 1437 1518 1465 beatitudo
1540 1439 1582 1466 est
1602 1437 1757 1474 optimum:
1780 1444 1847 1473 ergo
1879 1435 1942 1464 finis
1973 1434 2054 1463 istius

1207 1485 1337 1519 scientiae
1359 1488 1419 1519 est,
1441 1487 1471 1513 ut
1494 1484 1557 1512 boni
1579 1483 1689 1512 fiamus.

1286 1531 1412 1560 CONTRA:
1431 1531 1454 1558 1.
1471 1530 1599 1567 Magister
1614 1529 1679 1559 dicit
1700 1529 1728 1558 in
1750 1529 1842 1558 littera
1854 1528 1873 1564 ⁴,
1896 1528 1971 1566 quod
1989 1527 2052 1556 finis

1207 1577 1265 1607 sive
1287 1577 1401 1606 intentio
1423 1584 1474 1606 sua
1502 1579 1566 1605 «est
1592 1576 1814 1614 theologicarum
1841 1575 2053 1612 inquisitionum

1208 1624 1303 1653 abdita
1325 1623 1471 1661 pandere»
1490 1634 1498 1657 ς
1520 1623 1569 1652 sed
1591 1623 1643 1652 hoc
1674 1623 1796 1660 pertinet
1817 1623 1853 1651 ad
1874 1630 1952 1657 eum,
1973 1622 2053 1651 cuius

1209 1672 1273 1701 finis
1294 1674 1336 1700 est
1356 1671 1524 1708 speculatio:
1547 1678 1614 1708 ergo
1636 1674 1686 1700 etc.

1289 1720 1315 1747 2.
1338 1719 1420 1752 ltem,
1436 1718 1559 1753 scientia,
1574 1725 1646 1755 quae
1661 1720 1717 1751 est,
1740 1719 1771 1746 ut
1786 1717 1851 1745 honi
1865 1717 1980 1750 fiamus,
1994 1723 2055 1753 per-

1209 1765 1278 1794 tinet
1299 1765 1333 1794 ad
1350 1772 1442 1793 mores
1451 1776 1458 1799 ;
1473 1764 1522 1793 sed
1537 1772 1602 1794 cum
1616 1763 1755 1800 theologia
1770 1763 1804 1792 sit
1819 1763 1853 1792 de
1869 1763 1924 1792 fide
1934 1762 1943 1776 ⁵
1959 1766 1986 1792 et
2000 1770 2056 1791 mo-

1211 1812 1300 1846 ribus,
1316 1811 1386 1840 liber
1402 1814 1497 1840 autem
1513 1810 1564 1839 iste
1580 1810 1614 1839 de
1630 1811 1673 1839 his
1688 1818 1759 1847 quae
1772 1812 1897 1847 spectant
1911 1810 1947 1839 ad
1961 1809 2055 1844 fidem,

1211 1867 1265 1887 non
1287 1858 1322 1887 de
1343 1858 1387 1887 his
1408 1865 1480 1894 quae
1501 1861 1626 1894 spectant
1648 1858 1683 1886 ad
1706 1866 1813 1887 mores:
1835 1866 1902 1894 ergo
1917 1864 1989 1894 opus
2003 1857 2056 1885 hoc

1212 1913 1267 1934 non
1288 1908 1345 1940 est,
1366 1907 1398 1933 ut
1418 1905 1483 1933 boni
1504 1904 1613 1933 fiamus.

1291 1951 1316 1981 3.
1332 1952 1409 1986 Item,
1425 1951 1515 1980 omnis
1530 1951 1653 1985 scientia,
1669 1959 1740 1988 quae
1752 1953 1802 1985 est,
1813 1953 1845 1979 ut
1859 1950 1924 1979 boni
1939 1950 2056 1985 fiamus,

1212 2002 1254 2028 est
1275 1998 1413 2036 practica;
1435 1998 1485 2026 sed
1506 1997 1596 2026 omnis
1615 1997 1679 2026 talis
1700 1999 1742 2026 est
1764 1997 1798 2025 de
1817 1997 1861 2025 his
1889 2004 1961 2034 quae
1993 1999 2058 2026 sunt

1211 2045 1247 2073 ab
1268 2052 1352 2082 opere
1374 2043 1508 2078 nostro&
1529 2043 1578 2072 sed
1599 2044 1668 2072 haec
1696 2051 1750 2072 non
1779 2045 1820 2072 est
1849 2043 1883 2072 de
1914 2042 1958 2071 his
1986 2050 2058 2080 quae

1212 2094 1278 2121 sunt
1298 2092 1334 2120 ab
1355 2099 1439 2128 opere
1461 2094 1572 2125 nostro,
1595 2091 1644 2119 sed
1666 2098 1681 2119 a
1702 2091 1773 2119 Deo:
1796 2099 1863 2128 ergo
1877 2094 1919 2120 est
1939 2094 2059 2120 contem-

1212 2138 1341 2176 plationis
1363 2138 1466 2175 gratia,
1487 2146 1542 2166 non
1564 2141 1594 2166 ut
1614 2138 1679 2166 boni
1700 2137 1810 2167 fiamus.

1216 2376 1238 2395 et
1250 2372 1286 2396 ed.
1303 2374 1308 2395 l
1324 2391 1329 2401 ‚
1347 2373 1466 2396 lectionem
1484 2373 1533 2395 Vat.
1551 2374 1707 2401 mutavimus;
1725 2379 1770 2402 qua
1788 2374 1912 2396 mutatione
1929 2375 2059 2402 supposita,

1217 2413 1334 2444 theoloqia
1351 2414 1443 2442 largiori
1460 2419 1529 2436 sensu
1547 2414 1680 2442 accipienda
1697 2416 1743 2441 est,
1756 2416 1868 2442 quatenus
1885 2413 1989 2437 diversas
2001 2420 2060 2437 com-

1217 2455 1322 2483 plectitur
1338 2453 1476 2481 disciplinas.
1493 2465 1525 2469 —
1541 2453 1591 2475 Mox
1608 2453 1686 2481 plures
1703 2452 1770 2475 codd.
1788 2454 1846 2475 inter
1863 2459 1921 2482 quos
1938 2456 1960 2476 et
1976 2453 2027 2476 cod.
2041 2453 2059 2475 T

1218 2500 1272 2517 cum
1289 2493 1324 2515 ed.
1344 2494 1352 2515 4
1374 2495 1427 2521 post
1442 2492 1484 2515 iste
1501 2492 1588 2515 addunt
1604 2493 1643 2515 est.

1279 2531 1289 2546 6
1305 2531 1401 2554 Duabus
1418 2532 1453 2553 his
1470 2531 1665 2559 propositionibus
1682 2531 1812 2553 consimiles
1828 2530 1897 2557 habet
1918 2530 2017 2558 Aristot.,
2037 2529 2060 2552 11.

1217 2571 1287 2593 Εῑ1110.
1305 2576 1324 2592 6.
1342 2570 1371 2591 2:
1389 2569 1502 2597 Quoniam
1520 2575 1629 2597 praesens
1645 2570 1747 2591 tractatio
1765 2568 1873 2597 (Ethicae)
1891 2574 1937 2591 non
1954 2570 1989 2590 est
2012 2574 2062 2596 spe-

1218 2608 1337 2631 culationis
1354 2614 1437 2636 causa,
1455 2607 1653 2636 quemadmodum
1671 2607 1741 2635 aliae;
1760 2613 1805 2629 non
1830 2608 1891 2629 enim
1916 2606 1955 2634 fit,
1980 2608 2006 2628 ut
2027 2612 2062 2629 co-

1219 2652 1373 2675 gnoscamus,
1398 2645 1455 2674 quid
1481 2646 1509 2668 sit
1533 2646 1621 2673 virtus,
1645 2646 1686 2668 sed
1710 2648 1735 2668 ut
1759 2645 1813 2668 boni
1839 2646 1972 2667 efficiamur.
1990 2644 2016 2666 Et
2038 2644 2061 2666 11.

1219 2685 1314 2712 Metaph.
1328 2686 1379 2706 text.
1392 2684 1413 2706 3.
1427 2683 1451 2711 (l.
1464 2684 1563 2707 brevior.
1582 2691 1600 2707 c.
1615 2684 1657 2713 1.);
1671 2684 1829 2713 Speculativae
1841 2685 1925 2706 etenim
1937 2683 2061 2710 (scientiae)

1218 2724 1269 2745 finis
1285 2724 1384 2750 verim,
1403 2723 1515 2750 practicae
1532 2726 1609 2746 autem
1626 2729 1692 2752 opus.
1709 2735 1741 2739 —
1758 2723 1887 2746 Secundam
1910 2723 1978 2746 huius
1994 2729 2064 2751 argu-

1219 2763 1288 2785 menti
1305 2762 1486 2790 propositionem
1503 2762 1553 2784 cod.
1572 2763 1591 2785 K
1603 2763 1632 2785 ita
1645 2763 1748 2791 exhibet:
1766 2764 1787 2786 et
1798 2762 1876 2786 omnis
1892 2762 1987 2786 scientia
2004 2769 2064 2792 pra-

1220 2801 1277 2825 ctica
1295 2802 1329 2824 est
1345 2801 1372 2824 de
1389 2801 1424 2824 liis
1442 2807 1502 2831 quae
1518 2803 1574 2824 sunt
1591 2801 1620 2825 ab
1645 2808 1714 2832 opere
1730 2803 1827 2829 vostro,
1845 2808 1892 2825 mm
1910 2808 1925 2825 a
1943 2802 2007 2825 Deo:
2024 2801 2065 2824 sed

1220 2840 1264 2863 ista
1282 2840 1378 2864 scientia
1396 2846 1444 2864 non
1460 2842 1495 2864 est
1510 2843 1552 2863 etc.

2076 1547 2107 1574 ᾼᾰ
2119 1552 2178 1571 oppo-

2067 1573 2130 1589 Situm.
