2253 3317
708 128 789 156 DisT.
812 127 875 155 XIII.
898 127 969 155 ART.
991 126 1106 155 UNICUS
1128 126 1262 162 QUAEsT.
1286 125 1325 153 III.
1826 123 1881 152 ζ237

140 217 193 237 nou
208 208 376 245 accipiemus
391 206 542 235 terminum
557 214 609 243 pro
627 206 783 234 substantia
797 205 841 234 vel
856 204 983 239 essentia,

140 255 188 283 sed
210 262 261 292 pro
282 253 439 291 hypostasi,
460 255 491 281 ut
511 253 591 290 prius
612 253 739 281 habitum
754 252 826 281 est1.

218 301 243 329 4.
266 300 305 329 Ad
326 300 395 328 illud
417 299 491 336 quod
509 299 663 336 quaeritur,
684 302 780 327 utrum
803 306 831 327 se
846 298 913 335 ipsis
940 298 984 326 vel

136 348 212 381 aliisg
235 349 321 385 patet,
342 346 417 383 quod
431 354 460 373 se
478 345 558 382 ipsis.
575 345 605 373 Et
619 345 654 373 ad
670 345 697 373 id
709 344 719 360 2
744 345 820 381 quod
844 344 983 379 obiicitur,

140 395 214 431 quod
236 402 291 422 non
312 393 416 422 habent
436 401 495 421 esse
515 401 535 420 ιι
555 400 597 425 se,
620 400 686 428 ergo
700 399 750 420 nec
766 391 910 428 distinqui
917 401 926 423 ‚·
948 391 986 419 di-

140 440 273 474 cendum,
288 440 363 477 quod
379 439 449 467 illud
461 446 515 467 non
529 441 604 467 tenet
618 438 646 466 in
660 445 722 466 esse
732 437 867 474 originali.
887 438 987 474 Quam-

140 487 182 515 vis
196 487 269 515 enim
292 485 462 514 differentiae
477 485 598 513 habeant
616 487 709 513 ortum
724 492 740 512 a
761 491 873 521 genere,
893 486 986 512 tamen

139 541 194 561 non
216 532 427 569 distinguuntur
447 539 463 559 a
484 538 599 567 genere,
615 530 663 559 sed
679 538 707 558 se
729 530 824 567 ipsis³.

220 580 245 607 5.
266 578 305 607 Ad
326 578 396 606 illud
411 577 485 614 quod
507 577 648 610 obiicitur,
663 585 719 613 quo
738 577 820 605 modo
841 576 986 607 differunt.

141 628 189 653 aut
204 624 378 653 substantiali
399 627 448 652 aut
462 623 622 652 accidentali
638 623 809 656 differentia;
827 622 986 656 dicendum,

139 671 215 708 quod
239 670 437 699 insufficienter
458 670 569 698 dividit.
592 670 657 706 quia
678 669 705 697 in
727 669 829 697 divinis
849 672 891 697 est
914 668 988 697 ‘rela-

1041 203 1151 232 tionum
1173 203 1342 237 differentia,
1364 205 1395 231 ut
1415 203 1481 231 dicit
1501 202 1670 239 Augustinus
1691 202 1719 230 in
1738 201 1834 238 quinto
1848 201 1883 230 de

1040 250 1211 284 Trinitate⁴,
1233 257 1304 286 quae
1325 257 1376 278 neo
1398 248 1586 278 accidentalis
1607 257 1657 277 nec
1680 248 1884 276 substantialis

1040 300 1094 331 est,
1116 296 1165 325 sed
1186 297 1274 333 magis
1296 296 1397 325 dieitur
1420 295 1584 333 oriyinatz's.

1120 344 1146 371 6.
1167 342 1206 371 Ad
1227 342 1297 371 illud
1319 343 1393 379 quod
1414 342 1543 371 obiicitur
1565 341 1599 370 de
1620 341 1773 375 creati0ne,
1795 341 1885 369 dieen-

1042 389 1125 423 dum,
1146 389 1221 426 quod
1248 389 1354 418 ratione
1376 388 1512 418 eonnotati
1534 388 1622 425 magis
1650 387 1742 416 differt
1766 387 1883 421 creatio,

1042 435 1090 464 sed
1105 427 1211 464 ratione
1222 435 1384 472 principalis
1395 434 1539 472 significati
1554 442 1608 462 non
1623 436 1731 462 tantuin
1743 433 1884 467 differunt,

1042 482 1107 518 quia
1128 489 1182 510 non
1197 484 1305 510 tantuin
1320 481 1413 510 differt
1433 481 1556 509 essentia
1576 489 1592 508 a
1607 488 1733 517 persona,
1748 483 1883 517 quantum

1039 537 1167 565 persona
1194 537 1210 556 a
1230 536 1356 565 persona.
1385 528 1461 557 Unde
1486 528 1664 565 praedicatur
1685 527 1825 556 essentia⁵
1851 527 1886 555 de

1043 583 1161 612 persona
1181 583 1232 604 nee
1258 575 1322 603 fac-it
1349 575 1442 612 aliquo
1470 575 1552 603 modo
1573 574 1694 611 aliquem
1722 582 1886 608 numerum;

1043 629 1161 659 persona
1181 629 1249 650 vero
1273 621 1453 658 distinguitur
1481 621 1516 649 ab
1534 621 1587 649 alia
1611 628 1742 658 persona;
1770 623 1798 649 et
1825 620 1887 649 ideo

1043 676 1097 697 non
1119 668 1191 696 valet
1212 672 1418 705 argumentum.

876 772 1165 808 SOHOLION.

206 888 220 910 Ι.
240 888 260 909 ln
279 888 390 909 solutione
408 888 475 909 huius
492 886 581 909 subtilis
599 887 738 915 quaestionis
750 886 836 914 antiqui
852 885 983 907 Scholastici

143 927 242 949 diversis
260 927 303 948 viis
320 926 435 948 incedunt.
453 925 480 948 Ut
498 928 569 947 status
586 926 725 954 quaestionis
748 927 853 947 accurate
875 924 986 946 discor-na<

143 968 194 993 tur,
213 964 377 987 attendendum
394 966 442 992 est,
460 964 524 992 quod
540 964 577 985 hic
593 964 668 991 agitur
687 963 715 985 de
732 963 879 991 generatione
895 965 915 984 et
942 962 988 989 spi-

145 1005 232 1026 ratione
248 1004 321 1025 activa
332 1021 337 1030 ,
356 1009 401 1025 non
419 1003 447 1025 de
464 1003 563 1030 passiva.
582 1002 646 1024 Unde
664 1003 720 1024 haec
737 1002 840 1030 quaestio
853 1001 928 1023 differt
939 1003 988 1022 tum

142 1049 157 1065 a
175 1043 309 1071 quaestione
326 1041 354 1063 de
373 1042 498 1063 differentia
524 1042 582 1063 inter
599 1041 725 1063 secundam
743 1042 765 1062 et
781 1041 869 1062 tertiam
887 1040 989 1062 divinam

146 1087 268 1109 personam
287 1080 332 1108 (de
350 1086 395 1108 qua
413 1086 484 1107 supra
502 1079 523 1101 d.
542 1080 563 1101 9.
582 1085 603 1107 q.
624 1078 674 1108 2.),
693 1082 741 1101 tum
759 1078 788 1100 ab
806 1079 857 1105 illa,
881 1078 937 1107 quid
962 1078 990 1099 sit

142 1119 247 1149 potentia
265 1119 390 1147 generandi
409 1118 448 1147 (d.
465 1118 487 1140 7.
506 1124 527 1146 q.
548 1118 590 1146 t.)‚
609 1124 662 1140 cum
675 1124 720 1146 qua
732 1120 807 1139 tamen
824 1118 937 1139 cohaeret.

208 1157 331 1185 Quaeritur
347 1157 417 1184 igitur
433 1157 524 1184 primo,
543 1157 609 1178 cuius
626 1158 720 1178 naturae
745 1157 774 1178 sit
798 1155 911 1178 distinctio
932 1156 990 1177 inter

147 1197 317 1225 generationem
337 1197 359 1217 et
375 1195 522 1223 spirationem
540 1196 645 1217 activam.
655 1195 731 1217 Primo
743 1201 796 1217 cum
809 1195 918 1217 sententia
930 1200 990 1216 com-

145 1236 209 1257 muni
226 1235 363 1262 resolvitur,
381 1234 445 1262 quod
462 1240 506 1256 non
523 1235 552 1256 sit
569 1234 682 1256 distinctio
699 1240 762 1256 inere
780 1233 880 1256 rationis
896 1234 945 1255 sive
958 1239 990 1255 sc-

146 1274 249 1296 cundum
266 1273 363 1295 modum
382 1273 487 1301 dicendi,
506 1274 600 1301 insuper
624 1273 646 1294 in
671 1273 774 1295 fundam.
799 1273 923 1300 asseritur,
949 1273 991 1294 has

147 1313 303 1334 emanationes
319 1311 417 1334 realiter
434 1311 536 1341 differre.
554 1312 640 1334 Sensus
657 1312 726 1333 huius
743 1311 892 1333 distinctionis
916 1309 991 1333 realis

148 1359 160 1374 a
177 1351 288 1374 Brulit‘ero
305 1353 328 1373 et
346 1350 420 1373 Barth.
434 1351 462 1373 de
474 1350 587 1373 Barberiis
599 1350 701 1377 (Cursus
721 1350 800 1372 Theoi.
813 1350 872 1378 disp.
889 1350 922 1371 1-2.
935 1356 956 1378 q.
969 1349 991 1371 7.

146 1391 247 1413 conclus.
261 1390 291 1418 3.)
307 1390 438 1418 explicatur,
451 1392 476 1412 ut
486 1389 548 1412 idem
560 1390 618 1412 dicat
639 1395 665 1411 ac
678 1389 790 1411 distinctio
802 1387 913 1418 formalis
925 1388 991 1411 Scoti.

147 1429 188 1451 Alii
200 1435 251 1451 eam
264 1429 392 1456 intelligunt
403 1429 425 1450 in
438 1434 505 1450 sensu
519 1428 668 1450 distinctionis
685 1427 801 1451 virtualis.
820 1428 885 1449 Plura
904 1427 931 1449 de
949 1427 992 1448 hoc

150 1467 204 1489 vide
221 1467 278 1489 infra
297 1467 318 1489 d.
337 1467 373 1489 26.
392 1473 413 1495 q.
433 1467 441 1488 l
455 1485 460 1495 ,
478 1466 518 1489 ubi
535 1467 557 1488 in
574 1466 664 1488 Scholio
682 1472 748 1488 mens
766 1466 889 1494 Seraphici,
907 1465 993 1488 collatis

150 1507 220 1528 variis
237 1506 341 1528 eiusdem
355 1506 417 1534 locis,
429 1505 585 1533 explicabitur.
598 1505 699 1528 Sufficiat
715 1506 751 1527 hic
768 1506 857 1533 notare,
870 1510 915 1526 non
932 1504 993 1526 intel-

151 1545 189 1573 ligi
202 1544 246 1567 sub
258 1546 301 1567 hoc
319 1546 410 1567 nomine
428 1544 595 1567 distinctionem
613 1545 688 1566 stricte
700 1544 785 1566 realem
797 1543 938 1572 absolutam,
953 1543 993 1566 sed

153 1592 163 1604 α
173 1583 300 1606 secundum
320 1584 470 1606 differentiam
487 1584 581 1611 originis
593 1585 615 1605 et
626 1583 795 1611 habitudinis»,
808 1584 821 1604 i.
834 1589 853 1604 e.
870 1590 879 1602 a
890 1582 993 1605 distincta

152 1625 186 1645 est
196 1629 240 1645 una
254 1622 282 1645 ab
295 1623 336 1645 alia
350 1629 394 1644 non
407 1629 431 1644 re
448 1623 568 1650 essentiali,
581 1622 621 1644 sed
634 1622 740 1644 notionali
751 1630 772 1650 ›⁷‚
785 1624 810 1644 ut
822 1622 875 1644 dicit
886 1621 992 1644 Richard.

149 1662 205 1687 {hic
223 1668 244 1690 q.
263 1661 307 1689 3.).
326 1661 420 1688 Insuper
438 1663 536 1688 constat,
548 1661 570 1682 S.
584 1661 704 1683 Doctorem
721 1660 836 1682 interdum
854 1666 946 1682 omnem
964 1660 995 1681 di-

152 1701 295 1722 stinctionem
313 1700 438 1727 maiorem,
457 1705 526 1728 quam
545 1705 604 1728 quae
621 1702 653 1721 est
671 1700 764 1721 rationis
780 1699 943 1727 ratiocinantis,
957 1705 994 1721 no-

152 1741 240 1761 minare
260 1739 353 1761 realem.

218 1778 304 1800 Deinde
329 1778 447 1805 supposita
470 1778 511 1799 hac
535 1777 634 1799 duarum
657 1777 827 1799 emanationum
850 1776 993 1805 differentia,

151 1817 235 1838 iterum
253 1816 377 1844 quaeritur,
396 1822 454 1844 quae
467 1816 495 1837 sit
505 1814 568 1838 ratio
580 1816 649 1837 huius
661 1815 806 1843 differentiae,
819 1817 841 1837 et
852 1821 904 1837 cum
917 1815 995 1843 plures

151 1856 263 1883 assignari
281 1856 371 1883 possint
387 1855 495 1882 rationes,
514 1860 573 1882 quae
590 1854 619 1876 sit
631 1853 714 1883 prima
725 1853 829 1876 eiusdem
840 1855 904 1876 ratio.
917 1854 939 1876 ln
953 1855 995 1876 hac

153 1894 253 1916 secunda
272 1894 407 1922 quaestione
424 1896 467 1915 stat
491 1893 614 1921 praecipua
640 1892 772 1921 difficultas,
791 1899 849 1922 quae
867 1895 927 1915 tanta
945 1895 993 1921 est,

150 1935 176 1955 ut
192 1933 305 1955 Aureolus
323 1939 375 1955 cum
394 1932 551 1954 Nominalihus
568 1932 699 1954 temeritatis
716 1934 798 1959 arguat
822 1938 862 1954 eos
887 1933 926 1960 qui
952 1933 995 1954 hoc

154 1971 262 1999 indagare
282 1973 438 1999 praesumant.
456 1971 527 1993 Etiam
544 1971 686 1998 Augustinus
703 1976 755 1992 cum
774 1971 880 1999 Magistro
898 1971 951 1999 (hic
972 1972 995 1993 in

153 2010 231 2035 textu)
248 2011 368 2038 propriam
396 2011 454 2032 circa
479 2011 522 2032 hoe
546 2010 698 2037 ignorantiam
724 2009 849 2031 confitetur.
875 2010 934 2038 Quid
959 2010 995 2032 alii

154 2049 284 2071 Scholastiei
303 2050 361 2071 circa
380 2049 438 2070 hane
455 2048 610 2070 difficultatem
628 2048 738 2076 doceant,
755 2049 835 2076 paucis
853 2048 964 2070 dicamus.

217 2088 240 2110 11,
258 2088 375 2115 Praecipui
394 2087 498 2109 doctores
515 2090 537 2109 et
553 2088 638 2116 antiqui
656 2090 678 2109 et
693 2087 798 2109 moderni
815 2088 953 2110 conveniunt
973 2089 995 2110 in

156 2126 269 2148 nonnullis
285 2126 460 2153 assertionibus,
478 2127 500 2148 in
518 2126 566 2148 aliis
591 2125 708 2148 dissident.
727 2125 872 2149 Conveniunt
896 2126 996 2153 (praeter

154 2165 266 2193 Durand.)
287 2165 307 2186 sl.
325 2166 346 2186 in
360 2166 418 2193 hoc,
436 2165 499 2193 quod
515 2164 629 2188 radicalis
646 2165 702 2187 ratio
720 2165 858 2187 diversitatis
875 2165 942 2187 huius
958 2171 997 2192 po-

154 2203 228 2226 nenda
246 2205 273 2226 sit
290 2205 312 2226 in
331 2204 443 2226 differenti
454 2205 541 2226 ratione
552 2204 672 2232 utriusque
683 2204 850 2232 productionis,
864 2210 917 2226 cum
928 2204 997 2225 Filius

154 2243 295 2270 producatur
312 2249 354 2271 per
371 2243 467 2265 modum
484 2242 615 2265 intellectus
632 2245 654 2264 et
665 2243 782 2270 naturae,
797 2242 894 2270 Spiritus
905 2244 997 2264 sanctus

155 2287 197 2308 per
214 2281 309 2303 modum
326 2280 455 2303 voluntatis
480 2283 502 2302 et
527 2279 681 2303 liberalitatis.
698 2280 746 2302 Hoc
771 2280 837 2302 docet
853 2280 874 2302 S.
902 2280 996 2307 Bonav.,

154 2324 223 2347 supra
236 2319 257 2342 d.
270 2320 291 2341 6.
304 2326 323 2342 a.
338 2320 357 2341 i.
371 2326 392 2348 q.
405 2320 433 2347 2,
451 2319 473 2341 d.
493 2320 500 2341 i
508 2320 528 2341 0.
546 2326 565 2341 a.
585 2320 605 2341 1.
623 2326 645 2348 q.
663 2320 672 2341 ‘t
687 2338 692 2347 ,
705 2320 741 2341 hic
753 2321 775 2341 et
785 2320 807 2341 in
824 2319 927 2341 fundam.
941 2320 996 2341 etin

150 2364 218 2386 ¹corp.
227 2370 259 2374 —
267 2357 423 2380 Communiter
435 2358 541 2386 theologi,
554 2359 688 2386 praesertim
700 2360 752 2386 post
761 2357 827 2380 Cone.
835 2358 996 2386 Florentinum,

156 2397 252 2425 docent,
270 2398 352 2419 harum
374 2398 544 2419 emanationum
569 2397 707 2425 principium
729 2396 792 2426 quod
813 2403 863 2419 esse
887 2403 998 2424 personas

156 2436 309 2464 producentes
320 2454 325 2463 ,
343 2437 481 2464 principium
499 2442 555 2458 vero
573 2442 619 2465 quo
636 2436 767 2464 proximum
794 2437 882 2464 primae
906 2442 999 2458 emana-

156 2474 223 2496 tionis
240 2480 290 2496 esse
307 2475 430 2496 essentiam
447 2474 548 2496 divinam
566 2480 619 2496 cum
635 2473 765 2503 intellectu,
785 2475 834 2497 sive
859 2474 999 2497 memoriam

156 2512 283 2541 secundam
300 2513 307 2541 (
317 2514 348 2535 uti
367 2514 431 2535 multi
449 2519 501 2535 cum
519 2513 643 2541 Seraphico
656 2513 798 2541 loquuntur);
811 2513 926 2535 secundae
942 2519 999 2535 vero

157 2552 294 2579 principium
313 2557 358 2581 quo
375 2558 425 2574 esse
442 2552 539 2574 eandem
556 2553 678 2574 essentiam
695 2558 748 2574 cum
764 2551 885 2575 voluntate
901 2552 951 2574 sive
962 2557 1000 2574 vo-

157 2590 271 2613 luntatem
286 2590 419 2619 secumdam.

1105 885 1126 907 2.
1145 885 1227 906 Natura
1246 885 1322 906 divina
1341 890 1413 913 aeque
1426 885 1549 906 formaliter
1573 886 1595 906 et
1606 890 1647 912 per
1670 890 1694 906 se
1706 884 1890 906 communicatur

1045 923 1139 951 Spiritui
1155 925 1233 945 sancto
1254 928 1281 944 ac
1297 922 1358 945 Filio.
1376 922 1437 945 Licet
1454 923 1507 945 huic
1523 923 1628 950 positioni
1651 922 1752 944 nonnulli
1777 921 1890 944 contradi-

1045 964 1109 989 cant,
1128 961 1219 983 videtur
1236 967 1286 983 esse
1303 963 1363 983 certa
1376 961 1490 989 doctrina,
1508 967 1578 990 quam
1591 961 1657 983 docet
1678 961 1699 982 S.
1723 961 1809 982 Bonav.
1826 966 1889 988 prae-

1044 1001 1122 1022 sertim
1148 1000 1169 1022 d.
1196 1000 1231 1022 io.
1258 1007 1277 1022 a.
1305 1000 1325 1022 l.
1351 1006 1373 1028 q.
1399 1000 1419 1022 rl.
1443 1000 1473 1022 ad
1500 1000 1520 1022 3.
1546 1000 1611 1022 Unde
1642 1001 1759 1028 sequitur,
1788 999 1889 1021 radicem

1044 1038 1103 1061 illius
1120 1039 1259 1061 differentiae
1277 1039 1433 1067 quaerendam
1450 1045 1500 1061 esse
1518 1039 1540 1060 in
1558 1039 1696 1066 proprietate
1708 1038 1805 1066 duplicis
1822 1038 1890 1060 huius

1045 1078 1188 1100 fecunditatis
1206 1078 1262 1106 (cfr.
1281 1078 1317 1100 hic
1334 1084 1355 1106 q.
1375 1079 1395 1100 2.
1413 1077 1442 1100 ad
1460 1078 1480 1100 rI.
1498 1080 1520 1100 et
1537 1079 1557 1099 2.
1569 1078 1584 1106 ).

1110 1117 1130 1138 3.
1149 1117 1226 1138 Plures
1243 1119 1340 1144 possunt
1356 1119 1378 1138 et
1401 1116 1483 1139 debent
1509 1117 1620 1144 assignari
1646 1116 1784 1139 differentiae
1808 1117 1889 1138 harum

1046 1156 1232 1177 emanationum:
1249 1161 1333 1183 nempe
1356 1155 1480 1177 differentia
1507 1155 1680 1184 terminorum,
1707 1155 1756 1177 sive
1782 1160 1891 1183 persona-

1046 1200 1098 1216 rum
1116 1196 1289 1221 emanatarum,
1307 1200 1366 1222 quae
1383 1196 1444 1216 certe
1460 1194 1549 1216 realiter
1568 1194 1753 1222 distinguuntur3
1766 1193 1890 1216 differentia

1043 1232 1235 1262 principiorum,
1254 1235 1303 1254 tum
1329 1233 1382 1261 quia
1408 1234 1524 1260 generatio
1549 1235 1584 1255 est
1608 1232 1637 1255 ab
1654 1239 1708 1261 uno,
1727 1235 1750 1254 et
1766 1233 1860 1260 spiratio
1878 1239 1889 1254 a

1048 1271 1141 1294 duobus
1158 1271 1210 1299 (hic
1226 1272 1249 1293 in
1266 1272 1286 1293 2.
1305 1271 1407 1293 fundam.
1425 1274 1447 1293 et
1464 1273 1552 1300 (·orp.),
1566 1274 1615 1293 tum
1627 1273 1680 1300 quia
1693 1272 1831 1299 principium
1844 1277 1890 1301 quo

1047 1311 1179 1338 proximum
1191 1312 1225 1332 est
1236 1310 1298 1332 aliud
1313 1312 1335 1332 et
1347 1310 1409 1333 aliud
1421 1310 1428 1338 (
1438 1311 1459 1333 3.
1472 1311 1596 1339 sundam.);
1610 1310 1709 1339 denique
1720 1314 1755 1333 cst
1766 1310 1890 1333 differentia

1048 1350 1070 1371 in
1087 1349 1264 1379 comparatione
1280 1349 1312 1372 ad
1322 1355 1365 1372 nos
1384 1350 1391 1374 (
1400 1351 1422 1371 in
1440 1350 1525 1378 corp),
1538 1351 1591 1378 quia
1603 1350 1625 1371 in
1637 1350 1738 1372 secunda
1749 1350 1892 1372 emanatione

1048 1391 1082 1410 est
1098 1389 1179 1417 aliquis
1197 1389 1301 1416 specialis
1318 1391 1436 1416 respectus
1447 1388 1477 1410 ad
1489 1391 1617 1411 creaturam
1633 1388 1762 1410 secundum
1784 1387 1892 1417 aptitudi-

1049 1433 1101 1450 nem
1113 1426 1287 1456 donabilitatis,
1307 1427 1336 1450 de
1353 1434 1400 1456 quo
1417 1428 1457 1450 cfr.
1483 1428 1539 1449 infra
1563 1427 1585 1449 d.
1611 1427 1645 1449 18.
1669 1433 1690 1455 q.
1708 1427 1729 1449 2.
1756 1428 1777 1449 et
1800 1426 1821 1448 5.
1847 1426 1892 1449 Nec

1048 1469 1083 1488 est
1099 1467 1269 1493 controversia,
1287 1469 1365 1488 utrum
1383 1467 1425 1488 hae
1443 1465 1582 1488 differentiae
1603 1464 1746 1493 subsistant,
1772 1465 1813 1487 sed
1833 1471 1892 1493 quae

1048 1512 1129 1528 earum
1147 1507 1175 1528 sit
1190 1505 1270 1534 prima
1287 1506 1343 1527 ratio
1360 1507 1383 1527 et
1399 1505 1464 1533 quasi
1481 1511 1493 1527 a
1511 1505 1589 1533 priori.

1112 1544 1144 1566 111.
1161 1543 1281 1566 Dissident
1295 1549 1351 1565 vero
1369 1543 1467 1571 theologi
1493 1544 1551 1565 circa
1577 1543 1664 1572 aliquas
1691 1542 1892 1565 determinationes

1050 1584 1202 1611 specialiores.

1114 1621 1133 1644 sl.
1152 1621 1273 1643 Durandus
1291 1627 1345 1643 cum
1362 1621 1476 1643 nonnullis
1492 1621 1577 1643 nullam
1590 1621 1656 1642 aliam
1680 1621 1829 1643 differentiam
1853 1620 1893 1642 ad-

1051 1660 1141 1682 mittere
1152 1659 1244 1681 videtur
1256 1660 1298 1681 nisi
1310 1660 1368 1681 hanc
1377 1677 1382 1687 ,
1401 1659 1463 1688 quod
1480 1660 1596 1687 generatio
1613 1659 1723 1686 procedat
1739 1658 1768 1681 ab
1785 1664 1837 1686 uno,
1850 1658 1893 1686 spi-

1051 1699 1108 1720 ratio
1126 1705 1137 1720 a
1156 1698 1261 1726 duobus,
1280 1704 1350 1727 quam
1367 1699 1501 1720 sententiam
1524 1699 1605 1720 merito
1622 1698 1642 1719 S.
1661 1698 1743 1720 Doetor
1760 1704 1814 1720 cum
1831 1703 1894 1719 com-

1051 1736 1114 1758 muni
1126 1737 1255 1764 impugnat.

1115 1775 1135 1796 2.
1153 1774 1300 1802 Disputatur,
1317 1776 1395 1796 utrum
1412 1777 1502 1802 praeter
1520 1774 1657 1796 differentias
1674 1775 1755 1802 petitas
1773 1774 1837 1802 quasi
1855 1779 1893 1796 eo:-

1051 1813 1168 1836 trinsecus
1186 1814 1192 1839 (
1203 1814 1252 1835 sive
1269 1813 1418 1843 originaliter
1434 1820 1445 1835 a
1464 1814 1511 1836 suis
1523 1814 1641 1841 principiis
1652 1832 1656 1841 ,
1669 1814 1682 1835 i.
1695 1820 1715 1835 e.
1728 1814 1832 1841 personis
1843 1819 1893 1841 pro-

1052 1852 1201 1880 ducentibus,
1219 1853 1268 1875 sive
1285 1853 1452 1882 consequenter
1463 1859 1475 1874 a
1487 1853 1535 1875 suis
1547 1853 1664 1880 terminis)
1677 1853 1831 1875 emanationes
1851 1853 1893 1874 hae

1051 1892 1119 1913 etiam
1144 1892 1280 1913 intrinsecus
1304 1894 1326 1913 et
1341 1891 1476 1920 formaliter
1493 1892 1522 1920 (a
1540 1892 1627 1919 priori)
1647 1891 1751 1913 differant
1766 1897 1790 1913 se
1806 1890 1863 1920 ipsis
1879 1892 1893 1913 i.

1052 1937 1071 1952 c.
1088 1931 1187 1958 propriis
1204 1931 1307 1958 ipsarum
1325 1930 1465 1958 rationibus,
1490 1931 1587 1958 analogo
1612 1931 1697 1959 modo,
1724 1931 1781 1952 sicut
1802 1931 1893 1953 ultimae

1053 1969 1193 1992 differentiae
1211 1969 1244 1997 (V.
1262 1976 1284 1997 g.
1302 1970 1409 1992 rationale
1427 1973 1449 1992 et
1466 1970 1604 1999 irrationale)
1626 1969 1739 1992 differunt.
1765 1970 1787 1991 Si
1805 1971 1848 1992 hoc
1865 1970 1894 1992 af-

1052 2008 1166 2036 firmatur,
1179 2009 1235 2031 haec
1248 2009 1373 2031 differentia
1386 2009 1429 2031 dici
1442 2008 1510 2031 debet
1522 2010 1595 2037 prima
1608 2011 1629 2031 et
1641 2010 1705 2037 quasi
1718 2009 1826 2031 formalis.
1837 2009 1894 2031 Illud

1055 2048 1152 2070 affirmat
1175 2048 1196 2070 S.
1221 2048 1303 2070 Doctor
1325 2049 1347 2070 in
1365 2054 1428 2076 corp.
1446 2051 1468 2070 et
1484 2048 1514 2070 ad
1531 2048 1551 2070 4.
1569 2047 1717 2070 Consentiunt
1733 2049 1823 2075 praeter
1840 2048 1895 2070 alios

1054 2086 1110 2108 Petr.
1128 2092 1140 2108 a
1158 2086 1210 2108 Tar.
1229 2089 1250 2108 et
1268 2086 1374 2109 Richard.
1392 2093 1404 2108 a
1423 2086 1479 2109 Med.
1497 2089 1520 2109 et
1535 2087 1659 2114 praecipue
1675 2086 1745 2113 Scot.,
1771 2087 1810 2114 qui
1827 2087 1895 2108 etiam

1053 2124 1131 2147 addit:
1153 2132 1162 2144 α
1177 2124 1283 2147 differunt
1299 2131 1324 2148 se
1341 2125 1394 2148 totis
1406 2134 1427 2147 u.
1445 2125 1505 2147 Haec
1522 2125 1599 2147 ultima
1617 2125 1724 2153 particula
1742 2124 1867 2152 explicatur
1882 2131 1895 2146 a

1053 2164 1154 2186 Seotistis
1171 2165 1193 2185 in
1211 2164 1255 2186 hoc
1277 2170 1362 2191 sensu,
1387 2164 1451 2192 quod
1476 2163 1567 2186 duabus
1591 2163 1774 2186 emanationibus
1799 2170 1843 2186 non
1869 2164 1896 2185 sit

1053 2199 1184 2225 communis
1201 2203 1276 2231 aitqua
1294 2203 1384 2225 realitas
1395 2209 1437 2230 per
1449 2202 1588 2225 differentias
1601 2202 1755 2225 contrahibilis
1764 2221 1769 2231 ,
1782 2203 1832 2225 licet
1843 2208 1897 2224 con-

1054 2243 1146 2264 veniant
1163 2243 1185 2264 in
1203 2245 1314 2270 conceptu
1332 2242 1448 2264 communi
1461 2242 1518 2264 entis
1530 2243 1552 2263 et
1563 2241 1678 2263 relationis
1691 2240 1776 2269 (Rada,
1788 2240 1895 2263 Controv.

1057 2279 1092 2302 14.
1110 2286 1130 2302 a.
1149 2281 1177 2308 ‘23
1195 2280 1295 2308 Macedo,
1313 2280 1366 2303 Coll.
1384 2279 1406 2302 7.
1426 2280 1472 2302 diff.
1491 2280 1512 2308 2,
1530 2281 1569 2309 qui
1595 2280 1676 2302 aeriter
1700 2280 1793 2301 Scotum
1819 2281 1895 2301 eontra

1056 2319 1265 2346 interpretationem
1282 2320 1366 2347 ipsius,
1390 2325 1459 2347 quam
1476 2319 1529 2341 facit
1544 2318 1676 2347 Caietanus,
1694 2318 1810 2346 defendit).
1826 2330 1858 2334 —
1873 2318 1895 2340 S.

1055 2357 1157 2379 Thomas
1173 2358 1195 2379 in
1214 2358 1309 2380 Summa
1327 2357 1351 2386 (1.
1368 2364 1388 2386 q.
1409 2357 1445 2379 27.
1463 2364 1482 2380 a.
1501 2357 1521 2379 4.
1540 2357 1569 2379 ad
1596 2357 1626 2386 ll.)
1652 2357 1775 2379 concordat
1799 2363 1852 2379 cum
1873 2357 1895 2379 S.

1054 2396 1213 2418 Bonaventura
1232 2396 1337 2418 docendo
1348 2414 1353 2424 ‚
1371 2396 1434 2424 quod
1447 2394 1555 2424 propriis
1571 2395 1679 2424 ipsarum
1690 2394 1822 2418 rationibus
1835 2394 1896 2424 diffe-

1054 2435 1126 2461 rant,
1146 2434 1210 2462 quod
1226 2434 1288 2456 idem
1305 2437 1339 2457 est
1350 2440 1376 2457 ac
1387 2433 1478 2464 seipsis
1495 2434 1604 2464 differre,
1619 2435 1650 2456 uti
1663 2434 1766 2456 concedit
1777 2433 1896 2456 Caietanus

1056 2472 1163 2501 (adhunc
1171 2473 1265 2501 locum).
1273 2473 1318 2495 Sed
1330 2473 1398 2501 idem,
1410 2473 1437 2495 de
1447 2473 1545 2495 Potentia
1558 2479 1579 2501 q.
1589 2473 1623 2494 tO.
1634 2479 1653 2494 a.
1664 2474 1684 2494 2.
1695 2473 1752 2494 hanc
1763 2473 1896 2494 sententiam

1056 2519 1100 2534 non
1119 2512 1228 2540 admittit,·
1246 2512 1275 2534 de
1292 2512 1335 2534 alia
1347 2518 1410 2540 vero,
1423 2512 1489 2540 quod
1506 2518 1577 2540 penes
1586 2511 1705 2541 principia
1717 2512 1896 2539 distinguantur,

1056 2552 1088 2573 sic
1104 2551 1205 2573 iudicat:
1226 2559 1236 2571 α
1252 2551 1301 2573 Non
1312 2551 1406 2578 sufficit,
1418 2551 1461 2573 nisi
1472 2551 1535 2573 aliud
1546 2550 1644 2573 addatur
1655 2559 1665 2571 n
1679 2557 1684 2578 ;
1697 2550 1796 2579 dentque
1807 2551 1896 2572 tertiam

1056 2591 1131 2619 ponit,
1153 2590 1216 2618 quod
1239 2589 1324 2612 «solas
1341 2589 1399 2613 ordo
1416 2590 1602 2618 processionum,
1621 2590 1660 2618 qui
1677 2589 1799 2612 attenditur
1818 2595 1897 2611 secun-

144 2692 320 2719 *propositionis
338 2697 382 2713 non
404 2694 456 2713 sunt
481 2691 588 2719 termini,
613 2691 654 2714 sed
678 2692 852 2721 emanationes,
875 2699 949 2721 quae,
966 2693 999 2715 uti

158 2736 228 2758 supra
246 2730 333 2752 dictum
351 2733 396 2757 est,
416 2731 437 2752 in
454 2729 502 2752 Deo
519 2736 543 2752 se
565 2731 621 2758 ipsis
645 2730 752 2753 differunt
776 2734 798 2753 et
819 2735 872 2754 sunt
893 2733 949 2754 ratio
967 2731 1000 2753 di-

158 2769 295 2797 stinguendi.
314 2769 377 2790 Unus
394 2768 479 2790 alterve
496 2768 567 2790 codex
583 2771 608 2791 ut
624 2768 668 2791 ΒΟ
685 2775 738 2791 cum
755 2770 791 2792 ed.
807 2771 812 2792 1
835 2770 905 2793 modo
924 2771 1000 2798 singu-

154 2808 199 2830 Jari
215 2807 242 2830 in
258 2807 342 2830 divinis
359 2808 392 2830 est
412 2806 490 2835 ratio,
515 2807 556 2829 sed
581 2813 625 2829 non
650 2808 680 2830 ita
705 2808 764 2830 bene
789 2812 883 2837 propter
905 2808 1001 2831 subiecti

160 2847 320 2874 mutationem;
339 2846 413 2868 simile
430 2846 492 2868 dicas
510 2846 538 2868 de
556 2846 651 2868 lectione
668 2846 718 2868 cod.
740 2846 772 2869 hb
796 2847 822 2869 in
844 2846 929 2870 divinis
945 2848 1003 2870 sum

154 2884 269 2908 rationes.

1118 2692 1125 2706 1
1144 2692 1235 2720 Quaest.
1253 2691 1359 2719 praeced.
1377 2691 1406 2713 ad
1424 2691 1444 2713 3.

1117 2730 1127 2744 ²
1144 2731 1222 2752 Plures
1239 2730 1306 2752 codd.
1324 2732 1349 2752 ut
1365 2730 1437 2751 FHK
1448 2730 1466 2751 T
1484 2732 1526 2751 etc.
1544 2728 1611 2752 illud.

1118 2768 1128 2783 3
1144 2769 1194 2791 Vat.
1212 2775 1266 2791 cum
1282 2769 1319 2791 ed.
1338 2769 1346 2790 i
1368 2768 1409 2791 sed
1424 2775 1439 2791 a
1455 2767 1562 2797 seipsis,
1580 2767 1670 2790 obstant
1685 2770 1762 2790 autem
1779 2773 1834 2790 mss.

1120 2807 1128 2822 ⁴
1146 2807 1201 2835 Cap.
1219 2807 1240 2829 5.
1258 2814 1279 2829 n.
1298 2808 1319 2829 6.
1336 2819 1367 2823 --
1384 2807 1432 2829 Mox
1450 2807 1501 2829 cod.
1519 2807 1535 2829 Z
1552 2806 1684 2836 differentia
1699 2806 1750 2829 loco
1766 2806 1859 2829 dicitur.

1120 2845 1129 2860 ⁵
1146 2846 1196 2868 Vat.
1214 2848 1236 2868 et
1252 2845 1302 2868 cod.
1321 2852 1347 2868 cc
1363 2844 1518 2868 essentialiter
1534 2851 1577 2873 pro
1594 2844 1708 2873 essentia,
1732 2845 1772 2867 sed
1791 2845 1896 2867 emenda-

1060 2888 1095 2907 tur
1112 2891 1139 2907 ex
1157 2885 1238 2907 ceteris
1255 2890 1309 2906 mss.
1327 2887 1350 2907 et
1365 2884 1401 2906 ed.
1421 2885 1440 2906 i.
