2253 3317
754 115 835 142 DIST.
859 114 923 143 XIV.
944 115 1017 142 ΛΒΤ.
1038 115 1066 142 II.
1090 115 1225 151 QUAEST.
1247 115 1276 142 II.

148 191 320 225 bilitasmp
339 199 424 228 quam
447 192 551 228 indiget
571 192 731 220 conservari
754 192 782 220 10
801 192 868 226 alio,
890 186 992 229 011101-

146 236 232 274 sectio
247 238 274 266 in
288 241 404 272 natura,
419 238 454 266 ob
468 246 553 275 quam
569 241 659 275 potest
674 239 701 266 in
715 242 809 267 actum
822 239 992 276 perfectum,

147 284 195 321 qui
216 287 258 313 est
278 284 434 321 producere
455 284 507 312 sibi
530 285 649 313 similem
663 285 678 312 ¹.
708 285 886 313 «Perfectum
918 285 991 313 enim

148 331 250 359 dicitur
281 331 516 368 unumquodque.
548 339 613 359 cum
644 334 735 368 potest
765 339 900 368 generare
922 332 992 365 tale,
1020 323 1022 354 3

147 377 230 414 quale
250 377 343 414 ipsum
365 380 406 405 est
419 377 427 389 ²
440 389 466 404 n.
488 377 513 405 Si
536 385 602 414 ergo
623 378 712 414 gratia
733 382 775 407 est
796 379 899 413 forma,
921 386 994 415 quae

147 423 279 452 citissime
299 423 505 460 corrumpitur,
526 426 553 451 et
567 422 657 451 ferma
672 432 788 460 magnae
803 424 992 461 perfectionis:

147 477 214 506 ergo
235 469 317 498 debet
338 469 443 498 habere
458 470 590 498 virtutem
605 470 779 507 producendi
794 470 846 499 sibi
861 471 994 505 similem3

147 516 196 545 sed
218 524 272 544 non
295 517 323 544 in
347 516 471 545 subiecto
493 517 599 554 inquo
621 520 674 546 est:
697 525 764 554 ergo
786 518 813 545 in
835 518 898 546 alio.

225 563 251 591 [ι.
273 563 356 598 Item,
378 563 451 600 quod
475 566 566 600 potest
587 564 709 601 perfecte
731 564 875 601 expellere
891 568 998 593 contra-

147 611 222 639 rium
258 613 349 648 potest
379 610 500 647 perfecte
531 618 701 647 aggenerare
729 611 737 623 ⁵
777 611 905 639 habitum
936 620 998 640 con-

147 658 280 692 trarium,
311 657 377 694 quia
408 657 581 686 contrarium
612 666 666 686 non
698 658 852 695 expellitur
873 658 996 695 perfecte

147 703 200 732 nisi
222 711 272 740 per
294 703 483 737 contrarium:
505 703 554 732 sed
576 703 665 740 gratia
696 706 787 740 potest
807 704 930 740 perfecte
951 711 998 731 ex-

147 750 252 787 pellere
273 750 401 787 culpam:
424 758 491 787 ergo
512 750 601 787 gratia
623 750 649 778 in
672 750 785 779 homine
806 753 897 787 potest
917 757 953 778 ex
968 758 997 778 se
1024 779 1026 786 ⁴

150 804 283 833 generare
305 797 439 833 gratiam3
460 796 509 825 sed
530 805 585 825 non
600 797 628 824 in
644 797 776 831 habente,
798 804 865 833 ergo
886 797 913 824 in
935 796 997 824 alio.

229 844 254 871 5.
270 842 433 872 Ostenditur
454 843 538 872 etiam
547 843 564 877 ⁴,
579 843 655 880 quod
671 843 706 871 sit
720 851 902 880 conqruum,
922 843 998 880 quod

3 898 138 945 *wamma
149 889 238 926 gratia
268 889 401 926 procedat
431 890 466 918 ab
498 898 554 918 uno
580 889 693 917 homine
725 889 752 917 in
777 889 874 917 alium.
898 889 928 917 Et
958 889 996 917 sic

149 936 323 964 ostenditur:
353 936 424 964 ratio
453 936 633 973 superbiendi
669 936 721 964 suit
754 936 825 964 ratio
852 935 998 964 amittendi

149 982 283 1019 gratiam,
304 990 370 1019 ergo
390 982 426 1010 ab
447 982 593 1019 oppositis,
609 982 765 1010 humiliatio
780 985 822 1010 051
836 981 907 1010 ratio
921 990 999 1010 recu-

149 1029 267 1066 perandi
280 1028 298 1062 5;
320 1029 369 1057 sed
386 1029 413 1057 -si
435 1029 524 1065 gratia
546 1028 630 1057 datur
651 1028 687 1056 ab
715 1028 842 1063 homine,
863 1028 928 1065 plus
949 1028 1000 1056 hu—

149 1075 274 1103 miliatur
295 1075 390 1109 110010,
412 1083 496 1112 quani
512 1075 535 1103 si
550 1078 660 1103 tantum
674 1083 690 1103 a
710 1075 781 1109 De03
795 1074 861 1111 quia
876 1074 899 1102 si
913 1074 997 1103 datur

149 1121 185 1150 ab
205 1121 329 1155 homine,
344 1121 510 1150 humiliatur
525 1122 609 1149 homo
624 1121 677 1150 sub
692 1121 748 1149 Deo
763 1124 790 1149 et
804 1121 857 1149 sub
876 1120 996 1155 homine,

150 1176 205 1197 non
219 1171 323 1202 autem,
345 1168 366 1196 si
382 1176 398 1196 a
413 1168 471 1196 5010
486 1168 542 1196 Deo
558 1168 659 1201 datur,
672 1167 839 1196 humiliatur
857 1167 910 1195 sub
924 1170 999 1195 utro-

149 1223 218 1252 que:
234 1223 301 1251 ergo
316 1215 440 1248 videtur,
456 1214 531 1251 quod
548 1215 598 1243 iste
614 1214 715 1242 modus
729 1214 818 1250 magis
833 1214 996 1250 congruat⁵.

229 1263 254 1290 6.
277 1262 359 1295 Item,
381 1261 403 1290 si
425 1261 452 1289 in
465 1262 473 1275 ⁷
494 1263 558 1289 actu
581 1260 727 1294 iustitiae,
754 1260 801 1297 qui
817 1264 859 1289 est
879 1260 996 1297 punitio,

150 1307 297 1336 subiicitur
318 1307 411 1335 anima
441 1307 584 1344 peccatrix
616 1309 763 1335 creaturae
785 1306 943 1343 corporali‚
965 1309 996 1334 ut

149 1355 296 1383 ordinetur
316 1354 344 1382 in
364 1354 512 1382 universo:
535 1362 602 1390 ergo
630 1354 657 1382 in
679 1356 744 1382 actu
774 1353 996 1381 misericordiae

150 1400 233 1429 debet
253 1400 351 1429 subiici
373 1400 457 1428 alicui
477 1403 640 1434 creaturae,
661 1403 694 1428 ut
715 1400 906 1428 reordinetur:
930 1407 996 1435 ergo

150 1448 222 1476 sIcut
242 1447 277 1475 ab
298 1447 392 1484 aliqua
411 1451 542 1475 creatura
562 1447 661 1483 recipit
676 1454 809 1484 poenam,
825 1446 863 1474 ita
884 1446 996 1474 videtur

150 1502 318 1531 congruum,
340 1494 416 1531 quod
437 1494 553 1531 recipiat
573 1496 601 1522 et
622 1494 749 1530 gratiam.

228 1542 254 1569 7.
276 1541 355 1574 Item,
376 1541 532 1578 perfectum
553 1548 638 1577 agens
660 1549 715 1568 non
738 1544 844 1568 tantum
867 1540 915 1568 dat
936 1547 997 1568 sus-

150 1587 261 1624 cipienti
292 1587 426 1621 formam,
448 1587 497 1615 sed
525 1587 609 1614 etiam
630 1587 678 1615 dat
698 1586 849 1623 potentiam
872 1586 998 1614 000511111-

150 1634 204 1663 lem
217 1634 226 1647 ⁸
233 1645 240 1668 3
260 1636 288 1663 et
309 1634 361 1662 hoc
381 1637 423 1662 est
438 1633 465 1662 in
481 1633 730 1662 manifestationem
752 1641 819 1662 suae
842 1632 994 1669 potentiae:

149 1689 216 1717 ergo
231 1681 253 1709 si
267 1681 342 1709 Deus
356 1683 398 1709 est
411 1688 496 1717 agens
517 1680 723 1709 nobilissimum
751 1683 778 1708 et
802 1680 851 1716 qui
872 1679 996 1707 maxime

151 1728 233 1757 dehet
254 1728 363 1756 laudari
385 1728 412 1756 in
434 1735 485 1756 sua
500 1727 622 1761 actione,
638 1735 796 1764 congruum
818 1730 874 1761 051,
896 1730 927 1755 ut
941 1734 994 1755 000

152 1777 259 1803 tantum
268 1774 314 1803 det
325 1774 442 1802 formam
456 1773 570 1810 gratiae.
582 1773 631 1801 sed
644 1774 726 1802 etiam
739 1774 891 1810 potentiam
903 1772 996 1801 dandI.

230 1821 255 1848 8.
278 1820 358 1855 11001,
380 1820 452 1848 51001
472 1828 489 1847 a
510 1820 566 1848 Deo
587 1822 630 1848 est
650 1828 723 1853 esse,
739 1819 777 1847 ita
798 1823 825 1848 et
840 1819 906 1847 bene
920 1827 997 1852 esse:

151 1867 200 1896 sed
221 1867 249 1895 in
269 1867 348 1895 nullo
362 1867 515 1903 derogatur
530 1866 599 1900 Deo,
614 1874 677 1894 cum
694 1866 742 1894 dat
756 1866 908 1903 potentiam
923 1873 997 1894 crea-

152 1917 231 1942 turae
252 1913 336 1942 dandi
358 1922 432 1941 esse:
454 1921 521 1950 ergo
536 1913 563 1941 in
579 1913 656 1941 nullo
678 1913 849 1949 derogatur,
870 1920 935 1941 cum
950 1912 998 1940 dat

151 1961 302 1997 potentIam
324 1960 409 1988 dandi
432 1959 498 1988 bene
518 1968 590 1993 esse,
612 1967 679 1996 ergo
700 1962 727 1988 et
747 1967 808 1988 esse
833 1959 996 1996 gratuitum.

231 2007 257 2034 9.
289 2006 452 2035 Ostenditur
483 2009 576 2035 autem
608 2006 683 2043 quod
716 2006 751 2034 sit
779 2014 899 2039 verimi,
931 2005 997 2041 quia
1025 2028 1027 2037 ,

215 2131 223 2146 ¹
241 2131 296 2153 Fide
312 2137 366 2154 mss.
384 2134 406 2154 et
422 2131 458 2154 ed.
478 2132 485 2153 I
508 2132 544 2153 bic
561 2133 583 2153 et
607 2132 666 2153 circa
693 2131 761 2153 finem
788 2132 919 2160 argumenti
947 2131 997 2153 loco

152 2169 229 2194 simile
245 2170 405 2193 substituimus
421 2169 537 2198 similem,
557 2169 620 2198 quod
637 2172 659 2192 01
676 2170 755 2197 plures
771 2170 839 2192 codd.
858 2176 911 2192 cum
928 2169 965 2192 ed.
984 2170 992 2191 1

152 2209 212 2231 circa
229 2209 369 2236 principium
386 2209 516 2236 argumenti
538 2201 656 2231 exhibent.
670 2220 701 2225 -—
726 2209 758 2231 De
783 2208 869 2236 duplici
892 2209 996 2236 ratione,

153 2247 184 2270 ob
200 2253 271 2276 quam
292 2242 403 2270 creaturis
427 2248 534 2269 convenit
562 2248 660 2275 potentia
686 2247 830 2275 producendi
848 2247 891 2269 sibi
908 2247 996 2275 simile,

152 2286 207 2308 vide
223 2292 293 2314 supra
311 2286 333 2308 d.
351 2286 372 2308 7.
390 2292 413 2314 q.
431 2287 451 2307 ⁴2.
469 2287 491 2308 111
509 2292 573 2314 corp.
651 2308 654 2311 .

214 2325 225 2339 ²
241 2326 331 2347 Aristot.
341 2343 346 2352 ,
358 2325 380 2346 lt.
393 2324 422 2347 de
434 2325 513 2346 Anima
522 2343 527 2352 ,
540 2328 591 2347 text.
604 2324 641 2347 34.
654 2325 683 2353 (0.
702 2325 732 2354 4.)
751 2328 773 2347 et
790 2326 826 2347 IV.
839 2325 930 2347 Meteor.
944 2328 996 2348 text.

155 2364 190 2386 19.
198 2363 238 2397 ,gc—
255 2364 294 2392 3.).
312 2363 356 2386 Csr.
373 2370 444 2391 supra
461 2363 483 2385 d.
502 2364 523 2385 9.
541 2370 563 2391 q.
589 2364 606 2385 l.
623 2375 655 2379 —
671 2364 693 2385 In
711 2369 758 2392 quo
775 2366 848 2391 textu,
866 2364 998 2391 postulanti-

153 2402 197 2425 bus
213 2398 380 2431 antiquioribus
397 2408 451 2424 mss.
468 2405 491 2424 et
506 2402 542 2424 ed.
564 2403 586 2430 t,
604 2402 726 2430 posuimus
737 2408 792 2425 cum
804 2402 854 2424 loco
865 2401 935 2431 quod.
949 2402 998 2423 Mox

154 2441 203 2463 Vat.
215 2447 269 2464 cum
281 2440 332 2463 cod.
344 2447 377 2468 cc,
389 2441 438 2463 aliis
450 2444 525 2463 tamen
542 2440 610 2463 codd.
628 2444 650 2463 et
666 2441 703 2463 ed.
717 2441 724 2462 I
741 2440 904 2468 obnitentibus,
921 2441 998 2462 minus

153 2480 211 2503 bene
222 2481 302 2503 autem
313 2486 355 2507 pro
367 2485 430 2509 erqo.
444 2480 512 2502 Paulo
524 2480 581 2502 infra
593 2480 645 2502 cod.
657 2480 675 2502 O
687 2479 810 2502 mammae
826 2480 876 2502 loco
888 2485 997 2509 maqmze.

214 2518 224 2533 ³
240 2519 364 2547 Sequimur
380 2518 448 2540 codd.
465 2517 534 2540 ACII
545 2518 624 2540 IRS'I‘
635 2518 652 2540 U
669 2522 712 2541 etc.
731 2525 784 2541 cum
802 2518 839 2540 ed.
858 2518 866 2540 1
889 2517 997 2545 ponendo

152 2562 300 2587 ayyenerure
316 2557 366 2579 Ioco
382 2563 513 2586 generare,
532 2556 594 2586 quod
612 2557 663 2579 Vat.
681 2557 756 2579 babet.

214 2595 224 2610 ⁴
241 2596 291 2618 Vat.
309 2596 398 2624 absque
414 2596 547 2618 auctoritate
565 2602 619 2618 mss.
636 2599 659 2618 et
674 2596 711 2618 ed.
731 2596 738 2617 1
760 2597 847 2618 autem.

216 2634 225 2649 ⁵
242 2634 306 2657 Unus
317 2635 419 2663 alterque
431 2634 503 2656 codex
515 2636 540 2656 ut
557 2634 592 2656 IV
609 2635 691 2662 repetit
708 2635 745 2656 hic
760 2633 872 2663 qratiam.
885 2634 934 2655 Mox
947 2634 998 2661 plu-

154 2679 191 2696 res
208 2672 275 2695 codd.
294 2675 318 2694 01
334 2672 421 2694 AIST
433 2672 490 2694 WY
507 2675 549 2694 etc.
567 2673 694 2700 incongrue
711 2678 768 2702 erqo
785 2679 828 2700 pro
844 2672 892 2695 sed.

216 2711 227 2726 ὅ
243 2711 298 2733 Fide
314 2711 469 2739 plurimorum
486 2716 541 2733 mss.
558 2714 581 2733 et
602 2711 638 2733 cd.
658 2711 666 2732 1
696 2711 857 2734 substituimus
881 2710 923 2733 iste
948 2711 997 2732 loco

154 2750 201 2779 ille,
215 2753 237 2773 et
247 2751 367 2780 congruat
381 2756 424 2777 pro
441 2749 570 2772 conveniat.

217 2788 227 2803 ⁷
243 2789 293 2811 Vat.
310 2791 389 2810 contra
406 2794 461 2810 mss.
478 2790 501 2810 ct
516 2787 569 2809 edd.
589 2788 613 2815 l,
632 2788 657 2816 2,
676 2788 689 2809 3
701 2794 771 2816 cum,
789 2788 831 2810 sed
842 2789 919 2810 minus
930 2787 997 2809 bene.

155 2828 178 2850 In
195 2828 240 2850 fine
256 2827 387 2855 argumenti
403 2833 448 2855 ope
465 2832 520 2848 mss.
537 2828 559 2848 et
574 2826 611 2848 ed.
632 2826 639 2848 1
660 2827 782 2854 posuimus
795 2826 829 2849 ita
839 2829 862 2849 et
873 2826 937 2856 quod
947 2827 997 2848 ioco

155 2865 189 2890 sic
204 2868 227 2888 et
242 2867 276 2890 ut.

1831 115 1883 141 0251

1048 192 1157 221 loannis
1180 192 1334 229 vigesimo⁵
1365 192 1438 221 dixit
1468 192 1616 221 Dominus:
1639 191 1768 229 Accipite
1798 190 1890 227 Spiri-
1905 193 2014 234 „23:¹22ssst

1049 242 1110 267 timi
1130 242 1282 272 S(tnctttm;
1302 238 1430 276 qit‘orum
1450 238 1622 267 remiseritis
1642 241 1772 275 peccata,
1794 237 1890 266 remit·
1971 230 1975 234 ”

1048 289 1152 313 11111111]-
1174 285 1215 313 eis
1236 287 1287 314 etc.

1134 333 1165 359 10
1187 331 1269 365 Item,
1285 331 1311 359 in
1327 332 1439 360 Actibus
1448 332 1466 346 ¹⁰
1488 332 1605 366 dicitur,
1620 332 1696 368 quod
1715 340 1765 369 per
1786 331 1896 368 imposi-

1050 376 1152 405 tionem
1176 384 1312 405 manuum
1333 378 1527 414 Apostolorum
1549 378 1669 406 dabatur
1696 378 1815 415 Spiritus
1837 386 1897 406 san-

1051 425 1129 456 0105,
1151 431 1205 451 000
1233 431 1283 460 per
1315 424 1518 460 impositionem
1551 432 1686 452 manuum
1707 424 1843 458 aliorum,
1865 427 1896 452 ut

1053 468 1119 497 dicit
1140 469 1235 497 Glossa
1257 470 1291 498 de
1312 470 1439 507 Philippo
1469 470 1625 507 discipulo,
1647 471 1764 498 Actuum
1785 473 1895 498 octavo:

1052 522 1119 551 ergo
1139 515 1233 552 aliqua
1254 516 1345 544 virtus
1366 519 1427 544 erat
1447 516 1475 544 in
1496 516 1644 553 Apostolis,
1668 524 1740 553 quae
1761 524 1815 544 000
1836 518 1896 544 erat

1053 562 1080 589 in
1095 561 1171 596 aliis:
1194 563 1242 590 sed
1264 570 1314 599 per
1329 562 1406 591 illam
1421 563 1540 591 dabatur
1556 562 1675 599 Spiritus
1690 565 1813 591 sanctus:
1830 570 1896 599 ergo
1916 577 1919 580 ·
1935 578 1937 581 .

1052 608 1088 636 ab
1109 609 1221 637 1101111110
1243 609 1363 637 dabatur
1384 609 1504 646 Spiritus
1525 613 1645 638 sanctus.

1134 656 1151 683 E
1172 664 1307 684 converso
1331 656 1503 690 ostenditur,
1534 656 1610 693 quod
1642 656 1746 685 donum
1778 656 2038 693 SpiritusFundamenta·

1054 703 1140 730 sancti
1163 702 1223 730 dari
1238 703 1274 731 ab
1289 703 1400 731 homine
1422 703 1456 731 sit
1475 701 1605 739 fimum,
1628 703 1662 731 sit
1683 703 1896 740 inconqruum,

1054 748 1089 776 sit
1109 748 1192 776 etiam
1214 749 1397 785 impossibile.

1137 797 1158 823 1.
1170 796 1250 832 Quod
1265 796 1300 824 sit
1313 794 1436 832 11ιί-811111,
1449 796 1560 824 videtur
1575 803 1624 832 per
1639 796 1833 831 augustinum,
1847 796 1892 824 de-
1911 799 1980 841 affl?
1993 800 2017 817 sit

1054 842 1126 871 cimo
1146 842 1244 879 quinto
1265 842 1300 871 de
1321 842 1454 870 Trinitate
1468 842 1503 870 ¹¹:
1534 855 1544 865 «
1557 842 1613 870 Non
1635 842 1737 879 aliquis
1752 842 1899 879 discipulo-
1980 836 1984 841 ’

1054 896 1119 916 rum
1134 888 1218 916 dabat
1232 888 1367 925 Spiritum
1388 891 1524 921 sanctum,
1540 888 1588 916 sed
1603 888 1732 919 orabant.
1747 891 1778 916 ut
1792 889 1899 916 veniret

1055 934 1082 963 111
1106 935 1287 963 hominem».

1133 983 1160 1009 Ξ.
1181 982 1261 1016 Item,
1282 982 1452 1018 quicumque
1468 981 1515 1009 dat
1529 981 1573 1009 vel
1588 981 1673 1009 donat
1686 981 1800 1018 aliquid,
1816 981 1899 1010 habet

1054 1036 1135 1065 posse
1148 1028 1168 1041 ¹²
1191 1029 1312 1057 activum
1335 1036 1420 1065 super
1442 1028 1525 1061 illud;
1547 1028 1595 1056 sed
1617 1036 1703 1065 super
1722 1028 1899 1065 (10011018ρί-

1053 1076 1125 1104 ritus
1147 1075 1233 1104 sancti
1255 1075 1351 1103 nullus
1373 1075 1456 1103 110010
1478 1075 1562 1103 habet
1582 1082 1675 1111 posse:
1697 1082 1764 1110 ergo
1785 1077 1835 1103 etc.

1133 1121 1158 1149 3.
1180 1121 1262 1155 Item,
1284 1121 1359 1158 quod
1382 1121 1417 1150 sit
1444 1121 1664 1154 moonveniens,
1687 1121 1810 1154 videtur,
1832 1121 2038 1166 q¹¹¹a¹{2?,‘3,⁵,}f,ss¹}·

1053 1167 1076 1195 si
1097 1167 1190 1195 anima
1205 1167 1240 1195 ab
1255 1167 1308 1195 alio
1323 1175 1408 1204 quam
1423 1176 1439 1195 a
1453 1168 1510 1196 Deo
1525 1167 1712 1204 gratificatur,
1727 1168 1799 1196 alius
1814 1175 1898 1204 quam
2033 1161 2037 1164 ’

1053 1214 1128 1242 Deus
1159 1213 1232 1242 cadit
1263 1213 1387 1242 medium
1420 1214 1492 1242 inter
1523 1214 1642 1241 animam
1666 1218 1693 1242 et
1716 1214 1813 1243 Deum.
1845 1214 1898 1242 Sed

1052 1260 1287 1297 quandocumque
1307 1260 1413 1297 aliquid
1428 1261 1502 1289 cadit
1516 1261 1640 1288 medium
1652 1260 1671 1275 ¹³
1692 1261 1763 1289 inter
1777 1261 1898 1289 animam

1052 1310 1080 1335 et
1100 1307 1207 1340 Deum,
1229 1307 1322 1335 anima
1341 1307 1462 1335 1100111115
1483 1309 1525 1335 051
1545 1315 1692 1344 perversa:
1715 1315 1782 1344 ergo
1804 1315 1899 1336 secun-

1051 1353 1120 1381 dum
1142 1353 1208 1385 hoc,
1224 1353 1292 1380 dum
1307 1353 1423 1381 daretur
1437 1353 1546 1381 animae
1561 1353 1664 1389 gratia,
1679 1356 1897 1389 perverteretur.

1131 1399 1157 1427 lt.
1180 1399 1262 1433 Item,
1283 1399 1370 1436 gratia
1392 1402 1483 1436 potest
1497 1407 1582 1436 super
1599 1399 1718 1427 liberum
1733 1399 1898 1434 arbitrium,

1053 1454 1119 1482 ergo
1138 1446 1160 1474 si
1184 1449 1277 1483 posset
1307 1446 1391 1474 110010
1420 1446 1488 1474 dare
1519 1446 1653 1482 gratiam,
1676 1446 1759 1474 1101110
1780 1447 1897 1475 haberet

1053 1500 1134 1529 posse
1155 1500 1240 1529 super
1261 1492 1377 1521 alterius
1391 1492 1555 1522 arbitrium:
1577 1492 1625 1520 sed
1641 1492 1801 1523 arbitrium,
1824 1493 1898 1529 quod

1053 1542 1095 1567 est
1113 1539 1159 1567 alii
1181 1539 1354 1573 subiectum,
1376 1547 1429 1567 11011
1450 1542 1492 1567 051
1514 1539 1649 1567 liberum:
1672 1546 1738 1575 ergo
1760 1539 1821 1567 talis
1853 1539 1899 1567 do-

1053 1585 1127 1613 natio
1149 1585 1258 1614 tolleret
1272 1585 1291 1600 ¹⁴
1313 1585 1478 1614 libertatem.

1133 1633 1158 1660 5.
1180 1632 1259 1666 Item,
1281 1632 1406 1660 maxima
1426 1635 1468 1661 est
1488 1632 1575 1668 gloria
1598 1632 1653 1660 Deo
1666 1632 1742 1669 15,(10
1760 1632 1836 1669 impii
1859 1632 1899 1660 iu—

1052 1678 1231 1712 stificatione,
1253 1679 1301 1707 sed
1324 1679 1447 1707 maxima
1479 1678 1566 1715 gloria
1587 1678 1635 1707 Dei
1664 1687 1718 1707 non
1748 1678 1830 1707 debet
1850 1678 1896 1706 alii

1052 1725 1267 1754 communicari:
1290 1733 1356 1762 ergo
1378 1725 1399 1753 si
1415 1724 1653 1759 communicatur,
1669 1724 1779 1753 divinae
1793 1724 1897 1761 gloriae

1041 1772 1218 1808 derogatur:
1233 1771 1281 1800 sed
1297 1771 1319 1799 si
1341 1771 1412 1799 alius
1427 1779 1511 1808 quam
1529 1771 1601 1799 Deus
1616 1771 1663 1799 dat
1678 1771 1810 1807 gratiam,
1825 1771 1897 1799 alius

1051 1826 1137 1855 quam
1158 1818 1233 1847 Deus
1254 1817 1398 1846 iustificat:
1420 1826 1486 1854 ergo
1508 1818 1570 1846 talis
1592 1817 1703 1845 donatio
1725 1817 1824 1845 minuit
1846 1817 1894 1845 Dei

1053 1864 1179 1901 gloriani.

1132 1912 1157 1939 6.
1181 1911 1262 1945 Item,
1284 1911 1390 1939 iustum
1411 1914 1452 1939 est
1473 1911 1500 1939 in
1528 1918 1560 1939 00
1582 1918 1715 1947 sperare,
1736 1910 1785 1947 qui
1806 1912 1896 1947 potest

1054 1957 1121 1985 dare
1144 1957 1274 1985 meritum
1296 1957 1408 1991 salutis;
1429 1957 1478 1985 sed
1500 1956 1521 1985 si
1545 1957 1627 1985 homo
1642 1960 1735 1993 posset
1755 1956 1822 1985 dare
1837 1964 1897 1993 gra-

1054 2004 1120 2032 tiam
1130 2026 1137 2035 ,
1159 2006 1252 2040 posset
1270 2003 1338 2031 dare
1352 2003 1485 2031 meritum
1499 2002 1608 2031 salutis:
1624 2010 1691 2039 ergo
1705 2002 1809 2031 iustum
1825 2004 1897 2030 esset

1116 2129 1125 2143 ⁸
1142 2129 1271 2156 Avcrroes,
1289 2128 1417 2151 Comment.
1434 2129 1455 2149 in
1475 2128 1527 2149 VIII.
1546 2128 1612 2154 Phys
1635 2129 1685 2149 text.
1712 2127 1757 2149 32:
1780 2127 1897 2149 Generans

1053 2169 1114 2190 enim
1131 2171 1166 2191 est
1181 2168 1237 2190 illud
1254 2167 1318 2196 quod
1335 2167 1374 2189 dat
1385 2168 1477 2195 corpori
1489 2167 1587 2194 simplici
1599 2168 1708 2194 generato
1720 2166 1818 2188 formam
1830 2172 1896 2188 suam

1053 2210 1076 2230 et
1091 2208 1167 2229 omnia
1185 2207 1310 2229 accidentia
1327 2207 1481 2234 contingentia
1499 2206 1593 2228 formae.
1610 2217 1641 2221 —
1660 2206 1682 2227 In
1705 2205 1749 2227 fine
1766 2205 1896 2233 argumenti

1053 2246 1105 2268 cod.
1122 2246 1138 2267 Β
1156 2245 1219 2267 addit
1234 2244 1346 2274 qratiam.

1116 2284 1126 2299 ⁹
1143 2285 1208 2307 Vers.
1227 2285 1255 2306 22
1266 2302 1271 2312 ,
1290 2284 1326 2306 23.

1117 2322 1135 2336 ¹⁰
1152 2322 1206 2350 Cap.
1220 2323 1240 2349 8,
1257 2322 1290 2344 17.
1301 2322 1418 2344 —Verba
1436 2322 1525 2349 glossae
1537 2322 1666 2344 ordinariae
1680 2328 1731 2343 mox
1744 2322 1824 2344 citatae
1835 2324 1895 2343 sunt:

1054 2362 1187 2389 Philippus,
1205 2361 1243 2389 qui
1262 2361 1378 2382 Samariae
1395 2360 1582 2387 evangelizabat,
1601 2366 1660 2382 unus
1675 2360 1705 2382 de
1730 2363 1817 2387 septem
1836 2360 1896 2387 (dia—

1054 2401 1133 2427 conis)
1151 2400 1199 2422 suit.
1217 2400 1239 2421 Si
1256 2400 1318 2421 enim
1335 2399 1459 2426 Apostolus
1476 2402 1549 2427 esset,
1568 2405 1649 2420 manus
1667 2399 1785 2426 imponere
1803 2402 1894 2426 posset,

1055 2442 1080 2461 ut.
1095 2439 1204 2466 Spiritum
1222 2438 1365 2465 acciperent,
1384 2437 1447 2465 quod
1464 2437 1518 2459 solis
1535 2437 1649 2464 episcopis
1667 2437 1723 2459 licet.

1118 2476 1135 2490 ¹¹
1153 2476 1208 2505 Cap.
1227 2477 1263 2498 26.
1281 2482 1303 2498 n.
1322 2475 1358 2497 46.
1376 2475 1435 2497 Vide
1452 2475 1474 2496 10
1493 2475 1523 2497 lit.
1541 2475 1653 2503 Magistri,
1671 2481 1690 2497 c.
1709 2475 1729 2496 3.

1118 2515 1136 2530 ¹2
1152 2516 1290 2537 Auctor-itate
1307 2514 1461 2542 plurimorum
1478 2519 1533 2535 mss.
1554 2515 1576 2535 et
1592 2513 1628 2535 cd.
1655 2513 1660 2534 1
1682 2513 1834 2540 expunximus
1859 2513 1895 2535 1110

1054 2555 1131 2576 minus
1146 2556 1198 2581 apte
1215 2553 1320 2575 additum
1336 2551 1434 2581 aliquod
1441 2560 1451 2580 ,·
1468 2557 1521 2573 mox
1537 2551 1573 2573 bis
1590 2550 1750 2573 substituimus
1761 2556 1833 2579 super
1844 2550 1895 2572 loco

1053 2598 1135 2622 supra.

1117 2630 1136 2644 ¹³
1153 2630 1176 2652 In
1194 2630 1243 2652 Vat.
1260 2632 1283 2652 et
1299 2628 1349 2651 cod.
1376 2634 1402 2651 cc
1419 2634 1542 2656 perperam
1566 2628 1631 2650 deest
1654 2627 1771 2656 medium,
1791 2627 1855 2656 quod
1871 2628 1893 2649 in

1054 2671 1103 2692 aliis
1119 2675 1173 2692 mss.
1190 2672 1212 2692 et
1228 2668 1264 2691 ed.
1286 2669 1291 2690 1
1313 2668 1417 2690 habetur.
1435 2668 1505 2690 Paulo
1522 2668 1579 2689 infra
1596 2673 1656 2689 unus
1667 2668 1769 2696 alterque
1781 2667 1853 2689 codex
1870 2670 1895 2689 ut

1055 2710 1072 2731 Τ
1090 2716 1116 2731 ee
1133 2715 1188 2732 cum
1204 2714 1247 2736 pro
1263 2707 1326 2730 dum.

1117 2746 1135 2761 ¹⁴
1153 2747 1202 2769 Vat.
1221 2748 1298 2768 contra
1315 2746 1452 2768 vetustiores
1469 2745 1536 2767 codd.
1554 2748 1576 2767 et
1592 2745 1628 2767 cd.
1643 2745 1650 2766 1
1667 2744 1734 2773 tollit,
1748 2744 1831 2767 deinde
1843 2751 1894 2767 con-

1053 2791 1087 2810 tra
1104 2793 1185 2809 omncs
1201 2785 1268 2808 codd.
1285 2787 1307 2807 et
1323 2785 1359 2807 ed.
1379 2785 1386 2806 I
1408 2784 1472 2807 addit
1488 2783 1588 2807 arbitrii.

1116 2824 1136 2839 ¹⁵
1152 2825 1181 2847 Ita
1199 2824 1339 2852 antiquiores
1354 2823 1422 2845 codd.
1439 2828 1492 2845 cum
1510 2822 1546 2844 ed.
1565 2822 1590 2850 1,
1607 2822 1663 2844 dum
1685 2822 1734 2845 Vat.
1752 2821 1807 2850 Dei,
1830 2822 1893 2851 quod

1053 2864 1106 2886 edd.
1125 2864 1150 2891 2,
1168 2863 1181 2884 3
1199 2862 1311 2884 omittunt.
