2253 3317
840 148 1018 177 PRAEFATIO
1039 148 1228 176 GENERALIS.
1898 150 1927 178 111

191 227 275 262 silio
301 227 376 261 iam
402 239 500 260 anno
528 226 633 272 1871,
665 226 834 272 impulsu
868 229 905 259 et
933 225 1155 259 auctoritate
1188 225 1355 259 eiusdem
1388 225 1485 260 Rani
1519 224 1681 260 Ministri
1714 225 1925 268 Generalis,

190 298 307 320 novae
338 285 451 319 huius
477 284 652 319 editionis
678 284 864 330 parandae
890 283 1082 317 decretum
1108 282 1252 317 factum
1289 288 1366 330 est⁷
1401 289 1438 318 et
1475 283 1621 318 labores
1660 285 1926 330 praeparatorii

188 343 331 389 incepti
359 348 457 377 sunt.

283 401 338 436 De
364 401 398 436 S.
432 401 593 436 Doetore
619 401 883 435 Bonaventura
908 400 1063 446 eiusque
1090 400 1266 445 operibus
1296 400 1406 446 plura
1431 401 1554 435 dicere
1591 401 1662 435 1100
1700 401 1783 435 1000
1816 401 1927 436 nobis

189 460 509 505 supersedendum
534 471 613 494 esse
639 459 801 504 videtur,
829 471 917 492 cum
943 457 1051 504 alibi,
1091 471 1228 504 nempe
1266 459 1307 493 in
1338 459 1413 493 fine
1450 459 1566 493 totius
1605 459 1801 505 editionis,
1841 460 1928 493 data

189 531 317 564 opera,
345 518 390 552 de
416 518 494 552 vita
519 522 557 551 et
581 517 731 563 scriptis
757 516 926 551 eiusdem
952 516 1087 551 diffuse
1114 517 1373 551 disserendum
1400 518 1449 552 sit
1466 518 1484 552 ¹.
1519 517 1687 552 Sufficiat
1724 518 1857 564 igitur,
1885 522 1927 552 ut

187 576 259 611 1100
284 576 367 611 1000
394 576 440 610 (10
465 576 548 622 ipsa
572 575 684 610 huius
710 575 886 609 editionis
911 575 1055 609 ratione
1081 588 1124 609 ea
1148 575 1313 609 breviter
1338 588 1607 622 proponamus,
1628 589 1723 622 quae
1740 576 1926 611 benevolo

187 635 318 669 lectori
344 635 480 669 servire
506 638 681 680 possunt,
709 638 752 668 ut
777 637 1018 679 perspectum
1044 633 1194 680 habeat,
1215 638 1297 668 tum
1315 634 1408 680 quid
1433 635 1748 680 praecedentibus
1782 639 1925 681 tempo-

186 693 290 728 ribus
315 693 355 727 in
382 692 607 738 colligendis
634 696 671 726 et
696 692 851 727 edendis
878 691 1071 738 Sercpliiei
1096 691 1269 727 Doctoris
1287 693 1462 739 operibus
1480 693 1522 728 ab
1540 693 1623 728 aliis
1640 693 1686 728 sit
1696 694 1907 740 praestitum
1914 721 1924 738 ,

188 756 268 786 tum
294 751 386 798 quid
410 751 458 785 ab
484 751 530 786 iis
555 750 790 797 imperfectum
818 753 848 785 et
872 750 986 785 stellato
1006 750 1215 796 faciendam
1231 752 1278 786 sit
1295 751 1468 797 relictmn,
1488 757 1570 786 tum
1596 752 1688 799 quid
1705 753 1926 798 nosmetipsi

189 810 237 845 vel
261 810 332 845 iam
348 810 500 856 fecimus
525 809 576 844 cel
591 809 799 856 faciendum
825 810 862 844 in
889 809 952 844 lacto
977 809 1125 844 editione
1136 811 1394 856 proposuimus.
1414 810 1509 845 Cum
1526 815 1652 845 autem
1671 823 1765 857 quae
1783 811 1829 845 ad
1848 824 1926 845 rem

187 868 334 903 faciunt
358 869 433 902 iam
459 881 481 903 a
505 868 546 903 P.
572 868 602 903 F
604 868 695 903 ideli
721 881 743 902 a
768 867 898 902 Fanna
922 868 959 903 b.
987 881 1052 914 111.,
1081 869 1146 915 qui
1165 869 1287 914 primo
1305 869 1460 904 edendis
1483 869 1660 915 operibus
1679 869 1712 904 S.
1732 869 1927 904 Bonaven-

168 932 290 962 turae
315 926 529 973 praefectus
555 926 650 973 fuit⁷
678 939 817 973 magna
841 940 887 961 ex
913 931 1018 973 parte
1045 927 1195 973 egregie
1221 932 1259 962 et
1284 927 1420 962 diffuse
1439 928 1478 962 in
1497 928 1679 974 singulari
1697 928 1794 962 libro
1809 928 1833 973 Ξ,
1862 928 1927 974 qui

187 999 271 1020 vere
297 998 536 1032 programma
560 990 707 1020 nostrae
734 985 909 1020 editionis
936 986 1061 1020 vocari
1087 990 1227 1032 potest⁷
1255 990 1413 1021 tractata
1446 986 1531 1033 sint,
1559 986 1735 1032 expedire
1773 986 1928 1021 arbitra-

186 1057 283 1090 mur,
311 1049 354 1078 ut
378 1044 564 1078 nonnulla
580 1044 642 1078 hie
660 1044 813 1078 brevius
838 1056 1107 1079 recenseamus.
1127 1043 1324 1079 Monemus
1341 1049 1467 1079 autem
1486 1045 1715 1080 benevolum
1732 1045 1926 1090 lectorem,

186 1103 306 1137 multa
330 1103 370 1136 in
396 1102 466 1136 hac
492 1101 724 1148 praefatione
750 1102 910 1136 dicenda
934 1102 982 1136 ad
1007 1107 1173 1137 mentem
1200 1103 1261 1137 vel
1286 1103 1333 1137 ad
1375 1103 1534 1137 verbum
1571 1116 1617 1137 ex
1643 1103 1795 1138 laudato
1830 1103 1928 1138 libro

186 1161 226 1196 P.
265 1160 407 1195 Fidelis
434 1160 624 1206 descripta
649 1172 753 1206 esse-„3
776 1173 871 1206 quae
897 1161 944 1194 ad
970 1160 1129 1195 verbum
1155 1161 1216 1195 vel
1243 1161 1320 1195 fere
1345 1161 1392 1195 ad
1430 1161 1587 1196 verbum
1625 1162 1926 1208 reproducimus,

186 1219 346 1265 virgulis
371 1218 419 1252 ad
443 1218 515 1253 hoe
541 1218 792 1253 communiter
818 1219 966 1253 usitatis
992 1218 1246 1254 distinximus.

280 1497 285 1511 ¹
304 1497 368 1519 Ratio
386 1497 520 1525 praecipua,
538 1502 609 1525 quare
627 1497 685 1519 hane
702 1497 884 1519 dissertationem
901 1497 930 1519 de
948 1498 993 1519 vita
1012 1501 1033 1519 et
1050 1498 1140 1525 scriptis
1158 1498 1179 1519 S.
1197 1498 1371 1521 Bonaventurae
1389 1499 1468 1521 ultimo
1488 1490 1553 1521 'tomo
1571 1505 1716 1522 reservamus
1727 1519 1732 1528 ,
1758 1502 1779 1522 in
1806 1507 1833 1524 eo
1855 1497 1928 1529 posita

184 1544 232 1569 est,
251 1540 313 1569 quod
331 1541 387 1562 11300
404 1539 531 1562 dissertatio
549 1540 614 1568 quasi
632 1540 745 1567 synthesis
763 1540 805 1562 erit
822 1541 940 1568 omnium,
959 1547 1018 1569 quae
1036 1541 1057 1562 in
1076 1541 1246 1568 Prolegomenis
1263 1541 1292 1563 ad
1309 1541 1399 1569 singula
1417 1548 1487 1569 011013
1505 1549 1546 1570 per
1569 1543 1666 1565 modum
1691 1543 1816 1570 analyticae
1841 1546 1927 1572 exposi-

185 1584 251 1606 1101115
267 1589 346 1611 sparsa
364 1585 422 1605 sunt.
439 1595 471 1599 -—
487 1582 649 1610 Opportunum
667 1586 742 1605 tamen
760 1589 810 1605 0550
828 1583 919 1605 videtur
941 1584 987 1606 iam
1013 1584 1049 1606 hic
1067 1587 1144 1606 notare
1162 1590 1258 1612 gravem
1275 1590 1378 1606 errorem
1395 1585 1584 1613 chronologicum
1601 1586 1660 1608 circa
1678 1587 1748 1608 111331
1765 1587 1893 1614 Sei-aphici,
1906 1588 1927 1609 in

185 1632 255 1655 quem
272 1627 364 1655 plurimi
381 1629 404 1648 et
420 1632 517 1653 magnae
534 1626 673 1648 auctoritatis
690 1626 813 1653 scriptores
830 1627 920 1648 incaute
937 1626 1072 1649 inciderunt.
1091 1627 1141 1654 lpse
1158 1627 1305 1655 Waddingus
1323 1627 1437 1656 (Annales,
1452 1631 1505 1650 tom.
1520 1628 1534 1650 l.
1552 1628 1581 1650 ad
1598 1635 1683 1651 annum
1707 1629 1776 1657 1213,
1795 1636 1815 1651 n.
1829 1630 1874 1659 ἃ),
1892 1637 1929 1652 an-

185 1670 294 1698 tiquiores
311 1671 415 1691 auctores
432 1671 536 1695 5003135,
554 1660 662 1697 allirmat,
681 1669 702 1690 S.
721 1669 904 1691 Bonaventuram
922 1670 1036 1697 vigesimo
1054 1669 1156 1692 secundo
1174 1670 1252 1692 aetatis
1268 1676 1323 1692 suae
1341 1676 1400 1692 anno
1417 1670 1447 1693 ad
1464 1672 1599 1693 novitiatum
1621 1671 1712 1694 Ordinis
1737 1673 1874 1701 accessisse,
1892 1674 1928 1695 cui

185 1714 328 1735 consentiunt
345 1714 450 1734 auctores
467 1712 564 1733 Aetuum
582 1711 718 1734 Sanctorum
736 1712 800 1736 (tom.
818 1712 849 1734 lll.
868 1713 953 1734 mensis
971 1712 1030 1740 iulii,
1048 1712 1085 1734 die
1107 1712 1149 1741 14.)
1167 1713 1251 1741 aliique
1276 1713 1368 1741 plurimi
1379 1731 1384 1741 ,
1402 1716 1424 1736 et
1449 1714 1531 1741 iegitur
1555 1711 1623 1736 etiam
1649 1715 1670 1736 in
1697 1715 1812 1737 Brevi-aiio
1830 1715 1927 1738 Ordinis.

185 1755 287 1777 Admittit
304 1755 347 1777 hoc
363 1755 431 1777 etiam
449 1753 553 1776 Oudinus
570 1753 608 1782 (de
625 1754 707 1782 Seript.
719 1755 807 1783 eccles,
820 1757 874 1777 tom.
887 1755 918 1777 lll.
939 1755 975 1777 ed.
993 1755 1104 1783 Lipsiens.
1121 1755 1163 1777 col.
1186 1755 1257 1784 list),
1275 1756 1315 1784 qui
1332 1762 1359 1778 ex
1376 1757 1418 1778 hac
1434 1756 1489 1778 salsa
1506 1758 1663 1784 suppositione
1680 1758 1840 1786 chronologica
1858 1759 1928 1780 alium

184 1804 286 1820 errorem
304 1797 371 1819 infert
387 1796 524 1819 scribendo:
546 1805 556 1817 ‹<
567 1796 674 1825 Constat,
692 1797 876 1819 Bonaventuram
894 1804 1012 1826 nunquam
1031 1798 1138 1820 hahuisse
1155 1799 1292 1826 magistrum
1310 1799 1430 1821 Halensem
1447 1805 1489 1821 300
1514 1799 1629 1822 studuisse
1651 1800 1694 1822 sub
1720 1801 1769 1828 illo,
1795 1801 1852 1823 dum
1869 1804 1928 1824 esset

185 1841 275 1863 Parisiis
292 1849 313 1862 ».
331 1840 410 1862 Eidem
427 1840 498 1862 errori
516 1841 627 1862 consentit
643 1839 760 1862 Echardus
777 1839 914 1868 (Scriptores
931 1840 984 1862 Ord.
1003 1840 1114 1868 Praedic,
1133 1843 1187 1862 tom.
1206 1841 1220 1862 l.
1238 1847 1291 1868 pag.
1311 1841 1356 1863 277
1376 1841 1461 1870 seqq.).
1476 1841 1521 1863 Sed
1538 1843 1583 1864 iam
1608 1842 1630 1864 P.
1656 1843 1796 1870 Hyacinthus
1820 1843 1926 1866 Sbaralea

185 1884 276 1911 (Bullar.
293 1883 434 1905 Franciscan.
452 1885 506 1905 tom.
525 1882 556 1905 lll.
574 1889 627 1911 pag.
649 1883 674 1904 12
692 1885 759 1911 nota;
776 1885 798 1904 et
822 1883 940 1911 supplem.
958 1883 987 1905 ad
1004 1884 1134 1912 scriptores)
1160 1884 1298 1906 sufficienter
1319 1883 1415 1912 probat,
1433 1884 1455 1906 S.
1473 1884 1656 1907 Bonaventuram
1677 1886 1805 1913 suscepisse
1823 1886 1926 1909 habitum

184 1926 275 1949 Ordinis
291 1927 337 1948 iam
354 1932 413 1948 anno
435 1926 491 1948 1238
510 1926 538 1947 ad
556 1925 625 1948 finem
642 1929 766 1954 vergente,
785 1932 857 1948 annos
874 1926 933 1948 circa
956 1926 980 1948 17
997 1929 1088 1954 natum⁷
1106 1929 1127 1948 et
1144 1932 1204 1948 anno
1221 1927 1324 1955 sequenti
1341 1926 1385 1948 sub
1402 1927 1527 1955 Haymone,
1546 1927 1645 1950 Ministro
1663 1928 1774 1956 Generali,
1792 1935 1855 1951 sacra
1873 1933 1926 1952 vota

184 1975 337 1997 nuncupasse.
355 1969 488 1991 Secundum
500 1968 600 1991 eundem
612 1971 728 1990 auctorem
742 1972 793 1996 post
805 1969 926 1991 triennium
945 1969 1130 1996 philosophicum
1142 1975 1177 1991 33.
1195 1968 1251 1991 1242
1269 1970 1353 1991 111155115
1364 1972 1397 1991 051
1410 1970 1512 1997 Parisios,
1526 1970 1565 1992 uhi
1578 1970 1683 1998 Magistro
1698 1971 1825 1994 Alexandro
1837 1972 1926 1995 Halensi

185 2018 258 2041 usque
275 2012 304 2034 acl
321 2012 371 2034 eius
397 2014 494 2034 mortem
513 2012 520 2039 (
535 2012 560 2033 12
578 2012 635 2039 Aug.
655 2011 731 2039 Ἰ1245)
749 2018 805 2033 usus
822 2014 862 2033 est.
880 2012 947 2034 Teste
964 2012 1094 2039 synchrono
1111 2014 1203 2034 auctore
1228 2011 1333 2039 Ordinis,
1359 2012 1383 2034 B.
1406 2012 1525 2035 Francisco
1542 2019 1554 2034 a
1576 2012 1702 2041 Fabi-iano,
1729 2022 1739 2033 a
1752 2014 1795 2037 sub
1821 2014 1926 2043 Magistro

183 2054 311 2077 Alexandro
328 2055 453 2077 licentiatus
470 2056 533 2076 est».
551 2054 614 2076 Hane
630 2054 802 2082 chronologiam
820 2054 945 2076 defendunt
962 2054 1058 2083 Bonelli,
1077 2054 1217 2077 Prodromus
1235 2054 1248 2076 l.
1266 2060 1285 2077 c.
1309 2055 1325 2077 l.
1344 2060 1364 2076 n.
1383 2054 1412 2083 53
1429 2057 1450 2077 et
1467 2057 1546 2077 auctor
1563 2056 1650 2083 egregii
1670 2057 1761 2084 operis:
1780 2057 1852 2079 Storia
1865 2064 1925 2080 com<

184 2097 294 2126 pendiosa
311 2097 334 2120 di
352 2098 374 2119 S.
392 2081 517 2119 Fffincesco
533 2103 546 2119 0
563 2097 600 2119 dei
616 2097 764 2119 Francescani
782 2103 824 2125 per
840 2097 875 2119 Fr.
899 2097 983 2119 Pantilo
1004 2097 1033 2119 da
1050 2097 1162 2125 Magliano
1179 2097 1206 2119 M.
1225 2097 1249 2119 Ο.
1268 2097 1301 2126 11.,
1319 2098 1391 2119 Roma
1413 2097 1481 2126 1874,
1498 2099 1537 2126 (131
1559 2099 1693 2121 testimoniis
1710 2099 1807 2122 aliorum
1832 2101 1926 2128 scripto-

184 2147 236 2163 rum
252 2140 316 2163 addit
331 2140 387 2162 illud
404 2139 511 2162 Bernardi
529 2146 541 2162 3
558 2140 641 2168 Bessa,
659 2140 714 2162 socii
731 2140 804 2168 ipsius
820 2140 842 2162 S.
859 2140 1048 2168 Bonaventurae,
1066 2141 1087 2162 13
1106 2140 1208 2168 catalogo
1226 2141 1378 2162 Ministrorum
1396 2141 1540 2162 Generalium
1551 2159 1556 2169 ,
1582 2142 1621 2170 qui
1638 2144 1709 2165 exstat
1733 2147 1788 2165 mss.
1809 2131 1829 2165 in
1848 2143 1926 2166 biblio-

185 2184 249 2206 theca
262 2183 404 2211 Taurinensi,
422 2182 477 2205 Cod.
495 2183 554 2210 sign.
572 2183 586 2204 l.
607 2182 642 2204 Vl.
661 2183 697 2205 33.
710 2183 755 2209 fol„
772 2183 820 2205 120,
839 2189 898 2205 vers.
916 2183 958 2205 col.
977 2183 997 2205 2,
1016 2183 1142 2211 impressus
1159 2186 1193 2205 est
1205 2183 1240 2205 hic
1252 2183 1369 2211 catalogus
1380 2183 1447 2205 etiam
1460 2183 1481 2204 in
1494 2183 1553 2205 libro
1564 2184 1691 2206 rarissimo:
1707 2193 1717 2204 α
1731 2185 1854 2213 Speculum
1866 2187 1926 2209 vitae

184 2226 243 2249 beati
256 2225 367 2248 Francisci
375 2228 399 2248 et
407 2226 526 2248 Sociorum
539 2226 600 2253 0135;
609 2226 632 2247 13
641 2225 697 2248 fine:
710 2226 850 2253 impressum
860 2226 926 2248 metis
935 2232 976 2254 per
985 2226 1099 2253 lasparem
1109 2225 1160 2254 [sic]
1171 2225 1313 2248 Hoclisseder.
1326 2226 1390 2248 Anno
1402 2225 1441 2248 dni
1453 2225 1529 2248 1509»
1545 2226 1576 2253 (13
1593 2227 1643 2255 12.),
1657 2226 1696 2249 ubi
1708 2228 1822 2250 iuvenitur
1831 2229 1867 2251 sol.
1881 2230 1925 2251 209

185 2275 259 2291 verso.
271 2268 329 2291 Cum
347 2269 403 2291 haec
419 2268 488 2291 editio
506 2268 588 2291 habeat
600 2268 687 2297 aliquas
699 2265 806 2291 lectiones
823 2269 951 2297 variantes,
970 2269 1108 2290 inseruimus
1124 2275 1163 2296 eas
1176 2269 1263 2291 uncinis
1275 2269 1374 2290 inclusas
1386 2269 1488 2297 sequenti
1501 2269 1577 2296 textui,
1590 2270 1629 2298 qui
1641 2276 1653 2291 a
1666 2270 1688 2291 P.
1707 2270 1775 2292 Fideli
1788 2277 1800 2292 a
1812 2271 1886 2293 Fanna
1899 2278 1926 2294 ex

184 2311 263 2334 codice
281 2311 415 2333 Taurinensi
432 2311 562 2339 descriptus
578 2314 628 2334 est:
648 2320 658 2331 α
671 2312 787 2339 Septimus
803 2318 816 2333 a
834 2311 857 2333 B.
874 2311 994 2334 Francisco
1011 2312 1121 2333 successit
1138 2311 1334 2339 praeclarissimus
1351 2311 1415 2333 Pater
1432 2311 1509 2334 Frater
1525 2312 1684 2334 Bonaventura
1701 2312 1730 2335 de
1747 2313 1829 2336 Balneo
1848 2315 1924 2343 regio,

184 2355 223 2383 qui
241 2360 294 2377 cum
310 2353 401 2377 iuvenis
417 2355 522 2377 intrasset
538 2354 654 2381 ordinem,
667 2356 727 2377 tanta
739 2354 814 2376 bonae
830 2354 912 2376 indolis
929 2355 1045 2377 honestate
1063 2354 1177 2382 pollebat,
1195 2357 1220 2376 ut
1236 2359 1335 2381 magnus
1353 2354 1402 2382 [Ed.
1420 2354 1474 2382 legit
1490 2354 1607 2384 eyreqz'tts]
1627 2355 1662 2377 ille
1679 2356 1788 2383 magister
1800 2357 1926 2379 Alexander

184 2397 270 2419 diceret
285 2397 408 2426 aliquando
425 2397 454 2419 de
471 2398 538 2425 ipso,
555 2397 619 2426 quod
636 2398 658 2419 in
675 2403 703 2419 eo
720 2396 843 2419 videbatur
859 2397 933 2419 Adam
950 2403 995 2419 non
1013 2403 1128 2425 peccasse.
1146 2397 1186 2419 Hic
1203 2397 1261 2419 sicut
1278 2397 1299 2418 in
1317 2396 1442 2419 luminibus
1466 2398 1613 2419 scientiarum
1631 2401 1653 2420 et
1674 2399 1771 2421 maxime
1789 2400 1810 2421 in
1836 2401 1926 2428 scriptis

186 2439 323 2468 [scripturis]
340 2440 410 2462 sacris
426 2439 549 2462 videbatur
566 2439 670 2462 miranda
687 2440 810 2468 capacitate
828 2440 950 2468 proficere,
969 2441 997 2462 ita
1016 2439 1068 2468 [sie]
1087 2442 1109 2462 et
1126 2440 1147 2462 in
1165 2439 1295 2462 devotionis
1311 2440 1383 2467 gratia
1397 2440 1534 2462 continuum
1551 2440 1657 2463 sumebat
1679 2444 1836 2469 augmentum.
1854 2443 1926 2471 Siqui-

185 2483 238 2505 dem
255 2488 348 2504 omnem
365 2483 499 2510 veritatem,
516 2488 587 2511 quam
604 2482 745 2510 percipiebat
761 2483 888 2511 intellectu,
906 2482 935 2504 ad
953 2483 1050 2505 sormam
1068 2483 1175 2505 orationis
1191 2485 1212 2504 et
1229 2482 1365 2504 laudationis
1381 2482 1473 2504 divinae
1490 2482 1615 2511 reducens,
1633 2484 1739 2506 continuo
1766 2484 1839 2512 [deest
1855 2485 1927 2508 conti.

184 2524 242 2553 nuo]
260 2524 391 2547 ruminabat
406 2525 494 2548 aflectu.
511 2525 568 2548 Hinc
585 2526 670 2547 sactum
686 2527 731 2553 est,
750 2528 775 2548 ut
791 2526 812 2547 in
830 2526 928 2553 septimo
945 2531 1005 2547 anno
1022 2528 1075 2553 post
1091 2526 1219 2553 ingressum
1238 2524 1328 2547 Ordinis
1347 2524 1386 2553 [ad
1403 2524 1521 2553 Ordinem]
1540 2526 1665 2548 Sententias
1682 2526 1767 2554 legeret
1782 2527 1887 2555 Parisiis,
1905 2529 1927 2549 et

185 2568 207 2590 in
224 2567 314 2589 decimo
332 2568 444 2595 reciperet
460 2567 592 2590 cathedram
609 2568 772 2596 magistralem,
786 2568 841 2590 etin
854 2568 900 2590 Xll.
914 2568 1013 2596 [decimo
1030 2567 1105 2596 tertio}
1123 2568 1159 2589 vel
1177 2567 1232 2589 Xlll.
1250 2567 1279 2589 ad
1297 2568 1399 2595 regimen
1417 2567 1508 2590 Crdinis
1524 2571 1558 2590 est
1574 2571 1689 2591 assumtus
1706 2577 1726 2591 ».
1744 2569 1819 2591 Ultimi
1837 2571 1926 2592 numeri

185 2610 331 2633 manifestum
349 2611 464 2633 continent
480 2616 597 2638 errorem,
616 2613 640 2632 ut
656 2611 701 2633 iam
719 2610 825 2633 Sbaralea
843 2613 865 2633 et
881 2611 965 2633 Bonelli
983 2610 1142 2633 observarunt.
1160 2611 1190 2632 Ex
1207 2611 1323 2632 oscitantia
1339 2611 1400 2632 enim
1418 2610 1502 2632 librarii
1520 2611 1541 2632 in
1559 2611 1606 2633 istis
1624 2612 1725 2633 numeris
1742 2612 1851 2634 Romanis
1867 2613 1927 2635 exci-

185 2652 217 2675 dit
234 2653 269 2681 V.,
286 2652 348 2675 unde
365 2652 489 2680 legendum
505 2656 540 2675 est
557 2653 624 2675 XVll.
636 2653 672 2675 vel
691 2653 767 2675 XVlll.
785 2665 817 2670 —
833 2654 893 2675 Haec
910 2653 981 2676 verba
999 2653 1107 2675 Bernardi
1125 2659 1137 2675 a
1155 2653 1222 2675 Bessa
1240 2654 1322 2681 repetit
1338 2653 1359 2674 S.
1378 2653 1518 2680 Antoninus,
1536 2653 1646 2675 Chronica
1665 2660 1686 2681 p.
1705 2654 1736 2676 lll.
1749 2657 1802 2677 sect.
1816 2654 1851 2677 24.
1864 2661 1883 2677 0.
1896 2655 1925 2683 ὃς

185 2695 249 2718 addit
264 2697 339 2718 tamen
357 2698 409 2723 post
426 2694 510 2725 leqeret
525 2695 624 2718 Parisiis
634 2703 641 2718 :
662 2704 672 2716 «
685 2696 711 2719 Et
727 2697 837 2724 scriptum
856 2696 954 2719 notabile
970 2699 993 2719 et
1009 2696 1119 2719 devotum
1137 2695 1208 2718 edidit
1224 2702 1294 2723 super
1312 2695 1324 2717 [ι
1343 2695 1413 2718 1111105
1430 2696 1596 2718 Sententiarum
1607 2696 1685 2725 ibique
1697 2697 1783 2725 recepit
1794 2697 1925 2720 cathedram

186 2738 342 2766 magistralem
354 2746 375 2760 ν.

279 2780 289 2795 2
305 2779 371 2803 Ratio
388 2786 463 2804 novae
479 2779 621 2804 collectionis
637 2787 736 2809 operum
753 2782 857 2804 omnium
874 2782 923 2804 sive
940 2781 1055 2804 editorum
1073 2782 1122 2804 sive
1138 2781 1303 2803 anecdotorum
1320 2781 1436 2809 Seraphici
1454 2782 1512 2804 Eccl.
1530 2782 1632 2804 Doctoris
1650 2782 1672 2804 S.
1685 2782 1858 2805 Bonaventurae
1876 2789 1925 2811 pro-

186 2824 246 2846 xime
262 2824 284 2845 in
302 2823 376 2846 lucem
394 2823 511 2851 edendae,
529 2824 738 2852 manuscriptorum
756 2824 899 2847 bibliothecis
916 2825 984 2847 totius
1001 2825 1105 2852 Europae
1123 2824 1275 2852 perlustratis,
1293 2823 1415 2846 mandante
1433 2824 1632 2846 Reverendissimo
1650 2824 1821 2847 P.13ernardino
1833 2831 1845 2847 a
1857 2825 1925 2847 Portu

187 2866 320 2894 Romatino,
338 2867 406 2888 totius
423 2865 513 2889 Ordinis
530 2866 552 2888 S.
569 2866 681 2889 Francisci
698 2867 802 2889 Generali
820 2867 934 2896 Ministro,
953 2867 1028 2889 studio
1044 2873 1071 2889 30
1089 2866 1166 2889 1311010
1183 2867 1205 2888 1).
1224 2866 1305 2889 Fidelis
1321 2873 1333 2889 a
1350 2866 1441 2895 Fanna,
1459 2867 1548 2889 lectoris
1566 2867 1664 2895 theologi
1681 2870 1703 2890 et
1728 2868 1842 2890 sociorum
1868 2868 1925 2890 01115-

187 2908 240 2931 dem
252 2908 357 2936 Ordinis;
376 2909 469 2931 Taurini
486 2915 513 2931 ex
530 2910 683 2937 typographia
701 2909 816 2932 pontificia
833 2913 855 2932 et
871 2910 1065 2938 Archiepiscopali
1082 2910 1122 2938 Eq.
1139 2910 1197 2932 Petri
1215 2909 1324 2938 Marietti,
1344 2909 1410 2931 1874.
