2253 3317
316 79 371 108 394
1000 76 1251 106 SENTENTIARUM
1273 76 1332 105 LIB.
1355 75 1372 104 l.

315 160 346 186 ut
367 157 520 193 accipiatur
535 164 581 184 res
594 163 646 192 pro
657 163 795 192 persona.
806 155 833 183 Si
854 157 949 183 autem
970 162 1022 191 pro
1036 157 1159 187 vtat‘tmz,

315 203 366 232 etsi
388 210 442 230 non
473 202 508 231 sit
538 201 685 239 pluralitas
717 201 744 229 in
766 209 808 236 se,
830 203 922 230 tamen
936 201 943 214 ¹
973 201 1002 229 in
1022 202 1159 238 quantum

315 248 466 277 innotescit.
490 248 520 276 Et
540 248 603 276 ideo
624 247 706 285 plura
724 247 844 276 nomina.

393 296 418 323 ἐ.
431 294 468 323 Ad
480 294 550 323 illud
561 294 637 331 quod
651 294 790 328 obiicitur,
801 293 876 330 quod
888 293 1000 321 nomina
1014 292 1080 321 talia
1094 294 1160 321 sunt

314 348 481 378 synonyma;
502 340 669 372 dicendum,
690 340 765 377 quod
787 342 853 368 tunc
874 342 940 368 sunt
964 339 1075 367 nomina
1088 338 1098 354 ἓ
1119 346 1161 375 sy-

313 395 448 423 nonyma,
479 394 543 415 cum
575 386 709 415 differunt
739 394 755 414 a
776 388 855 423 parte
879 385 955 414 vocis
985 385 1086 414 solum.
1112 385 1159 414 Hic

314 437 407 462 autem
419 436 460 462 est
472 433 628 462 differentia
642 432 799 462 secundum
813 432 949 461 rationem
960 431 1159 466 innotescendi,

314 483 340 509 et
352 480 413 508 ideo
427 488 482 508 non
497 483 562 508 sunt
577 487 737 516 synonyma.
753 479 810 507 Alia
824 478 895 507 ratio
909 478 983 507 dicta
996 478 1049 507 fuit
1064 486 1158 515 supra,

314 526 487 555 distinctione
508 528 605 554 octava
627 525 653 554 in
675 525 766 562 primo
787 524 959 562 problemate
972 524 989 552 ⁵.

1295 153 1322 182 3.
1337 154 1376 183 Ad
1391 154 1460 183 illud
1475 154 1550 192 quod
1572 154 1717 189 obiicitur,
1732 155 1808 192 quod
1823 156 1845 184 si
1862 155 1935 184 venit
1951 164 1967 184 a
1981 158 2060 193 parte
2084 164 2115 182 Aa
2128 164 2147 190 a..
2159 166 2178 183 οι
2189 169 2199 183 a

1218 199 1395 237 intellz'yendz'
1421 200 1533 234 solum,
1561 208 1628 238 ergo
1659 201 1725 229 talia
1755 201 1867 230 nomina
1888 204 1953 230 sunt
1973 188 2196 236 vana31¹2³0liiuttoe¹‘

1216 246 1383 281 dicendum,
1403 247 1479 284 quod
1500 255 1554 276 non
1576 247 1652 276 venit
1671 247 1708 276 ab
1728 247 1782 276 hoc
1802 247 1907 283 solum,
1928 248 2060 285 quoniam

1215 292 1256 321 illi
1276 292 1376 321 rationi
1397 293 1587 322 innotescendi
1608 293 1758 330 respondet
1778 293 1925 331 pluralitas
1939 294 1967 323 in
1988 302 2062 323 crea-

1216 338 1299 373 turis,
1314 339 1383 368 etin
1404 339 1461 368 Deo
1482 339 1632 376 respondet
1653 347 1720 368 vera
1740 340 1852 369 unitas*
1874 340 2061 378 complectens

1217 385 1292 414 illam
1322 388 1408 414 totam
1440 386 1639 423 pluralitatem.
1672 386 1748 415 Unde
1783 387 1849 424 quia
1880 386 2061 424 intelligimus

1216 431 1264 460 Dei
1284 432 1437 469 potentiam
1459 435 1486 461 et
1516 432 1680 469 sapientiam
1711 440 1762 469 per
1790 433 1915 467 diversa,
1948 433 2062 462 diversi-

1216 478 1298 507 mode
1318 479 1509 513 nominamus;
1530 481 1557 507 et
1577 479 1644 516 quia
1664 479 1692 507 in
1707 479 1763 508 Deo
1777 482 1819 508 est
1840 486 1905 508 vere
1926 479 2061 517 sapientia

1215 528 1242 554 et
1262 525 1400 562 potentia,
1422 525 1484 554 ideo
1505 534 1560 554 non
1581 528 1623 555 est
1644 525 1681 555 ibi
1704 527 1811 555 vanitas
1823 526 1841 554 ⁶.

1057 637 1318 673 SOHOLION.

376 752 390 773 1.
408 750 530 778 Distingun
547 750 569 772 S.
588 750 671 772 Doctor
688 750 709 771 iu
728 750 825 772 termino
847 750 899 777 tria,
925 749 1010 772 scilicet
1035 755 1117 772 vocem
1135 750 1162 772 si-

316 789 473 818 gnificantem,
491 795 540 811 rem
557 788 724 816 significatam,
743 788 854 810 rationem
879 787 1044 810 innotescendi.
1062 788 1097 810 Ad
1113 788 1161 810 illu-

312 828 431 851 strandum
450 829 493 850 hoc
511 828 617 851 ultimum
634 827 766 850 membrum
784 827 856 855 vulgo
873 826 1004 855 exemplum
1022 827 1066 849 hoc
1083 827 1160 849 affere-

313 867 380 890 batur
396 868 418 889 in
436 866 588 889 notificatione
605 865 713 894 hominis,
728 865 792 895 quod
803 866 876 888 factus
892 866 920 888 sit
936 872 964 888 ex
981 865 1060 889 humo.
1078 865 1160 888 Divina

313 910 388 929 autem
406 906 518 933 essentia,
537 906 558 927 iu
575 912 600 928 se
618 911 678 932 una,
695 905 865 933 simplicissima
882 907 905 927 et
920 904 1018 933 infinita,
1044 908 1078 927 est
1102 906 1160 927 ratio

313 944 469 967 innotescendi
487 947 592 972 respectu
610 944 639 966 ad
656 944 739 972 plura,
767 950 819 966 cum
845 944 972 966 intellectus
996 946 1073 966 noster
1098 944 1159 966 illam

311 989 382 1006 unam
393 988 509 1005 summam
526 983 689 1011 porrectionem
703 988 747 1005 non
760 983 827 1005 unico
840 986 953 1010 conceptu
965 983 1094 1010 exprimere
1106 988 1160 1010 pos-

312 1023 354 1050 sit,
380 1021 421 1044 sed
446 1022 515 1044 alium
534 1024 671 1050 conceptum
688 1023 771 1044 formet
788 1021 816 1044 dc
834 1021 922 1044 infinito
939 1021 976 1043 illo
999 1027 1045 1044 uno
1062 1021 1106 1044 sub
1124 1027 1160 1044 ra-

313 1062 373 1084 {ione
390 1060 536 1090 sapientiae,
555 1061 625 1083 alium
637 1060 681 1083 sub
694 1061 780 1083 ratione
793 1059 914 1088 bonitatis,
928 1063 951 1083 et
967 1061 1000 1082 sic
1017 1060 1045 1083 de
1061 1060 1111 1082 aliis
1130 1062 1160 1082 at-

313 1099 409 1122 tributis.
426 1112 456 1116 —
474 1099 535 1122 quta
553 1099 637 1122 dictam
655 1099 822 1122 distinctionem
834 1100 938 1128 quaestio
949 1099 1046 1122 solvitur
1057 1100 1160 1128 quinque

313 1138 509 1166 propositionibus
526 1138 691 1166 principalibus
708 1141 730 1160 et
748 1138 862 1161 nonnullis
878 1138 998 1161 adiunctis.
1024 1138 1067 1161 Pro
1092 1138 1160 1166 expli-

314 1178 400 1199 catione
418 1178 506 1199 servii-e
523 1180 597 1205 potest
614 1184 683 1206 supra
702 1177 724 1200 d.
743 1178 764 1199 8.
781 1183 803 1205 p.
823 1177 846 1199 ll.
864 1184 885 1206 q.
905 1178 933 1205 2;
951 1179 973 1200 et
990 1177 1068 1206 quoad
1092 1178 1158 1200 solut.

313 1215 342 1238 ad
360 1216 380 1238 2.
399 1216 419 1238 3.
438 1216 492 1238 ibid.
510 1222 532 1244 p.
551 1217 565 1238 l.
583 1222 602 1238 a.
625 1216 642 1238 1.
660 1223 682 1245 q.
701 1216 721 1238 i.
741 1216 799 1239 circa
818 1216 871 1244 tin.;
889 1216 912 1238 S.
930 1216 1026 1245 Tuom,
1048 1216 1069 1238 S.
1097 1216 1110 1238 l.
1137 1223 1158 1245 q.

317 1255 349 1276 ¹3.
368 1261 386 1276 a.
406 1254 431 1279 4:
450 1255 471 1277 S.
489 1260 508 1277 c.
526 1255 589 1277 Geni.
609 1255 621 1277 Ι.
640 1261 659 1277 c.
678 1255 714 1277 35.

1281 749 1305 771 ll.
1323 749 1468 778 Notandum,
1486 749 1549 778 quod
1566 750 1588 772 in
1606 750 1718 773 solutione
1735 751 1895 779 oppositorum
1913 751 1971 774 ordo
1996 757 2063 782 argu-

1219 791 1349 811 mentorum
1366 790 1468 811 mutatus
1485 792 1526 812 est.
1544 788 1647 817 Opposit.
1666 789 1686 811 Ἰ.
1704 795 1749 811 non
1767 789 1864 812 solvitur
1880 790 1991 818 explicite,
2009 796 2063 813 cum

1217 828 1329 855 principia
1346 827 1465 850 solutionis
1482 828 1527 850 iam
1544 827 1643 851 exhibita
1660 829 1704 851 sint
1720 829 1743 850 in
1760 834 1824 857 corp.
1842 829 1917 852 Prima
1928 829 2011 852 solutio
2027 835 2064 852 re-

1216 866 1283 894 spicit
1300 865 1321 888 4.
1339 866 1454 894 opposit.;
1472 866 1573 889 secunda
1592 872 1647 889 vero
1664 867 1757 895 respicit
1774 867 1795 889 3.
1813 868 1912 896 opposit.
1929 867 2007 897 quoad
2019 869 2063 897 pri-

1216 910 1282 927 mum
1298 904 1437 927 membrum.
1455 904 1542 927 Deinde
1559 906 1662 934 sequitur
1679 905 1744 928 solut.
1763 905 1793 928 ad
1810 906 1839 934 23
1864 909 1887 929 et
1911 906 1991 929 ultimo
2012 906 2063 929 loco

1216 943 1246 965 ad
1262 944 1355 966 tertium
1372 943 1504 966 membrum
1523 944 1544 966 3.
1562 945 1668 972 oppositi.

1280 982 1312 1004 lli.
1330 982 1353 1004 ln
1371 983 1517 1005 conclusione
1533 988 1614 1005 onmes
1631 984 1777 1005 conveniunt.
1800 983 1861 1006 Alex.
1878 983 1940 1011 Hah,
1965 984 1988 1006 S.
2006 990 2029 1011 p.
2047 984 2062 1006 l.

1217 1027 1239 1050 q.
1257 1021 1294 1044 48.
1311 1027 1342 1044 m.
1361 1022 1381 1044 2.
1399 1028 1420 1044 a.
1439 1023 1459 1045 i.
1471 1024 1494 1045 et
1504 1028 1535 1044 m.
1553 1022 1574 1044 3.
1591 1034 1623 1039 —
1639 1022 1661 1044 S.
1681 1022 1776 1051 Thom.,
1797 1023 1833 1045 liic
1849 1029 1871 1051 q.
1885 1023 1906 1045 1¹1.
1918 1029 1939 1045 a.
1952 1022 1972 1045 3.
1990 1035 2022 1039 —
2038 1023 2062 1045 B.

1216 1060 1313 1089 Albert„
1332 1061 1346 1083 l.
1363 1061 1424 1084 Sent.
1442 1061 1465 1084 d.
1483 1062 1504 1084 8.
1522 1068 1541 1084 a.
1560 1061 1589 1090 3;
1607 1062 1629 1084 S.
1647 1067 1670 1090 p.
1689 1061 1702 1083 l.
1721 1064 1747 1084 tr.
1771 1061 1807 1084 14.
1833 1068 1854 1090 q.
1881 1061 1918 1084 59.
1945 1067 1975 1084 m.
1994 1061 2015 1084 4.
2032 1074 2063 1079 —

1218 1100 1274 1122 Petr.
1291 1106 1304 1122 a
1322 1100 1391 1128 Tan,
1409 1101 1445 1122 hic
1463 1106 1485 1129 q.
1503 1101 1563 1123 unic.
1581 1106 1601 1123 a.
1619 1101 1640 1123 2.
1657 1112 1689 1117 -
1705 1100 1813 1123 Ricliard.
1829 1107 1843 1123 a
1860 1100 1931 1128 Med,
1948 1101 1985 1124 hic
2001 1107 2023 1129 q.
2041 1102 2061 1124 2.

1216 1151 1247 1155 —
1263 1139 1337 1167 AEgid.
1355 1139 1394 1167 R„
1412 1140 1449 1162 hic
1468 1140 1486 1162 i.
1504 1141 1576 1168 princ.
1595 1146 1617 1169 q.
1636 1140 1657 1162 2.
1674 1151 1706 1156 —-
1722 1140 1789 1162 Henr.
1806 1139 1895 1167 Gand.‚
1913 1140 1935 1162 S.
1953 1146 1973 1162 a.
1989 1139 2027 1162 73.
2040 1146 2062 1169 q.

1216 1179 1237 1200 9.
1255 1190 1286 1194 —
1302 1178 1395 1206 Dionys.
1413 1178 1501 1207 Carth„
1518 1179 1556 1201 liic
1573 1185 1594 1207 q.
1613 1179 1634 1201 3.

1072 1363 1198 1400 QUAEST
1201 1363 1234 1392 10
1256 1363 1295 1392 111.

759 1456 863 1485 Utrmn.
884 1457 985 1485 onmia
1006 1457 1109 1486 divina
1129 1457 1252 1486 nomina
1273 1457 1414 1486 dicantur
1437 1457 1616 1486 translative.

391 1573 482 1602 Tertio
503 1573 662 1610 quaeritur,
691 1576 789 1602 utrum
816 1573 909 1601 omnia
930 1572 1043 1601 nomina
1064 1572 1158 1602 divina

312 1620 440 1649 dicantur
472 1620 647 1651 translative.
679 1628 714 1649 an
748 1620 830 1649 etiam
862 1619 1001 1657 quaedam
1028 1620 1158 1649 dicantur

312 1667 432 1705 proprie.
467 1667 497 1696 Et
527 1667 603 1705 quod
634 1667 725 1696 omnia
759 1667 888 1696 dicantur
916 1667 1094 1701 translative,
1123 1667 1161 1696 vi-

313 1714 405 1743 detur.

394 1762 418 1789 1.
441 1761 469 1789 ln
491 1761 608 1799 Reyulz's
628 1760 717 1797 fidei⁶
745 1760 861 1790 dicitur:
902 1760 1012 1789 «Omne
1037 1760 1158 1797 simplex

184 1829 214 1848 Ad
227 1828 300 1852 oppos„
313 1808 425 1845 proprie
446 1811 496 1842 est,
517 1811 544 1836 et
559 1807 712 1845 improprie
733 1807 874 1842 dicitur»;
896 1807 945 1836 sed
960 1807 1036 1844 quod
1058 1807 1159 1844 impro-

220 1854 264 1871 Μ’
312 1855 373 1892 prie
398 1854 513 1889 dicitur,
536 1854 688 1891 improprie
710 1854 883 1883 nominatur:
909 1862 975 1883 cum
995 1862 1063 1891 ergo
1083 1853 1159 1883 Deus

313 1901 349 1930 sit
369 1900 503 1938 simplex,
525 1901 686 1929 nominatur
707 1900 873 1938 improprie,
895 1900 944 1930 sed
961 1900 1158 1938 improprietas

312 1947 458 1976 reducitur
479 1947 514 1976 ad
536 1947 751 1985 proprietatem:
778 1955 845 1984 ergo
875 1947 988 1976 nomina
1008 1947 1103 1976 divina
1123 1947 1158 1976 de

312 1993 369 2023 Deo
389 1994 522 2023 dicuntur
543 1993 707 2031 improprie,
729 1993 764 2022 de
785 1993 847 2022 aliis
867 1993 993 2031 proprie3
1012 1993 1061 2022 sed
1082 1993 1157 2031 quod

313 2040 415 2069 dicitur
430 2041 465 2069 de
479 2040 573 2078 aliquo
594 2040 761 2078 improprie,
777 2040 880 2069 dicitur
895 2040 1070 2075 translative,
1085 2040 1108 2069 si
1123 2040 1158 2069 de

312 2086 367 2115 alio
387 2087 501 2124 proprie
514 2087 535 2114 ⁷:
558 2094 625 2124 ergo
646 2090 697 2115 etc.

392 2134 418 2161 ἓ.
440 2133 523 2167 Item,
544 2133 779 2171 unumquodque,
801 2133 874 2162 sicut
899 2132 1033 2170 contingit
1060 2132 1159 2162 intelli-

1214 1580 1292 1610 gere,
1314 1573 1448 1611 contingit
1461 1576 1489 1602 et
1503 1573 1676 1610 significare;
1691 1573 1740 1602 sed
1755 1581 1810 1602 non
1824 1573 1958 1610 contingit
1971 1573 2060 1602 Deum

1215 1620 1370 1657 intelligere
1383 1620 1392 1633 Β
1414 1620 1465 1649 nisi
1488 1627 1539 1657 per
1552 1620 1738 1657 proprietates
1752 1623 1779 1649 et
1793 1619 1964 1649 conditiones
1988 1627 2062 1649 crea-

1215 1668 1360 1701 turarum,
1381 1674 1448 1703 ergo
1469 1673 1519 1695 nec
1540 1666 1700 1701 nominare;
1726 1666 1776 1695 sed
1797 1666 1873 1704 quod
1901 1666 2061 1695 nominatur

1214 1712 1371 1742 secundum
1401 1712 1507 1742 alienas
1540 1712 1726 1750 proprietates
1757 1721 1868 1750 semper
1898 1712 2060 1742 translative

1213 1759 1386 1789 nominatur:
1408 1767 1476 1797 ergo
1497 1764 1548 1789 etc.

1293 1806 1318 1835 3.
1340 1807 1424 1839 Item,
1445 1815 1500 1835 non
1522 1809 1564 1836 est
1584 1806 1637 1836 nisi
1652 1807 1759 1844 duplex
1780 1806 1934 1844 theologia,
1955 1806 2060 1836 scilicet

1214 1853 1331 1891 mystica
1351 1856 1379 1882 et
1400 1853 1567 1890 symbolica,
1599 1853 1755 1883 secundum
1786 1853 1861 1891 quod
1882 1853 1945 1882 vult
1963 1853 2062 1890 Diony-

1214 1901 1273 1929 sius
1283 1900 1293 1915 ⁹
1301 1911 1308 1935 3
1323 1900 1372 1929 sed
1387 1903 1508 1938 utraque
1522 1900 1611 1929 Deum
1633 1900 1757 1929 nominat
1771 1900 1932 1929 translative
1946 1917 1985 1921 —-
1995 1908 2060 1929 nam

1214 1947 1330 1984 mystica
1350 1955 1401 1985 per
1422 1949 1567 1976 creaturas
1590 1947 1749 1984 spirituales
1774 1949 1801 1976 et
1822 1946 1989 1982 invisibiles,
2010 1947 2059 1976 sed

1213 1994 1366 2031 symbolica
1376 2002 1427 2031 per
1442 1994 1601 2031 corporales
1612 2011 1651 2015 —
1661 2002 1728 2031 ergo
1742 1994 1833 2022 omnis
1847 1993 1998 2022 nominatio
2011 1993 2060 2022 Dei

1214 2040 1378 2069 translativa
1398 2043 1449 2069 est.

1293 2087 1319 2115 [ι.
1340 2086 1423 2121 item,
1444 2094 1526 2116 omne
1547 2095 1648 2116 nomen
1670 2087 1797 2116 divinum
1825 2089 1868 2116 est
1897 2086 2060 2124 impositum

1215 2135 1330 2170 propter
1351 2136 1477 2162 nostram
1498 2133 1709 2163 instructionem
1722 2134 1764 2167 ¹⁰3
1785 2133 1834 2162 sed
1855 2133 1945 2162 omnis
1965 2135 2060 2162 nostra

312 2296 434 2320 dice-ndmn
445 2315 451 2324 ,
471 2296 534 2326 quod
554 2296 575 2319 si
591 2296 723 2326 accipiatur
745 2302 784 2320 res
797 2302 844 2326 pro
858 2302 979 2326 persona,
997 2296 1126 2326 pluralitas
1142 2303 1158 2319 a

311 2337 380 2365 parte
397 2335 433 2358 rei
448 2337 488 2358 est.

376 2374 503 2403 lsupple:
527 2376 576 2402 est,
604 2374 667 2403 quod
691 2374 759 2397 codd.
780 2375 796 2396 Z
821 2380 848 2397 aa
873 2374 905 2397 bb
930 2375 1054 2403 particulae
1079 2375 1157 2398 tamen

314 2413 450 2441 praefigunt.

375 2451 385 2466 ²
401 2452 432 2473 Ex
454 2452 559 2480 plurimis
581 2458 635 2474 mss.
653 2454 675 2474 et
691 2451 726 2474 ed.
747 2452 754 2473 Ἰ1
782 2451 910 2475 adiecimus
934 2451 1039 2481 uomina,
1058 2454 1080 2475 et
1105 2458 1159 2475 mox

314 2490 358 2513 fide
375 2491 529 2519 antiquiorum
547 2496 602 2513 mss.
619 2493 641 2513 et
652 2490 689 2513 ed.
706 2491 711 2513 1
727 2489 888 2514 substituimus
899 2490 1013 2521 differam
1025 2497 1068 2520 pro
1081 2492 1158 2520 inepto

312 2528 432 2557 dicuntur,
452 2536 479 2552 ac
495 2530 564 2558 paulo
582 2530 640 2552 inira
656 2530 818 2558 supplevimus
834 2531 898 2553 sunl.

376 2567 386 2583 3
402 2568 489 2597 Nempe
505 2575 528 2597 p.
545 2569 560 2591 l.
578 2575 600 2598 q.
621 2569 639 2590 t.
657 2569 687 2591 ad
703 2569 742 2591 ult.

376 2605 385 2620 ⁴
402 2605 458 2628 Cod.
476 2606 494 2628 T
513 2612 563 2630 una
579 2606 677 2635 veritas,
697 2613 750 2630 cum
776 2613 823 2636 quo
847 2607 972 2630 concordat
988 2607 1039 2630 cod.
1056 2607 1088 2635 S,
1111 2608 1158 2636 qui,

315 2645 400 2667 omisso
416 2651 474 2673 una,
494 2646 557 2673 ponit
573 2645 678 2674 veritus;
695 2645 745 2669 cod.
763 2646 789 2674 Y,
807 2646 893 2669 omisso
911 2651 975 2674 vera,
989 2645 1058 2668 hahet
1068 2645 1156 2674 unitas,

315 2685 337 2704 et
353 2683 420 2705 codd.
438 2690 464 2705 aa
481 2683 513 2706 bb
530 2687 582 2712 post
597 2684 678 2707 unitas
695 2684 784 2707 addunt
800 2684 847 2708 sive
864 2684 958 2707 veritas.

377 2721 387 2736 ⁵
403 2722 443 2744 Ed.
462 2723 470 2743 vt
492 2722 596 2751 adiungit
611 2722 652 2746 secl
668 2722 754 2746 veritas
771 2724 794 2746 et
808 2722 905 2751 unitas,
920 2729 980 2752 quae
992 2726 1014 2746 et
1025 2723 1096 2751 paulo
1108 2725 1159 2746 ante

316 2759 426 2782 adverbio
443 2766 496 2783 rere
513 2762 635 2789 praemittit
651 2767 735 2784 unum.

378 2798 388 2813 θ
400 2799 484 2822 Alanus
495 2799 524 2822 ab
536 2800 629 2828 Insulis,
643 2800 795 2828 Theologicae
807 2800 921 2829 Regulae,
934 2807 983 2829 reg.
996 2801 1031 2823 20.
1044 2812 1075 2818 --
1086 2799 1158 2824 Codd.

316 2844 342 2859 aa
361 2837 392 2860 bb
410 2841 461 2866 post
476 2838 530 2868 fidei
546 2839 632 2862 addunt
649 2839 686 2862 vel
702 2838 837 2869 theoloqiae.

1277 2296 1287 2311 ⁷
1304 2297 1327 2319 ln
1345 2297 1396 2319 cod.
1414 2303 1441 2319 aa
1453 2296 1545 2319 additur
1556 2295 1666 2324 dicatur‚·
1678 2296 1745 2319 codd.
1758 2302 1814 2319 vero
1832 2297 1847 2318 P
1857 2296 1876 2325 Q
1893 2296 1971 2319 ultima
1987 2296 2059 2319 verba

1213 2335 1292 2364 legunt
1306 2334 1349 2359 sed
1364 2335 1392 2358 de
1407 2335 1488 2365 aliquo
1501 2335 1601 2365 proprie
1617 2338 1640 2357 et
1657 2338 1808 2364 transponunt
1824 2337 1877 2364 post
1892 2334 2027 2366 improprie.

1276 2373 1286 2388 ⁸
1302 2374 1353 2397 Vat.
1371 2380 1425 2397 cum
1442 2374 1494 2397 cod.
1512 2380 1548 2403 cc,
1565 2373 1606 2397 sed
1623 2374 1672 2396 aliis
1689 2374 1756 2396 codd.
1774 2376 1796 2397 et
1812 2374 1849 2397 cd.
1868 2375 1876 2396 ri
1897 2373 2060 2402 obnitentibus,

1213 2411 1318 2442 intelligyz‘.
1336 2413 1405 2435 Paulo
1423 2415 1475 2435 ante
1494 2413 1561 2441 pauci
1578 2412 1645 2435 codd.
1664 2414 1689 2435 ut
1710 2412 1783 2441 PQV
1808 2411 1887 2435 verbis
1910 2412 2023 2443 contingit
2039 2413 2060 2435 et

1214 2454 1267 2480 apte
1284 2451 1414 2479 praefigunt
1430 2450 1481 2480 sic;
1498 2451 1550 2474 cod.
1568 2451 1586 2473 T
1604 2453 1681 2474 autem
1699 2451 1749 2474 loco
1765 2450 1880 2480 contingit
1894 2451 1916 2474 et
1925 2450 2060 2481 significare

1215 2490 1280 2518 ponit
1295 2489 1329 2513 ita
1345 2491 1366 2513 et
1382 2489 1524 2518 nominare,
1544 2490 1621 2519 lectio,
1639 2491 1657 2512 si
1681 2490 1778 2512 sormam
1804 2491 1934 2518 argumenti
1958 2491 2058 2518 spectes,

1214 2529 1372 2557 praeferenda.

1276 2568 1286 2582 ⁹
1302 2568 1371 2596 Epist.
1390 2569 1411 2590 9.
1429 2567 1474 2591 Cfr.
1491 2569 1560 2590 etiam
1577 2568 1607 2591 dc
1623 2568 1673 2590 Div.
1691 2568 1756 2591 Nom.
1774 2574 1792 2591 c.
1812 2569 1832 2590 4,
1850 2574 1932 2591 versus
1949 2568 2018 2591 finem
2037 2570 2060 2591 et

1215 2607 1243 2629 de
1260 2607 1353 2634 Mystica
1371 2607 1483 2635 Tiieolog.
1501 2613 1520 2629 c.
1539 2608 1560 2629 ·1.
1576 2619 1608 2624 -
1624 2607 1693 2630 Paulo
1710 2607 1768 2630 infra
1784 2610 1837 2635 post
1861 2606 1998 2637 spitfftuales
2021 2606 2058 2629 ed.

1217 2646 1225 2668 ri
1244 2647 1326 2669 omittit
1337 2646 1366 2674 et,
1380 2652 1407 2668 ac
1424 2645 1477 2668 dein
1494 2647 1516 2668 in
1534 2645 1650 2675 aliquibus
1666 2646 1734 2669 codd.
1751 2648 1776 2669 ut
1792 2646 1877 2668 VWX
1894 2646 2003 2674 particula
2020 2645 2061 2669 sed

1215 2684 1294 2713 deest;
1312 2686 1335 2707 in
1351 2684 1396 2707 tine
1413 2686 1543 2713 argumenti
1560 2686 1652 2714 plurimi
1670 2691 1724 2708 mss.
1742 2691 1795 2708 cum
1812 2685 1865 2708 edd.
1884 2685 1913 2714 2,
1931 2685 1960 2714 3,
1972 2685 1985 2707 6
1997 2685 2060 2707 exhi-

1215 2723 1270 2746 bent
1286 2724 1363 2746 minus
1379 2730 1482 2752 congrue
1500 2723 1639 2748 translative
1656 2730 1699 2753 pro
1716 2723 1874 2752 translativa,-
1891 2723 1983 2746 tandem
2007 2723 2058 2746 cod.

1216 2761 1234 2784 O
1250 2761 1336 2784 ibidem
1354 2763 1417 2790 ponit
1433 2761 1523 2785 dicitur
1538 2765 1560 2785 et
1577 2762 1644 2785 codd.
1662 2763 1704 2791 PQ
1721 2761 1808 2786 dicitur
1824 2767 1873 2785 esse
1890 2762 1940 2784 loco
1956 2762 1996 2784 est.

1278 2799 1297 2814 ¹⁰
1314 2800 1442 2828 Respicitur
1453 2800 1509 2823 illud
1521 2801 1586 2824 Rom.
1600 2801 1644 2830 115,
1665 2801 1694 2824 4:
1711 2802 1877 2830 Quaecumque
1893 2801 1977 2829 scripta
1994 2802 2058 2828 suni,

1216 2839 1245 2862 ad
1263 2842 1364 2864 nostram
1382 2839 1508 2862 doctrinam
1525 2841 1609 2869 scripta
1626 2844 1685 2864 sunt.
