2253 3317
10 101 20 235 ὲᾷ-,μ-,ᾼῌΑ
16 43 17 62 Η
16 12 17 15 Α

856 145 1011 174 CAPITULA
1033 144 1121 172 PRIMI
1142 143 1234 172 LIBRI.
1875 148 1908 175 21

227 228 263 250 VI.
281 227 356 255 Quare
373 226 438 247 Pater
454 229 499 245 non
517 222 599 246 dieitur
616 224 709 251 sapiens
725 223 836 251 sapientia
853 224 940 251 genita,
959 223 1017 245 sicut

343 273 425 295 dicitur
441 271 538 298 diligens
555 270 681 298 dilectione,
694 275 753 298 quac
771 269 800 291 ab
816 270 873 297 ipso‘
884 268 994 296 procedit.

477 318 599 340 Dtsrmcrto
616 316 715 338 XXXIII.

179 368 230 391 Car.
247 368 262 390 1.
279 367 359 389 Utrum
376 366 528 394 proprietates
546 368 697 392 personarum
714 362 758 384 sint
775 362 838 389 ipsae
855 366 967 389 personae
978 360 1015 382 vel

342 413 419 435 divina
436 412 493 434 usia.

239 461 262 483 II.
280 459 402 488 Quomodo
419 460 570 487 proprietates
586 458 674 486 possint
691 463 741 479 esse
766 458 788 479 in
813 458 893 478 natura
910 455 950 477 Dei
975 461 1017 477 noc

342 511 393 528 eam
402 503 410 516 ¹
428 504 586 527 determinent.

475 550 597 572 Disrtwcrm
615 548 719 571 XXXIV.

179 599 230 622 CAP.
248 599 262 620 I.
279 598 313 620 De
328 597 407 620 verbis
423 597 514 624 Hilarii,
533 595 618 624 quibus
635 593 765 617 secundum
788 598 914 621 pravorum
940 591 1017 614 intelli—

342 643 442 671 gentiam
458 641 550 663 videtur
567 640 658 668 dicere,
682 645 727 662 non
753 639 815 661 idem
840 644 890 660 esse
914 637 1017 659 divinam

341 692 445 711 naturam
462 690 484 710 ct
499 694 549 710 rem
566 690 673 714 naturae,
691 689 713 709 et
729 692 773 708 non
791 685 852 707 idem
869 691 919 707 esse
943 684 1017 707 Deum

340 737 363 757 et
379 734 442 764 quod
457 734 498 756 Dei
515 736 555 756 est.

238 782 261 804 ll.
281 783 362 805 Utrum
380 782 409 803 ita
426 781 498 809 possit
515 780 574 802 dici:
592 786 652 802 unus
667 778 728 801 Deus
753 779 822 800 trium
847 784 1016 807 personarum,

342 830 367 850 ut
383 827 466 850 dicitur
482 833 527 849 una
545 827 641 848 essentia
658 827 726 848 trium
750 831 917 854 personarum;
934 827 957 847 et
972 828 1018 847 tres

342 880 455 903 personae
472 874 540 896 unius
556 873 614 901 Dei,
640 875 665 895 ut
689 875 734 894 tres
758 878 871 900 personae
896 872 964 894 unius
986 878 1018 893 es-

342 921 434 943 sentiae.

231 968 261 990 111.
281 968 348 996 Quod
365 968 479 995 potentia,
497 967 620 995 sapientia,
637 965 726 988 bonitas
738 966 759 987 in
773 966 889 993 Scriptura
903 964 1018 988 interdum

344 1014 373 1036 ad
390 1019 502 1042 personas
518 1013 623 1035 distincte
639 1013 777 1035 referuntur.

226 1061 262 1083 IV.
280 1061 356 1089 Quare
373 1060 432 1082 Patri
454 1060 570 1088 potentia,
595 1060 649 1081 Filio
674 1060 799 1087 sapientia,
826 1059 919 1087 Spiritui
941 1062 1019 1081 sancto

342 1106 432 1129 bonitas
449 1105 576 1133 tribuatur,
594 1111 647 1127 cum
664 1105 692 1127 sit
708 1110 753 1127 una
771 1105 882 1133 potentia,
900 1105 1018 1133 sapientia,

344 1153 434 1175 bonitas
450 1153 526 1175 trium.

233 1198 261 1220 V.
278 1198 310 1220 De
328 1199 371 1221 hoc
388 1198 480 1220 nomine
498 1198 634 1219 homousion
644 1215 649 1225 ,
663 1196 702 1219 ubi
714 1197 736 1218 in
748 1197 880 1219 auctoritate
898 1198 1019 1224 receptum

344 1246 380 1269 sit.
397 1247 420 1267 et
436 1244 493 1273 quid
510 1243 628 1271 significet.

480 1290 603 1312 Disrmcrto
620 1290 716 1312 XXXV.

179 1336 231 1360 Car.
248 1337 262 1359 1.
280 1337 313 1359 De
330 1337 421 1359 scientia
432 1355 437 1365 ,
455 1337 603 1364 praescientia
614 1354 619 1364 ‚
642 1335 801 1364 providentia,
827 1335 976 1363 dispositione
998 1338 1020 1358 et

342 1381 548 1410 praedestinatione
564 1381 611 1404 Dei.

239 1430 262 1452 11.
279 1430 313 1452 De
330 1429 415 1458 quibus
432 1430 461 1452 sit
476 1429 625 1457 praescientia
642 1429 679 1450 vel
697 1428 848 1456 providentia.

231 1477 262 1499 111.
279 1477 313 1499 De
329 1476 414 1505 quibus
431 1476 557 1504 dispositio.

226 1522 262 1545 IV.
279 1522 312 1544 De
329 1522 414 1551 quibus
431 1522 614 1550 praedestinatio.

233 1569 261 1590 V.
278 1568 311 1590 De
329 1568 413 1597 quibus
431 1568 582 1596 providentia.

226 1614 262 1636 VI.
279 1614 311 1637 De
329 1614 414 1643 quibus
431 1615 541 1642 sapientia
558 1615 594 1636 vel
611 1615 711 1636 scientia.

219 1661 264 1683 VII.
284 1660 363 1683 Utrum
380 1661 529 1689 praescientia
546 1661 583 1683 vel
600 1661 719 1689 dispositio
736 1661 773 1683 vel
790 1661 967 1689 praedestinatio
979 1661 1020 1683 Dei

344 1713 394 1729 esse
412 1707 525 1735 potuerit,
543 1708 561 1729 si
578 1707 638 1729 nulla
657 1711 733 1730 essent
749 1708 832 1729 futura.

211 1753 263 1776 VIII.
282 1753 349 1781 Quod
366 1754 457 1775 scientia
475 1753 514 1775 Dei
532 1755 565 1776 est
581 1753 610 1775 de
627 1754 792 1782 temporalibus
809 1757 831 1776 et
847 1756 951 1777 aeternis.

225 1799 262 1821 IX.
281 1799 403 1828 Quomodo
421 1801 496 1822 omnia
513 1800 621 1822 dicuntur
637 1806 688 1822 esse
705 1801 727 1822 in
744 1800 791 1823 Deo
808 1803 830 1823 et
845 1802 891 1824 vita
909 1802 931 1823 in
949 1808 983 1824 eo.

477 1845 601 1867 Dtcrmcno
619 1845 723 1868 XXXVI.

181 1892 233 1916 Cn.
250 1893 265 1915 1.
283 1893 364 1915 Utrum
381 1893 457 1914 omnia
475 1892 573 1914 debeant
590 1892 634 1914 dici
651 1898 702 1914 esse
719 1893 741 1914 in
758 1893 798 1915 Dei
823 1894 934 1922 essentia,
952 1896 977 1916 ut
998 1895 1021 1916 in

345 1938 385 1960 Dei
403 1939 532 1966 cognitione
549 1938 585 1960 vel
603 1937 769 1966 praescientia²
787 1944 837 1961 esse
854 1938 968 1961 dicuntur.

240 1984 263 2006 II.
283 1984 332 2012 Qua
349 1984 435 2006 ratione
452 1983 511 2005 bona
529 1984 636 2006 dicuntur
652 1990 702 2006 esse
719 1985 740 2006 in
758 1984 805 2006 Deo
822 1988 843 2007 et
860 1991 905 2007 non
922 1986 989 2007 mala.

233 2031 264 2053 III.
283 2031 363 2052 Utrum
381 2030 442 2052 idem
459 2031 500 2053 sit:
519 2031 595 2052 omnia
611 2037 662 2053 csse
687 2037 713 2053 ex
734 2031 782 2053 Deo
808 2030 860 2059 et⁵,
878 2038 920 2060 per
944 2032 1021 2060 ipsum

347 2079 369 2099 et
385 2077 407 2098 in
424 2078 482 2104 ipso.

229 2123 265 2145 IV.
283 2122 351 2151 Quod
368 2123 445 2145 omnia
461 2125 514 2145 sunt
530 2123 552 2144 in
569 2122 671 2151 quolibet
683 2124 752 2145 trium
769 2126 792 2146 et
808 2130 849 2152 per
866 2125 943 2152 ipsum
960 2127 982 2147 et
998 2126 1021 2147 in

348 2171 405 2198 Ipso.

238 2216 266 2238 V.
284 2216 351 2244 Quod
369 2222 413 2238 non
431 2217 522 2245 omnia,
540 2224 599 2246 quae
616 2224 643 2240 ex
659 2218 706 2240 Deo
731 2220 798 2246 sunt,
824 2219 891 2240 etiam
916 2218 945 2240 de
971 2219 1021 2246 ipso

347 2266 406 2287 sunt.

474 2312 597 2334 D1sT1Ncr1o
614 2312 727 2334 XXXVII.

185 2359 237 2383 CAP.
254 2360 268 2381 I.
287 2358 376 2387 Quibus
392 2358 467 2380 modis
483 2358 565 2380 dicitur
581 2358 643 2380 Deus
659 2364 709 2381 esse
726 2359 748 2380 in
765 2358 842 2380 rebus.

232 2405 256 2427 II.
274 2404 343 2433 Quod
369 2404 430 2427 Deus
455 2411 499 2427 non
525 2404 667 2434 ubicumque
689 2409 723 2428 est
745 2405 844 2433 habitat,
867 2405 909 2428 scd
931 2413 943 2429 e
970 2412 1022 2429 con-

348 2457 416 2473 verso
429 2449 444 2473 ⁴.

1126 221 1158 243 III.
1177 221 1219 244 Ubi
1236 224 1285 244 erat
1300 222 1375 250 Deus,
1394 225 1515 251 antequam
1533 222 1609 245 esset⁵
1627 226 1736 246 creatura.

1120 267 1156 289 IV.
1175 268 1242 296 Quod
1258 268 1331 297 Deus,
1350 275 1403 291 cum
1420 270 1448 291 sit
1464 271 1487 292 in
1500 270 1608 293 omnibus
1619 270 1689 293 rebus
1701 271 1854 299 essentialiter,
1868 277 1912 292 non

1237 317 1313 336 tamen
1330 316 1490 344 coinquinatur
1508 316 1615 339 sordibus
1632 323 1716 339 rerum.

1128 360 1155 382 V.
1173 359 1231 383 Cum
1248 360 1309 384 Deus
1326 362 1355 384 sit
1370 362 1457 390 ubique
1474 364 1495 384 et
1520 369 1627 391 semper,
1649 369 1693 385 non
1718 365 1794 385 tamen
1819 363 1913 392 localis,

1238 414 1279 430 nec
1296 409 1346 431 Ioco
1364 415 1405 431 nec
1422 411 1525 437 tempore
1542 412 1655 432 movetur.

1120 453 1156 475 Vl.
1174 453 1263 481 Quibus
1298 454 1373 476 modis
1401 455 1487 484 aliquid
1523 455 1611 478 dicatur
1639 456 1709 478 locale
1738 456 1774 478 vel
1789 455 1798 467 ⁶
1819 457 1914 479 circum-

1237 500 1369 528 scriptibile.

1113 545 1157 567 VII.
1176 546 1236 574 Quid
1253 547 1282 569 sit
1298 548 1380 569 mutari
1398 548 1527 570 secundum
1545 551 1643 577 tempus.

1105 591 1158 613 VIII.
1177 592 1257 614 Utrum
1275 593 1368 620 spiritus
1385 595 1453 616 creati
1471 595 1515 616 sint
1532 595 1615 618 locales
1627 598 1649 618 et
1665 596 1898 624 circumscriptibiles.

1120 637 1157 659 IX.
1176 638 1243 666 Quod
1259 638 1321 661 Deus
1338 642 1372 662 est
1388 640 1475 669 ubique
1492 642 1540 663 sine
1557 642 1622 664 locali
1639 645 1710 665 motu.

1363 685 1486 708 Dmmcno
1504 687 1625 709 XXXVIII.

1074 728 1126 752 Car.
1144 730 1158 753 I.
1177 730 1210 752 An
1228 732 1320 754 scientia
1336 733 1373 755 vel
1391 734 1541 760 praescientia
1564 735 1604 757 Dei
1630 735 1658 757 sit
1683 741 1752 757 causa
1777 741 1855 757 rerum
1880 736 1916 758 vel

1239 784 1252 799 e
1269 784 1388 800 converso.

1135 824 1158 846 11,
1176 824 1256 846 Utrum
1275 826 1424 853 praescientia
1441 826 1481 848 Dei
1498 828 1571 854 possit
1587 828 1638 850 salli.

1371 872 1494 895 Dismcno
1511 873 1617 896 XXXIX.

1076 915 1127 938 CAP.
1145 916 1160 938 I.
1178 916 1259 939 Utrum
1277 918 1369 940 scientia
1387 918 1426 940 Dei
1444 920 1517 947 possit
1533 921 1614 947 augeri
1631 920 1667 942 rel
1685 921 1757 943 minui
1778 922 1815 943 vel
1841 922 1917 950 aliquo

1242 963 1311 985 modo
1329 965 1419 986 mutari.

1136 1009 1159 1031 II.
1177 1010 1210 1031 An
1227 1009 1289 1032 Deus
1307 1011 1379 1038 possit
1396 1011 1485 1033 noviter
1502 1012 1538 1033 vel
1556 1018 1582 1034 ex
1599 1014 1703 1040 tempore
1725 1013 1784 1035 scire
1800 1014 1837 1035 vel
1855 1020 1918 1042 prae-

1243 1058 1300 1079 scire
1317 1057 1410 1086 aliquid.

1130 1102 1162 1124 111.
1181 1102 1262 1124 Utrum
1279 1103 1341 1125 Deus
1358 1104 1431 1131 possit
1447 1105 1505 1126 scire
1523 1105 1603 1133 plura,
1622 1111 1691 1133 quam
1709 1104 1774 1128 scit⁷.

1123 1149 1160 1171 IV.
1179 1149 1246 1177 Quod
1262 1149 1323 1172 Deus
1340 1153 1362 1173 et
1379 1156 1471 1178 semper
1488 1154 1510 1173 et
1525 1152 1593 1174 simul
1611 1153 1653 1174 sc1t
1669 1153 1752 1174 omnia.

1406 1198 1529 1220 DtsTmcrm
1547 1199 1593 1221 XL.

1077 1240 1128 1263 CAP.
1146 1241 1160 1263 1.
1177 1242 1211 1263 An
1228 1243 1309 1271 aliquis
1327 1243 1509 1271 praedestinatus
1527 1245 1599 1272 possit
1615 1244 1719 1267 damnari
1742 1246 1778 1267 vel
1804 1246 1919 1274 reprobus

1241 1289 1331 1311 salvari,

1138 1335 1161 1357 II.
1180 1335 1240 1363 Quid
1257 1336 1286 1357 sit
1302 1336 1433 1364 reprobatio
1450 1337 1505 1365 Dei,
1523 1340 1545 1359 et
1561 1339 1583 1360 in
1601 1338 1686 1367 quibus
1708 1339 1880 1368 consideretur,
1898 1342 1920 1362 et

1241 1381 1311 1410 quis⁸
1328 1383 1356 1404 sit
1372 1383 1586 1411 praedestinationis
1602 1385 1702 1408 effectus.

1400 1430 1523 1452 D1sr1ucr10
1540 1431 1594 1453 XLI.

1077 1474 1128 1498 Car.
1146 1476 1160 1497 l.
1178 1477 1259 1499 Utrum
1284 1477 1378 1506 aliquod
1402 1478 1430 1499 sit
1454 1479 1562 1501 meritum
1589 1478 1747 1502 obdurationis
1772 1480 1808 1502 vel
1834 1481 1921 1503 miseri-

1242 1523 1341 1546 cordiae.

1137 1569 1161 1591 11.
1179 1569 1212 1592 De
1228 1571 1299 1592 variis
1316 1577 1386 1598 super
1404 1571 1447 1593 hoc
1464 1572 1590 1594 carnalium
1608 1572 1762 1600 opinionibus.

1130 1615 1162 1637 111.
1182 1616 1215 1638 Α11
1233 1622 1259 1638 ea
1277 1623 1336 1645 quae
1354 1617 1424 1639 semel
1443 1618 1485 1640 scit
1501 1617 1563 1640 Deus
1579 1619 1615 1640 vel
1633 1620 1746 1647 praescit,
1764 1626 1857 1648 semper
1868 1621 1923 1643 sciat

1241 1663 1277 1685 vel
1295 1665 1407 1692 praesciat
1424 1666 1445 1686 et
1462 1671 1554 1693 semper
1571 1666 1646 1688 scierit
1662 1664 1717 1688 vel⁹
1734 1667 1872 1694 praescierit.

1395 1707 1518 1734 DtsTuchI‘o
1536 1712 1599 1734 XLII.

1080 1753 1132 1776 Ciu).
1151 1754 1164 1776 l.
1182 1754 1215 1777 De
1233 1756 1395 1783 omnipotentia
1413 1756 1465 1784 Dei,
1483 1763 1555 1785 quare
1577 1757 1666 1779 dicatur
1691 1759 1849 1786 omnipotens,
1868 1764 1921 1781 cum

1243 1806 1286 1822 nos
1303 1801 1374 1823 multa
1392 1802 1508 1829 possimus
1517 1801 1543 1831 ¹⁰,
1562 1809 1621 1831 quae
1638 1804 1688 1831 Ipse
1705 1809 1750 1826 non
1767 1805 1847 1831 possIt.

1139 1846 1161 1868 II.
1180 1846 1302 1874 Quomodo
1320 1847 1409 1869 dicatur
1425 1848 1487 1870 Deus
1504 1850 1579 1871 omnia
1597 1855 1672 1877 posse.

1132 1892 1163 1914 III.
1182 1893 1249 1921 Quod
1268 1895 1431 1921 omnipotentia
1448 1894 1488 1917 Dei
1505 1895 1633 1917 secundum
1651 1895 1697 1918 duo
1714 1894 1905 1918 considereturfl.

1391 1940 1515 1963 Disrmcrio
1533 1942 1605 1964 XLIII.

1079 1985 1130 2008 CAP.
1148 1986 1162 2008 I.
1180 1986 1278 2009 Invectio
1296 1990 1374 2010 contra
1391 1988 1440 2010 illos
1457 1988 1496 2016 qui
1513 1987 1605 2016 dicunt,
1623 1988 1697 2011 Deum
1718 1989 1748 2011 nil
1770 1995 1853 2018 posse,
1880 1990 1922 2011 nisi

1244 2033 1308 2062 quod
1324 2035 1374 2056 vult
1390 2037 1413 2056 et
1429 2035 1487 2057 facit.

1392 2081 1515 2104 D1sT1Ncr10
1532 2083 1609 2105 XLIV.
1866 2107 1868 2110 ,

1080 2125 1131 2149 ΟΜ).
1150 2127 1164 2148 l.
1182 2127 1216 2149 An
1233 2127 1295 2149 Deus
1312 2128 1384 2155 possit
1400 2128 1475 2151 facere
1492 2129 1579 2158 aliquid
1596 2129 1693 2158 melius,
1711 2135 1782 2158 quam
1800 2130 1866 2158 tacit,
1886 2129 1922 2151 vel

1245 2174 1289 2195 alio
1306 2172 1371 2196 11511Ξ
1388 2175 1476 2196 meliori
1494 2175 1570 2197 modo.

1140 2220 1162 2242 11.
1181 2220 1261 2242 Utrum
1279 2220 1340 2243 Deus
1358 2227 1450 2250 semper
1467 2223 1540 2250 possit
1556 2229 1624 2245 omne
1642 2223 1705 2252 quod
1722 2225 1801 2251 potuit.

1397 2269 1520 2291 Dismeno
1538 2270 1606 2292 XLV.
1806 2264 1813 2268 's

1081 2312 1132 2336 Car.
1150 2314 1164 2335 1.
1182 2314 1214 2336 De
1232 2315 1348 2337 voluntate
1364 2315 1419 2344 Dei,
1438 2322 1497 2344 quae
1514 2317 1611 2338 essentia
1628 2317 1668 2339 Dei
1685 2320 1733 2345 est,
1753 2320 1775 2340 et
1796 2317 1825 2339 de
1851 2318 1923 2345 signis

1245 2362 1302 2383 eius.

1140 2407 1164 2428 II.
1182 2407 1262 2435 Quod,
1276 2407 1327 2429 licet
1338 2407 1399 2429 idem
1417 2409 1446 2430 sit
1461 2408 1509 2430 Deo
1526 2409 1583 2431 velle
1601 2409 1664 2437 quod
1681 2407 1766 2437 essen,
1785 2415 1830 2431 non
1847 2411 1922 2431 tamen

1247 2455 1322 2481 potest
1338 2453 1397 2482 dici,
1415 2454 1476 2476 Deus
1494 2455 1570 2476 omnia
1588 2461 1638 2477 esse
1655 2461 1714 2484 quae
1732 2455 1788 2477 vult.

246 2598 253 2612 ¹
272 2597 343 2621 Codd.
361 2597 405 2620 CH
416 2597 433 2620 Ο
450 2597 559 2626 eandem,
579 2599 629 2621 cod.
647 2599 664 2621 B
679 2599 763 2628 ipsam.

245 2637 255 2652 ἵ
272 2636 343 2659 Codd.
362 2637 377 2658 P
390 2637 436 2665 QR
446 2637 461 2658 S
471 2637 489 2658 T
503 2637 639 2666 praesentia
649 2656 654 2666 ,
672 2638 713 2660 sed
729 2639 795 2661 male.

246 2675 255 2690 ³
272 2675 343 2698 Codd.
361 2675 431 2703 PQR
443 2675 482 2697 ST
500 2675 541 2698 vel.

246 2714 255 2729 ⁴¹
272 2715 295 2736 ln
313 2714 363 2737 cod.
380 2714 399 2736 D
416 2714 487 2736 falso:
506 2714 574 2742 Quod
589 2714 651 2738 Deus
667 2714 806 2746 ubicumque
822 2718 856 2739 est
873 2716 968 2745 habitat,
985 2717 1026 2740 sed

183 2760 232 2777 ‘non
249 2760 260 2777 e
277 2759 396 2777 comerso.

247 2793 256 2808 ⁵
273 2792 345 2816 Codd.
362 2793 379 2814 B
389 2793 407 2814 G
419 2793 435 2814 L
446 2793 464 2814 M
476 2793 493 2820 Q
511 2793 547 2815 hic
564 2793 652 2816 addunt
667 2793 755 2823 aliqua.
773 2795 795 2816 In
813 2794 857 2816 sine
868 2801 916 2823 seq.
928 2796 959 2817 tit.
973 2795 1023 2817 cod.

187 2832 204 2854 O
222 2838 306 2855 earum
323 2838 365 2860 pro
382 2838 471 2854 rerum.

246 2871 256 2885 ⁶
273 2870 344 2894 Codd.
363 2871 452 2893 AEPR
470 2877 523 2893 cum
541 2871 575 2893 ed.
596 2871 603 2893 4
624 2872 673 2893 aut.

247 2909 257 2924 ⁷
273 2909 344 2932 Codd.
362 2910 380 2931 Α
390 2910 406 2931 Β
416 2910 485 2931 GLN
498 2910 516 2937 Q
533 2909 597 2932 sciat.

1140 2600 1150 2615 ⁸
1167 2600 1238 2623 Codd.
1257 2601 1273 2622 Α
1282 2601 1297 2622 Ε
1306 2601 1321 2622 Ρ
1331 2600 1376 2628 QR
1387 2601 1401 2622 S
1419 2600 1486 2630 qnid,
1500 2600 1550 2623 cod.
1562 2601 1579 2622 B
1591 2600 1637 2630 qui.
1650 2600 1720 2623 Iidem
1732 2607 1785 2623 cum
1798 2601 1865 2623 codd.
1878 2601 1921 2629 QT

1081 2642 1132 2667 post
1148 2639 1242 2669 effectus
1259 2639 1346 2661 addunt
1362 2639 1399 2662 vel
1415 2639 1506 2662 modus.

1142 2678 1152 2693 9
1170 2679 1212 2700 Pro
1229 2678 1331 2700 secundo
1348 2681 1370 2701 et
1387 2679 1452 2701 tertio
1470 2678 1506 2701 vel
1522 2679 1614 2706 plurimi
1633 2678 1700 2700 codd.
1718 2681 1740 2701 et
1756 2678 1808 2701 edd.
1826 2680 1853 2701 el.

1144 2717 1162 2731 ¹0
1180 2717 1251 2740 Codd.
1270 2717 1287 2738 Α
1298 2717 1392 2744 MPQR
1403 2717 1443 2738 ST
1460 2722 1588 2746 possumus
1596 2725 1605 2744 ,-
1623 2723 1676 2739 mox
1693 2717 1754 2739 solus
1766 2717 1816 2739 cod.
1833 2717 1852 2739 D
1869 2723 1922 2739 cum

1081 2756 1132 2778 edd.
1152 2757 1176 2784 2,
1194 2755 1220 2784 7,
1240 2756 1252 2777 9
1269 2756 1342 2784 potest
1359 2762 1401 2783 pro
1415 2755 1496 2784 possit.

1143 2794 1161 2809 ¹¹
1180 2794 1251 2817 Codd.
1270 2795 1285 2815 Ε
1298 2794 1316 2822 Q
1334 2800 1387 2816 cum
1405 2794 1457 2816 edd.
1476 2795 1501 2822 2,
1519 2794 1545 2822 7,
1564 2795 1577 2816 9
1595 2793 1765 2817 consideratur.

1143 2833 1161 2847 ¹²
1179 2832 1250 2855 Codd.
1268 2832 1308 2855 CS
1326 2834 1432 2855 omittunt
1447 2832 1490 2855 rel.

1142 2871 1162 2886 ¹³
1178 2871 1233 2894 Cod.
1251 2872 1267 2893 B
1285 2873 1412 2900 transponit
1430 2878 1478 2895 esse
1495 2875 1517 2894 et
1533 2871 1591 2895 ‘vella
1608 2874 1629 2894 et
1648 2872 1731 2895 deinde
1743 2874 1824 2895 omittit
1835 2872 1921 2896 onmia.
