2253 3317
806 112 889 140 DIST.
911 112 942 140 V.
964 112 1036 139 ART.
1059 112 1076 139 1.
1100 112 1236 147 QUAEST.
1260 113 1277 140 1.

252 190 319 218 Item
330 189 433 226 prima
447 197 513 226 pars
527 189 611 217 habet
624 192 745 226 quatuor
759 192 861 225 partes.
876 189 905 217 In
914 189 1016 225 prima

174 240 253 274 parte
275 236 404 274 proponit
424 235 614 272 problemata,
636 236 765 264 videlicet
779 238 876 264 utrum
897 235 1016 264 essentia

175 286 287 320 generet
313 283 357 311 vel
378 285 536 319 generetur.
556 282 586 310 In
607 282 735 310 secunda
760 282 874 311 adducit
895 282 1016 310 rationes

174 333 231 358 tres
252 329 414 366 probantes,
430 329 505 365 quod
520 329 639 357 essentia
654 337 707 357 non
723 331 873 365 generatur
893 337 909 356 a
924 328 1016 361 Patre,

174 376 226 404 ibi:
248 376 315 404 Ideo
345 384 404 403 non
434 378 475 402 est
505 375 676 407 dicendum,
709 375 786 412 quod
806 375 897 402 Pater
915 374 1018 411 genuit

173 425 224 450 etc.
246 422 275 450 In
298 422 384 450 tertia
405 421 519 450 adducit
550 421 671 449 rationes
702 421 730 448 in
753 421 940 454 contrarium,
962 420 1015 448 ibi:

172 468 250 496 Huic
271 472 369 496 autent
390 468 505 496 videtur
526 467 712 496 eontrarium
734 470 785 495 etc.
807 467 834 495 In
857 470 969 504 quarta
990 469 1017 495 et

173 515 272 543 ultima
302 515 385 543 solvit
415 517 442 543 et
473 515 603 551 exponit,
636 514 688 542 ibi:
722 514 770 542 Act
801 513 878 551 quod
902 522 1017 550 respon-

173 561 282 589 demus.

251 608 297 636 Ita
324 608 411 636 etiam
431 616 489 635 non
517 610 559 635 est
589 607 744 635 (licendum
757 607 773 634 ¹.
806 607 875 635 Haec
907 610 949 635 est
978 615 1018 634 se-

173 654 271 682 cunda
293 662 358 691 pars
379 654 462 682 istius
484 654 681 688 distinctionis,
704 654 731 681 in
752 661 808 690 qua
823 653 951 689 Magister
973 653 1018 681 de-

172 701 303 729 terminat
324 700 475 729 secundam
498 703 606 737 partem
628 700 813 737 quaestionis,
834 708 905 736 quae
926 703 968 728 est
982 700 1017 728 de

169 747 379 784 comparatione
401 747 587 783 generationis
613 747 649 775 ad
681 747 829 775 essentiam
852 747 878 774 in
910 747 1017 775 ratione

170 794 325 830 principii,
340 796 367 822 et
382 793 466 822 habet
487 793 556 822 haec
573 801 642 830 pars
666 796 720 822 tres
742 796 844 830 partes
867 793 895 821 In
913 793 1016 830 primu

172 840 339 869 determinat
360 840 441 868 istam
462 840 653 876 quaestionem
669 840 779 874 dicens,
801 840 875 876 quod
897 840 1017 868 essentia

171 895 226 915 non
248 887 397 923 generat²;
418 889 445 915 et
466 887 518 915 hoc
548 886 694 915 confirmat
725 894 775 923 per
804 887 939 915 rationem
968 886 1018 914 du-

172 937 279 962 centem
301 933 336 962 ad
358 933 538 970 impossibile.
560 933 590 961 In
610 933 740 961 secunda
761 941 828 961 vero
842 933 957 961 adducit
971 941 1018 961 au-

170 980 331 1014 ctoritates,
353 987 425 1016 quae
446 982 511 1007 sunt
541 979 645 1008 directe
677 979 832 1008 contrariae
858 979 1017 1016 praedictae

172 1026 321 1060 solutioni,
343 1026 393 1054 ihi:
416 1026 583 1054 Praefectis
604 1026 720 1054 videtur
741 1035 800 1054 esse
820 1026 1016 1054 contrarium.

171 1073 201 1101 In
223 1073 309 1102 tertia
331 1081 398 1102 vero
429 1073 544 1101 adducit
575 1073 769 1107 auctoritates,
791 1080 827 1101 ex
848 1072 952 1109 quibus
973 1081 1019 1109 po-

171 1123 225 1149 test
246 1120 307 1149 elici
329 1121 526 1155 contrarietas,
549 1120 601 1148 ibi:
624 1120 742 1148 Dicitur
763 1128 889 1158 quoque,
912 1123 938 1148 et
961 1118 1019 1157 sre-

171 1171 290 1205 quenter
311 1170 363 1196 etc.

249 1214 338 1243 Item⁵
361 1214 485 1243 secunda
505 1221 572 1251 pars
596 1213 681 1242 habet
708 1217 830 1250 quatuor
857 1216 960 1251 partes.
989 1213 1018 1241 In

170 1261 262 1298 prima
283 1263 363 1298 parte
378 1260 493 1289 adducit
507 1260 686 1288 auctoritates
705 1260 850 1296 Augustini
864 1260 1018 1288 contrarias

1859 115 1910 142 111

1073 189 1229 225 praedictae
1251 189 1389 218 solutioni.
1408 191 1436 218 In
1452 191 1574 220 secunda
1588 191 1766 220 auctoritates
1780 191 1915 220 adductas

1072 235 1202 272 exponit,
1225 235 1276 263 ibi:
1300 236 1356 264 Sed
1376 236 1446 265 llaec
1467 237 1509 265 itu
1525 238 1761 265 determinamus.
1783 238 1810 266 In
1833 238 1915 266 tertia

1073 288 1140 309 vero
1162 284 1258 309 contra
1279 282 1436 318 praedictas
1457 284 1644 319 expositiones
1664 284 1779 312 adducit
1799 284 1916 312 auctori-

1074 330 1143 355 tates
1164 327 1232 356 alias
1254 327 1366 362 Hilarii,
1388 329 1415 356 in
1430 329 1532 365 quibus
1547 333 1658 358 notatur
1673 330 1833 367 expressior
1855 338 1916 359 con-

1074 374 1217 408 trarietaS,
1239 374 1291 402 ibi:
1313 375 1390 403 Huic
1411 384 1478 403 vero
1498 376 1585 404 etiam
1601 377 1786 405 contrarium
1799 377 1915 405 videtur

1073 429 1140 448 esse.
1163 421 1190 448 In
1212 424 1312 457 quarta
1326 429 1393 450 vero
1408 423 1586 451 auctoritates
1607 424 1763 459 praedictas
1784 423 1916 460 explanat

1073 470 1099 495 et
1120 467 1362 504 explanationem⁴
1384 475 1464 496 suam
1479 476 1529 505 per
1544 469 1630 497 verba
1645 469 1739 498 Hilarii
1753 470 1915 503 confirmat,

1075 513 1125 542 ibi:
1149 513 1205 542 Sed
1225 514 1296 551 quia
1317 513 1390 542 ltaec
1408 514 1496 542 verbu
1517 523 1588 543 sane
1609 515 1677 543 vult.

1152 560 1269 588 Dicitur
1291 569 1418 598 quoque,
1440 565 1466 589 cc
1486 560 1652 599 frequenter
1674 562 1705 589 in
1724 571 1815 590 sacru
1840 562 1917 591 Seri-

1071 610 1163 642 ptura
1185 607 1299 644 leyitur.
1323 608 1391 636 Haec
1413 611 1454 636 est
1477 608 1564 636 tertia
1585 616 1665 645 pars,
1689 609 1716 636 in
1737 617 1792 646 qua
1823 609 1917 637 obiicit

1074 656 1173 692 contra
1195 653 1361 682 solutionem
1392 662 1443 691 per
1474 655 1670 689 auctoritates,
1691 663 1726 683 ex
1749 656 1852 692 quibus
1873 655 1918 683 eli-

1074 699 1151 727 citur
1175 700 1334 736 praedictae
1356 700 1501 729 solutionis
1522 702 1704 730 contrarietas
1725 718 1763 722 —
1784 702 1870 738 quia⁵
1890 702 1918 730 in

1076 746 1118 774 1115
1133 754 1187 774 11011
1209 746 1327 781 dicitur,
1342 748 1417 784 quod
1434 748 1550 776 essentia
1567 751 1681 785 generet
1695 748 1739 777 vel
1755 751 1919 785 generetur,

1074 792 1122 820 sed
1144 793 1219 829 quod
1249 793 1284 821 de
1312 794 1432 822 essentia
1463 795 1508 823 vel
1539 795 1695 823 substantia
1717 795 1805 824 Patris
1835 795 1919 824 Filius

1074 842 1223 875 generetur
1244 856 1283 860 —
1307 843 1334 868 et
1348 840 1417 869 haec
1431 849 1497 878 pars
1512 844 1632 878 quatuor
1655 842 1738 870 habet
1759 842 1919 879 particulas.

1074 885 1101 913 In
1117 886 1208 922 prima
1229 886 1343 915 adducit
1356 887 1365 900 ὃ
1387 888 1565 917 auctoritates
1580 888 1607 916 in
1629 889 1809 917 contrarium.
1830 889 1859 917 111
1881 897 1921 918 56-

1074 932 1166 960 cunda
1187 940 1254 961 vero
1269 933 1406 962 adductas
1421 934 1566 971 explanat,
1589 935 1638 963 ibi:
1661 935 1715 963 His
1729 935 1825 964 verbis
1835 944 1921 972 prae-

1074 979 1174 1007 mis-sis
1206 979 1343 1008 innuitur
1360 991 1371 1014 ,·
1404 981 1453 1009 ubi
1484 982 1603 1010 resumit
1633 982 1805 1019 praedictam
1837 991 1921 1020 expo·

1074 1025 1210 1054 sitionem.
1232 1026 1262 1054 111
1288 1027 1368 1055 tertia
1400 1035 1436 1056 ex
1467 1029 1676 1065 praedictorum
1697 1029 1826 1066 opinione
1847 1030 1921 1058 elicit

1074 1072 1216 1109 quoddam
1246 1074 1441 1109 corollarium,
1473 1075 1525 1103 ibi:
1561 1075 1729 1104 Ostenditur
1754 1085 1865 1115 quoque
1886 1086 1921 1105 ea:

1076 1119 1133 1147 tttz's
1153 1119 1248 1148 verbis
1269 1123 1320 1149 etc.
1343 1121 1372 1148 In
1402 1125 1503 1158 quarta
1533 1125 1560 1151 et
1581 1123 1679 1151 ultima
1707 1123 1780 1152 redit
1800 1124 1835 1152 ad
1860 1132 1922 1161 pro-

1076 1166 1196 1202 positum
1217 1169 1244 1195 et
1265 1167 1398 1202 ostendit,
1419 1169 1623 1205 expositionem
1638 1178 1719 1198 suam
1734 1170 1836 1199 bonam
1851 1178 1920 1206 esse,

1077 1220 1125 1249 per
1145 1214 1340 1242 auctoritatem
1361 1215 1523 1252 Augustini,
1544 1216 1596 1244 ibi:
1621 1217 1657 1245 Et
1683 1216 1734 1245 lioe
1755 1218 1797 1246 ita
1822 1217 1921 1246 debere

1078 1259 1200 1297 intelligi
1219 1263 1270 1289 etc.

821 1344 1006 1373 TRACTATIO
1028 1344 1270 1380 QUAESTIONUM.

247 1432 278 1459 In
292 1434 372 1468 parte
393 1431 445 1460 ista
459 1430 495 1459 ad
509 1430 721 1467 intelligentiam
736 1430 859 1459 duarum
881 1431 1018 1468 principa-

170 1478 240 1506 lium
265 1478 388 1515 partium
417 1477 503 1506 huius
530 1477 714 1506 distinctionis
742 1478 798 1506 duo
826 1477 1017 1515 principaliter

169 1528 356 1561 quaeruntur.

170 1568 172 1570 ’
248 1571 352 1599 Primo
373 1570 519 1608 quaeritur
540 1571 575 1599 de
600 1572 807 1609 comparatione
832 1574 1018 1610 generationis

168 1617 204 1646 ad
227 1617 412 1646 substantiam
434 1617 492 1646 sive
517 1618 666 1647 essentiam
686 1619 715 1647 in
739 1620 846 1649 ratione
863 1620 1016 1658 principii.

248 1664 379 1693 Secundo
394 1664 540 1702 quaeritur
562 1665 596 1693 de
611 1666 818 1703 comparatione
839 1667 967 1696 eiusdem
981 1668 1016 1696 ad

168 1711 319 1740 essentiam
339 1711 368 1739 in
389 1711 496 1740 ratione
519 1712 645 1740 termini.

1153 1432 1184 1460 Et
1205 1432 1262 1460 duo
1283 1435 1460 1469 quaeruntur
1491 1437 1628 1470 quantum
1650 1435 1685 1463 ad
1706 1435 1844 1473 primum,
1865 1437 1921 1465 duo

1074 1486 1141 1507 vero
1162 1482 1300 1516 quantum
1324 1480 1359 1509 ad
1381 1481 1546 1509 secundum.
1569 1482 1708 1518 Quantum
1734 1483 1769 1512 ad
1787 1484 1922 1521 primuni

1074 1526 1239 1562 quaeritur:

1153 1573 1259 1608 Primo,
1281 1577 1379 1603 utrum
1401 1574 1557 1604 substantia
1577 1576 1621 1605 vel
1639 1577 1759 1605 essentia
1780 1581 1901 1614 generet.

1153 1620 1296 1656 Secundo,
1324 1624 1422 1651 utrum
1451 1623 1486 1651 de
1515 1623 1671 1653 substantia
1698 1627 1848 1661 generetur
1876 1625 1923 1653 ali-

1075 1676 1146 1705 quis.

902 1815 1140 1851 ARTICULUS
1166 1818 1189 1850 Ι.

353 1907 393 1934 De
414 1908 634 1944 comparatione
651 1909 851 1945 generationis
872 1910 913 1937 ad
932 1909 1130 1939 substantiam
1150 1911 1211 1939 siue
1231 1912 1386 1940 essentiam
1408 1912 1437 1941 in
1459 1913 1574 1941 ratione
1594 1913 1745 1950 principii.

920 1996 1125 2031 Qufflsrio
1153 1997 1172 2024 1.

718 2079 823 2107 Utrum
844 2080 1011 2109 substantia
1031 2081 1092 2110 sive
1112 2083 1236 2110 essentia
1255 2087 1378 2120 yeneret.

247 2177 326 2207 Circa
353 2179 491 2216 primum,
514 2179 590 2216 quod
618 2180 774 2209 substantia
801 2189 857 2209 non
888 2184 1017 2218 generet,

170 2225 326 2253 ostenditur
348 2226 394 2254 sic.

251 2273 274 2299 1.
296 2272 434 2301 Generare
456 2272 522 2301 dicit
540 2273 718 2302 relationem:
741 2281 808 2311 ergo
823 2274 867 2303 cui
889 2275 1017 2303 convenit

28 2326 320 2355 Fundameuiagenerare,
349 2319 478 2347 convenit
510 2320 556 2348 et⁷
584 2320 699 2354 referr13
728 2321 777 2349 sed
804 2322 941 2351 essentiae
962 2330 1016 2351 non

169 2366 298 2394 convenit
319 2366 433 2395 referri:
457 2374 523 2403 ergo
543 2374 594 2395 nec
616 2374 758 2403 generare.

247 2413 273 2440 2.
295 2412 378 2447 Item,
401 2421 536 2450 generare
554 2414 687 2451 importat
708 2415 927 2444 distinctionem:
950 2423 1017 2453 ergo

1075 2183 1118 2211 cui
1142 2184 1272 2212 convenit
1287 2191 1430 2220 generare,
1445 2191 1496 2221 per
1517 2192 1690 2221 consequens
1705 2186 1751 2214 61Ε
1773 2186 1905 2223 distingui
1915 2198 1922 2221 ;

1074 2230 1122 2258 sed
1138 2231 1258 2258 essentia
1272 2239 1337 2259 cum
1358 2231 1393 2260 sit
1407 2239 1478 2265 una,
1500 2240 1555 2260 non
1570 2231 1762 2268 distinguitur:
1783 2241 1849 2269 ergo
1871 2236 1922 2262 etc.

1074 2277 1126 2304 Aut
1147 2277 1170 2305 si
1198 2281 1326 2313 generat,
1348 2278 1445 2314 plures
1471 2280 1536 2307 sunt
1560 2279 1705 2307 essentiae.
1734 2279 1765 2307 Et
1793 2279 1829 2307 ad
1853 2279 1922 2308 haec

1075 2323 1131 2351 duo
1153 2324 1374 2354 inconvenientia
1395 2325 1472 2353 ducit
1493 2325 1651 2361 ltlagister.⁹

1153 2369 1179 2398 3.
1200 2370 1284 2405 Item,
1314 2378 1449 2407 generare
1474 2371 1540 2400 dicit
1567 2372 1702 2401 actionem
1730 2373 1921 2409 personalem:

1074 2424 1140 2453 ergo
1163 2417 1197 2445 de
1219 2417 1267 2444 1110
1288 2417 1347 2445 5010
1375 2417 1486 2452 dicitur,
1508 2418 1583 2455 quod
1610 2418 1747 2455 significat
1773 2427 1923 2456 personam

232 2528 240 2543 1
258 2529 310 2551 Vat.
330 2521 422 2557 praeter
440 2530 509 2553 {Idem
526 2537 582 2553 mss.
599 2534 621 2554 et
637 2531 674 2554 ed.
693 2533 701 2554 1
717 2550 722 2561 ‚
745 2533 872 2555 omittendo
890 2534 926 2556 Ita
951 2533 1022 2556 etium

173 2573 220 2590 non
238 2569 272 2590 est
288 2567 426 2597 dicendum,
446 2572 468 2591 et
483 2570 594 2592 variando
612 2572 803 2594 constructionem
817 2574 937 2601 praeponit
948 2573 1021 2595 verbo

172 2606 276 2629 secunda
293 2608 430 2635 particulam
447 2608 568 2631 SImz‘Iiter.
586 2610 641 2631 Item
666 2611 688 2632 in
714 2610 759 2633 fine
783 2612 948 2639 propositionis
969 2612 1023 2640 legit

167 2645 295 2675 principii,
314 2645 383 2669 habet
400 2647 447 2669 tres
460 2648 549 2676 parles.
562 2648 625 2671 Idem
641 2650 738 2672 recurrit
750 2650 806 2672 infra
820 2656 862 2678 pro
875 2651 939 2673 tertia
950 2654 1022 2679 parte.

178 2685 200 2706 ln
218 2685 295 2707 medio
313 2686 477 2713 propositionis
494 2686 563 2709 habet
584 2687 610 2710 iu
626 2688 803 2717 comparatione
819 2689 869 2711 1000
886 2689 914 2712 (Ie
930 2695 1022 2719 compa-

170 2723 278 2751 ratione,
298 2724 339 2746 sed
356 2725 422 2746 male.

232 2762 242 2776 ²
259 2762 312 2785 Vat.
330 2766 408 2785 contra
426 2770 481 2786 mss.
499 2766 521 2786 et
537 2764 574 2786 ed.
593 2765 601 2786 11
623 2765 687 2788 addit
704 2766 740 2788 hic
757 2766 804 2789 sed.

233 2800 243 2815 ³
261 2802 432 2829 supplevimus
444 2809 470 2824 ex
483 2808 537 2825 mss.
549 2806 571 2825 et
582 2803 618 2825 ed.
632 2805 640 2826 11
656 2805 729 2833 Item,
744 2808 796 2833 post
812 2805 875 2834 quod
892 2806 1022 2828 emendavi-

176 2846 228 2862 mus
245 2840 295 2862 Vat.
313 2843 334 2862 et
351 2847 405 2863 mss.
423 2841 583 2864 substituendo
600 2849 653 2865 cum
670 2843 707 2866 ed.
725 2844 733 2865 ¹l
750 2844 854 2867 secunda
871 2845 921 2867 loco
931 2845 1018 2875 prima,

170 2879 235 2908 quod
253 2881 372 2903 manifeste
390 2884 423 2904 est
441 2881 530 2903 salsum.

1140 2533 1149 2548 ⁴
1169 2534 1218 2556 Vat.
1237 2534 1423 2563 expositionem,
1442 2535 1484 2557 sed
1501 2538 1579 2557 contra
1596 2541 1651 2558 mss.
1669 2538 1691 2558 et
1707 2536 1744 2558 ed.
1763 2537 1784 2558 i,

1139 2572 1148 2587 ⁵
1167 2573 1228 2595 Haec
1240 2574 1385 2601 parenthesis
1396 2574 1504 2602 explicat,
1518 2580 1589 2603 quare
1602 2574 1685 2596 dicitur
1696 2574 1800 2603 elicitur,
1813 2576 1859 2597 scil.
1872 2576 1925 2604 qnia

1078 2612 1129 2634 illae
1146 2613 1293 2634 auctoritates
1310 2619 1355 2635 non
1372 2613 1476 2641 explicite
1491 2614 1607 2635 continent
1618 2614 1755 2636 contrariam
1767 2615 1924 2637 assertionem.

1139 2651 1149 2665 ⁶
1168 2652 1246 2673 Plures
1263 2658 1317 2674 mss.
1335 2658 1389 2674 cum
1406 2652 1442 2674 ed.
1461 2653 1469 2674 ·Ι
1491 2652 1587 2675 inducit.

1140 2690 1151 2704 ⁷
1167 2690 1218 2712 Vat.
1229 2708 1234 2718 ,
1252 2691 1338 2713 omisso
1363 2697 1408 2713 non
1433 2691 1493 2713 bene
1515 2692 1548 2719 et,
1568 2692 1590 2713 in
1608 2691 1653 2713 fine
1670 2693 1799 2720 argumenti
1816 2695 1868 2720 post
1883 2698 1925 2715 nec

1078 2730 1161 2757 repetit
1177 2729 1298 2757 convenit,
1316 2730 1357 2752 sed
1374 2733 1452 2752 contra
1470 2736 1524 2752 mss.
1542 2733 1564 2753 et
1580 2730 1615 2752 ed.
1638 2731 1656 2752 l.

1145 2768 1155 2783 8
1171 2769 1201 2791 lta
1219 2769 1312 2796 plurimi
1329 2769 1396 2791 codd.
1414 2775 1467 2792 cum
1484 2769 1520 2792 ed.
1540 2770 1548 2791 i
1570 2772 1648 2792 contra
1665 2770 1716 2792 Vat.
1727 2788 1732 2798 ‚
1749 2776 1809 2798 quae
1825 2770 1926 2793 habetet

1077 2813 1120 2837 per
1137 2813 1280 2837 consequens
1297 2807 1376 2831 etiam.

1140 2846 1150 2860 ⁰
1168 2847 1208 2868 Hic
1225 2852 1244 2869 c.
1264 2847 1284 2869 ’1.
