2253 3317
20 736 160 756 OEundamenta.

678 145 759 173 DIST.
782 145 857 174 XVll.
880 145 905 173 Ρ.
927 145 945 173 l.
966 144 1038 172 ART.

165 227 194 252 et
215 223 251 251 ita
275 222 483 259 praecognoscit
513 223 654 251 caritatem
661 234 668 257 3
689 231 744 251 non
770 231 837 259 ergo
864 230 914 259 per
945 222 1007 251 effe-

166 273 250 298 ctum.
273 269 306 297 Si
325 273 357 297 tit
377 269 473 303 dicas,
494 269 570 306 quod
591 269 730 306 cognoscit
749 269 776 297 in
808 269 856 297 illa
885 269 1007 297 veritate

163 319 299 349 aeterna,
320 319 369 344 aut
390 316 442 344 hoc
463 315 516 344 erit
536 314 671 353 effective,
697 319 745 344 aut
774 314 950 352 formaliter.
979 315 1005 343 Si

166 361 297 399 effective,
320 362 359 391 sic
379 362 472 390 onmia.
492 366 697 399 cognoscuntur
718 362 746 391 in
766 370 807 397 ea,
821 369 893 399 quae
913 361 1006 390 onmia

166 408 230 436 facit
254 408 338 442 scire,
359 416 552 445 quaecumque
574 409 713 443 sciuntur;
735 409 757 437 si
772 411 876 437 ¹autem
895 407 1007 445 forma-

166 453 232 481 liter
255 454 314 483 sive
334 453 542 490 exemplariter,
563 462 630 491 ergo
652 455 776 489 videtur,
797 454 872 492 quod
894 454 938 483 vel
958 454 1007 482 im-

165 499 281 537 primit¹
303 499 426 536 aliquam
447 500 568 536 speciem
589 501 617 528 in
643 501 799 535 intellectu,
825 501 869 529 vel
894 508 1006 530 necesse

165 548 215 580 est,
229 546 304 583 quod
319 545 379 582 ipsa
394 546 496 574 veritas
510 546 554 575 vel
569 546 715 583 exemplar
729 547 929 584 conspiciatur:
941 554 1006 584 quo-

166 600 230 620 rum
244 592 364 621 alterum
379 595 421 621 est
436 600 522 629 supra
536 593 724 629 improbatum
737 592 756 627 ²,
777 593 898 622 alterum
912 595 1005 621 autem

165 638 309 666 manifeste
328 638 438 667 falsum.

243 685 296 713 SED
317 692 437 713 cou'rnA:
463 687 486 713 l.
502 685 661 714 Peccatores
675 685 835 714 desiderant
849 686 1006 716 caritatem;

166 731 215 760 sed
235 730 331 759 nullus
351 731 492 760 desiderat
511 732 585 769 quod
607 740 661 760 non
676 732 829 769 cognoscit,
850 732 916 769 quia
936 732 1007 760 inco-

165 777 241 814 gnita
261 785 314 806 non
342 781 459 814 possunt
490 778 583 815 diligi,
614 778 685 807 sicut
717 778 783 807 dicit
803 778 1005 816 Augustinus³t

165 831 231 861 ergo
253 824 303 861 ipsi
326 828 495 861 cognoscunt
515 825 667 853 caritatem.

244 872 270 898 ᾖ.
292 870 371 905 Item,
392 871 494 908 aliquis
514 871 620 900 liabens
641 871 784 900 caritatem
799 873 889 908 potest
902 871 1006 900 habere

165 917 348 953 cognitionem
370 917 405 945 de
425 917 487 950 illa·,
509 917 558 946 sed
579 925 661 946 omne
683 917 757 955 quod
779 917 852 946 cadit
873 917 900 945 in
930 917 1008 946 intel-

165 962 239 992 lectu
259 963 499 999 apprehendente,
520 966 610 1001 potest
632 964 658 992 in
680 964 815 992 memoria
830 964 1006 998 conservari3

164 1012 284 1046 ponatur
305 1017 387 1046 ergo,
409 1010 484 1046 quod
505 1010 683 1047 imprimatur
704 1010 773 1039 haec
804 1010 923 1047 cognitio
953 1018 1007 1039 me-

166 1056 282 1090 moriae,
303 1059 330 1084 et
344 1056 419 1092 quod
434 1056 569 1085 demum*
591 1057 671 1085 cadat
699 1065 715 1084 a
739 1056 866 1091 caritate,
886 1059 1005 1092 constat,

165 1102 240 1139 quod
261 1101 357 1139 lapsus
371 1110 387 1130 a
402 1102 516 1131 caritate
537 1103 702 1131 memoriam
722 1103 783 1132 eius
797 1102 924 1131 retinuit:
940 1110 1007 1140 ergo

164 1149 257 1178 adhuc
278 1149 417 1186 cognoscit
443 1157 518 1181 eam,
540 1157 606 1186 ergo
638 1150 738 1178 caritas
769 1153 859 1186 potest
880 1150 1006 1186 cognosci

166 1203 182 1223 a
203 1203 258 1223 non
279 1195 406 1224 habente.

244 1241 269 1270 3.
292 1241 372 1276 item,
393 1242 415 1270 si
436 1242 538 1270 caritas
558 1241 735 1279 cognoscitur
755 1242 791 1270 ab
812 1242 944 1276 habente,
959 1245 1008 1270 aut

165 1288 218 1316 hoc
238 1290 280 1316 est
300 1296 351 1325 per
364 1288 536 1321 essentiam,
556 1291 605 1317 aut
619 1296 670 1325 per
682 1287 905 1316 similitudinem
915 1288 932 1315 ⁵.
954 1288 1007 1316 Sed

162 1334 264 1373 probo,
286 1334 360 1371 quod
382 1342 432 1370 per
452 1334 678 1368 similitudinem,
699 1335 764 1371 quia
785 1334 854 1362 nihil
869 1334 1008 1371 cognoscit

166 1380 336 1415 intellectus,
358 1381 412 1409 nisi
432 1381 468 1409 ab
489 1381 537 1409 illo
559 1381 737 1415 informetur;
764 1380 813 1409 sed
834 1380 935 1409 caritas
965 1384 1008 1409 est

165 1427 278 1455 habitus
299 1427 427 1461 affectus,
448 1434 514 1464 ergo
545 1427 700 1455 secundum
732 1426 880 1455 essentiam
903 1427 1006 1455 11111111ὓ

165 1481 220 1502 11011
240 1473 396 1510 egreditur:
418 1481 485 1510 ergo
516 1473 538 1502 si
569 1473 666 1502 unitur
698 1473 848 1502 intellectui
870 1476 897 1502 et
927 1473 1007 1502 illum

166 1519 307 1554 informat,
330 1520 382 1548 1100
402 1522 444 1548 est
458 1527 508 1557 per
522 1520 761 1553 similitztdinem‚·
783 1520 832 1549 sed
854 1520 1007 1549 similitudo

165 1568 255 1602 potest
280 1566 375 1595 haberi
398 1574 489 1594 arnon
512 1567 631 1595 habente
652 1566 807 1595 caritatem:
830 1575 896 1603 ergo
916 1570 967 1595 etc.

243 1613 269 1641 [1.
285 1612 364 1647 Item,
379 1612 548 1650 Augustinus
562 1613 628 1641 dicit
642 1612 790 1642 undeesimo
805 1613 839 1642 de
851 1613 982 1642 Trinitate
989 1614 1007 1648 ⁷,

165 1659 241 1696 quod
262 1659 297 1688 ad
320 1659 384 1693 hoc,
406 1660 480 1696 quod
515 1659 671 1688 intellectus
702 1660 837 1697 intelligat
867 1661 942 1697 quod
967 1662 1008 1689 est

168 1705 194 1733 in
226 1706 374 1740 memoria,
406 1713 518 1735 neccsse
546 1709 601 1740 est,
622 1706 712 1736 aciem,
742 1706 897 1735 intellectus
927 1706 1009 1734 insor-

167 1752 252 1780 mari:
284 1760 351 1789 ergo
384 1752 472 1780 multo
503 1752 603 1781 fortius
623 1753 658 1781 ad
679 1753 744 1785 hoc,
777 1752 852 1789 quod
874 1752 1009 1789 intelligat

166 1799 242 1835 quod
256 1802 299 1827 est
313 1799 340 1827 in
356 1799 511 1827 voluntate:
534 1806 600 1835 ergo
615 1799 636 1827 si
652 1799 779 1835 intelligit
800 1799 956 1833 caritatem,
971 1799 1009 1827 in-

166 1845 303 1873 formatur
318 1845 475 1874 intellectus
488 1845 582 1882 aliquo
593 1845 617 1879 8;
632 1854 690 1873 ozon
705 1845 859 1874 substantia
873 1845 1007 1874 caritatis:

165 1899 234 1928 ergo
255 1892 450 1925 similitudine,
471 1899 538 1928 ergo
560 1892 632 1920 idem
655 1892 729 1928 quod
751 1892 838 1929 prius.

233 2387 239 2401 ¹
258 2387 332 2415 Aliqui
350 2387 416 2409 codd.
435 2391 458 2409 ut
476 2387 552 2410 aa‘bh
569 2394 622 2410 cum
639 2387 675 2410 ed.
698 2388 702 2409 l
727 2387 854 2417 imprimat.
877 2388 925 2409 mm
943 2387 979 2409 cd.
1000 2388 1005 2408 1

169 2429 220 2453 post
236 2425 324 2449 *veritus
341 2426 410 2448 habet
425 2426 473 2449 sive
489 2432 531 2454 pro
549 2426 591 2449 vel.

230 2465 239 2479 ²
257 2465 279 2487 ln
297 2466 410 2492 principio
427 2466 496 2487 11111115
513 2467 654 2493 argumenti,
672 2465 712 2488 ubi
728 2466 842 2493 arguitur,
855 2465 918 2493 qnod
930 2466 1011 2487 caritas

169 2504 277 2531 cognosci
295 2509 339 2525 non
358 2504 430 2531 possit
445 2510 487 2532 per
503 2503 601 2533 speciem
617 2503 732 2526 innatam.

231 2541 242 2556 ³
258 2541 319 2563 Libr.
337 2541 365 2563 X.
384 2542 413 2563 (le
430 2542 497 2564 Trin.'
510 2548 530 2564 c.
549 2542 569 2564 rl.
596 2548 618 2564 n.
649 2542 677 2564 l:
700 2541 768 2570 Quod
793 2542 891 2570 quisque
915 2547 1011 2569 prorsus

170 2581 260 2607 ignorat
276 2586 354 2602 amare
372 2580 432 2602 nullo
450 2583 516 2608 pacto
534 2583 614 2608 petest.

231 2617 241 2631 ⁴
258 2617 313 2640 Cod.
332 2618 352 2639 X
370 2617 457 2641 ‹leinde

231 2656 241 2670 ⁵
258 2657 280 2678 ln
299 2656 348 2678 Vnt.
366 2659 455 2683 praeter
472 2656 542 2679 fidem
560 2663 614 2679 mss.
632 2660 654 2679 ct
669 2658 706 2679 cd.
728 2658 732 2679 1
754 2657 861 2679 additur:
878 2658 923 2680 Per
937 2663 1010 2680 essen-

169 2695 227 2719 tiam
243 2701 307 2722 11011,
327 2696 418 2718 constal
427 2713 432 2722 ,
449 2698 472 2717 et
487 2702 541 2717 mox
558 2696 607 2718 loco
623 2695 696 2725 probo
714 2696 811 2718 habetur
826 2695 948 2725 probatur.

231 2734 240 2748 ὃ
258 2734 373 2761 intellige:
391 2735 504 2756 allectum.
523 2734 572 2756 Vnt.
590 2741 643 2756 cnm
661 2735 712 2757 cod.
730 2741 755 2757 cc
772 2741 909 2763 perperam,
922 2738 1010 2757 010010-
1037 2739 1039 2759 ζ

170 2775 200 2796 ris
218 2774 284 2796 codd.
302 2780 355 2795 cum
373 2773 409 2795 cd.
431 2774 436 2794 l
458 2773 641 2801 refragantibus.
658 2773 724 2796 illam
735 2783 743 2801 ,·
760 2780 819 2802 quae
836 2776 856 2795 cl
872 2775 941 2801 paulo
953 2774 1010 2796 infra
1037 2760 1039 2793 Ι

169 2813 219 2834 1000
235 2812 276 2835 sed
293 2813 355 2840 ponit
371 2813 394 2834 et
409 2811 472 2834 baec.
683 2826 685 2830 ,
1037 2807 1039 2840 ξ

232 2850 241 2865 7
259 2850 314 2878 Cup.
333 2850 354 2872 Ἰ.
371 2854 392 2872 et
411 2851 431 2872 8.
451 2857 470 2872 n.
494 2850 569 2873 1145„
588 2850 626 2872 uhi
643 2851 701 2872 ino-1·
718 2851 758 2872 alin
776 2850 843 2874 dicit:
855 2850 899 2872 Sed
910 2856 964 2872 cum
976 2856 1011 2872 co·
1037 2846 1039 2902 1

171 2890 266 2917 gitatur,
276 2895 310 2910 »cx
329 2889 362 2910 illn
381 2889 475 2916 (specie)
489 2895 557 2917 qnnm
578 2889 687 2910 memoria
701 2891 771 2916 tenet,
784 2889 918 2916 exprimitur
929 2889 951 2910 in
963 2889 1010 2913 acic
1038 2903 1040 2917 1

1060 143 1175 173 UNICUS
1197 144 1331 181 QUAEST.
1354 144 1386 173 lv
1389 166 1395 172 .
1846 145 1897 174 301

1378 230 1597 257 0011011051οῚ

1064 337 1182 365 Caritas
1203 337 1291 366 etiam
1311 346 1331 366 ct
1352 346 1409 366 non
1432 337 1550 366 habente
1571 346 1635 366 eam
1653 341 1744 374 potest
1758 338 1901 375 cognosci,

1139 391 1198 411 ‘non
1219 383 1380 421 cognitione
1400 384 1631 421 experimentali,
1646 384 1696 412 sed
1711 383 1901 420 speculativa,

1141 433 1165 458 et
1185 430 1300 467 quidem
1321 439 1379 459 non
1396 439 1450 467 per
1471 431 1692 459 similitudinem
1721 439 1740 459 α
1770 430 1902 459 sensibus

1140 476 1335 510 abstractam,
1357 477 1407 505 sed
1425 486 1478 515 per
1498 478 1647 515 qucmdam
1670 477 1820 505 veritatem
1841 477 1903 505 cmii-

1140 532 1205 552 mae
1226 523 1368 551 iimcitam.

1141 640 1313 668 Rnsrounsso:
1335 640 1503 674 Dicendum,
1532 640 1607 677 quod
1637 639 1806 676 cognitione·
1821 647 1903 675 expe·
1929 645 2041 687 rfi⁰i¹⁰¹i¹13³⁰

1061 686 1177 714 rientiae
1198 694 1252 715 non
1274 687 1449 723 cognoscitur
1469 686 1570 715 caritas
1590 686 1642 715 nisi
1663 686 1698 714 ab
1711 686 1846 720 habente;
1860 693 1903 714 co·
1915 674 1944 692 ¹²¹
1958 674 1999 692 ⁰⁹³
2026 682 2030 685 ”

1062 732 1184 768 gnitione
1205 740 1272 760 vero
1293 732 1490 769 speculationis
1510 734 1619 760 certum
1639 734 1681 760 est
1710 731 1837 768 cognosci
1862 739 1903 760 ca-

1062 779 1173 813 ritatem
1194 778 1276 807 etiam
1298 786 1315 806 a
1334 786 1389 807 non
1417 779 1544 807 habente.
1572 778 1674 806 Modus
1703 781 1797 807 autem
1818 777 1904 806 huius
1913 784 2043 825 &2335ssng

1062 825 1225 861 cognitionis
1246 833 1300 853 non
1320 827 1411 862 potest
1441 832 1502 853 esse
1523 832 1573 861 per
1603 825 1725 853 caritatis
1755 824 1902 853 essentiam
1947 821 1957 830 ⁰
2038 821 2041 824 “

1062 879 1113 900 1100
1133 879 1184 908 per
1205 871 1415 900 similitudinem
1440 880 1456 900 a
1480 871 1609 900 sensibus
1639 871 1815 908 acquisitam:
1837 878 1904 907 ergo

1063 925 1176 946 necesse
1198 920 1251 953 est,
1274 918 1349 955 quod
1371 918 1405 947 sit
1426 925 1476 954 per
1496 918 1719 946 similitudinem
1750 916 1902 954 infusam,

1062 964 1107 1003 vel
1127 964 1270 993 innatam.
1293 965 1414 1002 Utraque
1433 967 1540 999 autem,
1561 972 1632 1002 quae
1647 964 1686 993 sic
1700 966 1904 1001 cognoscuntur
1917 969 2003 1010 ⁸¹3.²3‚¹’„¹‘,¹²
2016 969 2044 986 ὼ·-

1062 1011 1098 1039 ab
1118 1010 1243 1045 homine,
1265 1010 1397 1039 dicuntur
1417 1011 1453 1039 ab
1468 1011 1639 1048 Augustino⁹
1660 1010 1787 1047 cognosci
1806 1010 1835 1037 in
1855 1009 1904 1038 Ve-
1944 1007 1949 1010 ’
1993 1007 1995 1009 ’

1063 1057 1143 1086 ritate
1164 1060 1286 1091 aeterna,
1307 1060 1356 1086 aut
1376 1058 1441 1094 quia
1456 1058 1564 1086 Veritas
1578 1057 1762 1094 cognitionem
1776 1056 1905 1089 infundit,

1063 1107 1094 1132 ut
1114 1104 1271 1141 Prophetis,
1285 1107 1334 1133 aut
1348 1104 1413 1141 quia
1433 1112 1450 1132 a
1463 1103 1619 1132 conditione
1640 1102 1789 1140 imprimit,
1811 1110 1906 1131 secun-

1063 1150 1131 1178 dum
1152 1150 1263 1179 illud¹⁰:
1286 1150 1442 1187 Siynatum
1462 1153 1503 1178 est
1516 1158 1605 1186 super
1624 1157 1678 1177 ‘nos
1698 1149 1793 1177 lumen
1807 1148 1904 1176 uultus

1064 1196 1116 1230 titi,
1138 1196 1260 1224 Domine
1280 1199 1331 1224 etc.
1356 1196 1462 1224 Caritas
1491 1198 1585 1224 autem
1617 1203 1672 1224 non
1693 1194 1868 1232 cognoscitur
1889 1202 1904 1222 a

1063 1242 1256 1279 peccatoribus
1266 1250 1317 1279 per
1331 1242 1451 1279 speciem
1467 1243 1601 1271 infusam:
1617 1250 1684 1279 ergo
1697 1244 1814 1279 oportet,
1829 1241 2017 1279 quodenueiusio
2027 1248 2045 1265 2-

1063 1297 1113 1326 per
1134 1289 1257 1317 innatam
1278 1292 1469 1325 cognoscatur.

1141 1335 1251 1372 Species
1271 1339 1365 1364 autem
1386 1335 1479 1364 innata
1493 1338 1583 1372 potest
1603 1342 1664 1363 esse
1677 1335 1838 1372 dupliciter:
1857 1337 2033 1382 asttnssssss'm

1062 1381 1224 1410 similitudo
1246 1385 1374 1415 tantum,
1396 1382 1467 1410 sicut
1488 1382 1595 1418 species
1616 1381 1725 1418 lapidis,
1743 1384 1792 1409 aut
1813 1381 1849 1409 ita
1869 1381 1906 1408 si·
1986 1378 1989 1381 ⁴

1062 1428 1211 1461 mititudo,
1232 1428 1307 1465 quod
1320 1428 1341 1443 ¹¹
1358 1428 1441 1457 etiam
1456 1428 1594 1464 quaedam
1615 1428 1725 1456 veritas
1745 1427 1772 1461 in
1787 1435 1816 1456 se
1837 1428 1905 1464 ipsa.

1064 1474 1154 1503 Prima
1175 1475 1281 1512 species
1302 1478 1343 1503 est
1364 1475 1436 1503 sicut
1457 1475 1580 1511 pictura;
1602 1477 1629 1503 et
1643 1474 1678 1503 ab
1692 1475 1743 1503 hac
1759 1477 1851 1503 creata
1865 1478 1905 1503 est

1063 1521 1155 1550 anima
1176 1521 1260 1550 nuda.
1282 1521 1408 1550 Secunda
1437 1521 1542 1558 species
1563 1524 1605 1550 est
1636 1521 1783 1558 impressio
1813 1520 1905 1558 aliqua

1063 1575 1190 1596 summae
1212 1567 1337 1596 veritatis
1358 1568 1385 1595 in
1406 1567 1517 1601 anima,
1539 1567 1610 1596 sicut
1630 1567 1708 1596 verbi
1734 1567 1821 1604 gratia
1853 1567 1908 1595 ani-

1063 1622 1126 1643 mae
1146 1622 1162 1642 a
1183 1614 1339 1643 conditione
1371 1622 1422 1643 sua
1447 1614 1543 1643 datum
1575 1617 1617 1643 est
1649 1613 1745 1642 tumen
1765 1614 1907 1651 quoddam

1064 1661 1231 1689 directivum
1252 1663 1279 1689 et
1300 1661 1437 1697 quaedam
1460 1660 1581 1689 directio
1602 1660 1738 1689 naturalis
1750 1671 1757 1694 3
1782 1660 1846 1689 data
1867 1663 1908 1689 est

1063 1707 1148 1736 etiam
1163 1708 1187 1736 ei
1202 1706 1315 1745 affectio
1326 1707 1349 1722 ¹²²
1373 1707 1531 1736 voluntatis.
1547 1707 1690 1744 Cognoscit
1704 1707 1789 1744 igitur
1807 1708 1906 1741 anima¹

1064 1753 1131 1790 quid
1153 1753 1188 1782 sit
1208 1753 1360 1786 rectitudo,
1382 1753 1491 1790 etquid
1512 1753 1639 1791 affectio,
1660 1756 1687 1782 et
1708 1753 1758 1787 ita,
1778 1753 1846 1790 quid
1867 1762 1909 1781 re-

1064 1799 1173 1827 ctitudo
1193 1798 1368 1837 affectionis;
1389 1802 1495 1828 etcum
1510 1799 1611 1828 caritas
1632 1800 1667 1828 sit
1683 1799 1747 1833 hoc,
1769 1800 1908 1836 cognoscit

1064 1845 1207 1874 caritatem
1229 1853 1279 1882 per
1300 1845 1441 1882 quandam
1462 1846 1627 1879 veritatem,
1659 1853 1730 1882 quae
1751 1848 1844 1874 tamen
1865 1854 1908 1875 ve-

1064 1892 1131 1920 ritas
1162 1895 1203 1921 est
1234 1891 1396 1920 similitudo
1417 1892 1558 1925 caritatis;
1589 1894 1616 1920 et
1641 1895 1706 1920 tunc
1728 1887 1803 1921 recte
1824 1891 1907 1920 habet

1068 2387 1201 2414 cogitantis,
1218 2391 1239 2409 01
1257 2387 1426 2409 reminiscendo
1438 2388 1549 2409 formatur
1560 2394 1585 2409 cn
1598 2388 1697 2415 species.
1710 2393 1769 2415 qnae
1781 2388 1846 2415 quasi
1858 2393 1909 2416 pro-

1041 2429 1044 2432 '
1067 2426 1099 2448 les
1117 2429 1151 2448 est
1167 2427 1216 2448 clus
1234 2432 1304 2454 quam
1322 2426 1431 2448 memoria
1449 2428 1515 2448 tenet.

1129 2464 1138 2485 ⁸.
1157 2464 1205 2492 Ope
1222 2469 1277 2486 mss.
1294 2467 1316 2486 et
1333 2464 1386 2486 edd.
1406 2464 1477 2490 ⁷132,
1496 2464 1509 2485 3
1527 2465 1680 2492 expunximus
1698 2466 1733 2486 liic
1750 2471 1762 2487 a
1780 2465 1830 2487 Val.
1847 2464 1908 2487 add!-

1067 2506 1112 2526 tam
1130 2504 1265 2531 particulam
1281 2504 1309 2526 el.
1751 2504 1753 2506 ’

1127 2542 1137 2556 ⁴³
1154 2542 1212 2564 Vide
1229 2542 1286 2564 infra
1309 2542 1426 2570 Scholion,
1445 2541 1484 2564 ubi
1509 2542 1581 2565 fusius
1606 2544 1722 2570 proposita
1744 2545 1779 2565 est
1799 2545 1907 2565 sententia

1065 2580 1161 2608 August.
1184 2580 1212 2602 de
1225 2579 1299 2602 modo
1316 2581 1451 2608 cognitionis
1467 2581 1587 2603 humanae.
1605 2580 1639 2602 De'
1657 2582 1786 2609 cognitione
1809 2583 1910 2609 proplie-

1066 2619 1103 2640 tali
1121 2619 1160 2640 ct'r.
1179 2619 1225 2640 ΧΠ.
1244 2618 1272 2640 dc
1289 2619 1370 2640 Genes.
1394 2618 1423 2641 ad
1448 2619 1477 2641 lit.
1496 2625 1515 2641 c.
1534 2619 1570 2641 31.
1588 2625 1609 2641 n.
1628 2619 1673 2641 59:
1694 2619 1767 2641 Aliud'
1778 2622 1854 2642 autem
1875 2623 1910 2643 est

1067 2658 1143 2685 ipsum
1161 2658 1250 2685 lumeny
1268 2663 1315 2686 quo
1332 2658 1457 2680 illustratur
1473 2658 1561 2685 anima,
1580 2660 1604 2680 ut
1620 2659 1697 2680 omniu
1707 2659 1744 2680 vel
1757 2659 1779 2680 in
1796 2665 1820 2681 se
1837 2659 1874 2681 vel
1885 2660 1908 2681 in

1067 2697 1104 2718 illo
1116 2697 1228 2718 veraciter
1239 2696 1350 2719 intellecta
1360 2697 1485 2724 conspiciat
1493 2699 1563 2723 :num
1573 2697 1627 2719 illud
1637 2698 1681 2719 iam
1694 2698 1743 2725 ipse
1751 2697 1813 2720 Deus
1824 2701 1908 2720 estete..

1130 2734 1148 2748 ¹0
1165 2735 1245 2756 l‘snlm.
1265 2734 1277 2756 t
1288 2752 1293 2762 ‚
1310 2734 1332 2756 7.
1350 2746 1381 2751 —
1398 2735 1466 2757 Panlo
1483 2738 1534 2757 ante
1552 2735 1602 2757 Vnt.
1619 2738 1697 2758 contra
1713 2736 1825 2763 plurimos
1841 2736 1907 2759 codd

1066 2778 1088 2795 ct
1105 2773 1140 2795 ed.
1163 2773 1168 2794 l
1191 2773 1276 2794 nomini
1293 2772 1415 2802 Prophetis
1433 2773 1538 2801 praefigit
1554 2780 1675 2801 perperam
1687 2773 1719 2801 in,
1733 2776 1755 2795 et
1767 2780 1819 2796 mox
1831 2777 1907 2797 contra

1067 2817 1147 2834 omnes
1164 2811 1231 2833 codd.
1249 2815 1272 2834 nt
1288 2811 1340 2834 edd.
1363 2812 1384 2839 1,
1404 2812 1431 2839 2,
1450 2812 1462 2833 :i
1482 2811 1550 2834 linbot
1566 2811 1713 2841 imprimitur
1727 2812 1775 2835 loco
1787 2811 1907 2841 imprimit.

1130 2849 1147 2863 ¹¹
1165 2849 1220 2872 Cod.
1239 2850 1259 2871 X
1278 2850 1341 2872 addit
1357 2851 1396 2873 cst.

1130 2888 1148 2902 ¹2*
1166 2889 1187 2910 ln
1206 2888 1255 2910 cod.
1273 2888 1291 2910 Ο
1308 2888 1400 2911 additur
1417 2888 1542 2912 naturalis.
