2253 3317
925 165 1028 194 BULLA
1049 165 1134 194 SIXTI
1155 166 1186 195 V.
1901 168 1930 197 LI

189 244 346 279 scientia
378 256 422 278 ac
449 243 494 277 de
520 242 725 278 attributae
751 241 861 277 nobis
886 241 1129 288 Apostolicae
1168 243 1366 288 potestatis
1403 243 1657 290 plenitudine,
1696 243 1766 278 hac
1805 249 1932 280 nostra

185 307 369 349 perpetuo
394 301 557 336 valitura
583 301 870 347 constitutione,
898 300 1109 335 doctrinam
1134 301 1254 347 ipsius
1280 300 1313 337 S.
1341 301 1627 336 Bonaventurae
1658 314 1679 336 a
1705 303 1932 349 supradictis

184 359 534 407 praedecessoribus
550 360 696 406 nostris,
716 358 910 395 Clemente
927 357 1006 404 IV.,
1026 358 1208 405 Gregorio
1222 358 1270 394 X.
1290 364 1327 394 et
1345 359 1451 396 Sixto
1464 359 1531 396 IV.
1550 360 1757 407 laudatam,
1777 361 1817 395 in
1836 360 1931 396 Con-

186 418 274 454 cilio
299 418 548 465 Lugdunensi
574 418 738 452 maxime
764 422 989 464 spectatam,
1016 418 1056 452 in
1081 416 1300 453 Florentino
1326 419 1439 453 etiam
1464 419 1512 454 ad
1537 431 1595 454 res
1620 419 1793 454 difficiles
1811 419 1932 466 expli-

185 477 324 512 candas
348 476 575 523 adhibitam,
603 476 912 523 gravissimorum
939 476 1105 511 virorum
1129 477 1352 512 auctoritate
1388 477 1629 512 testificatam
1667 482 1704 513 et
1741 490 1931 513 commen-

185 536 311 570 datam
349 540 387 570 et
412 535 550 569 eximio
575 534 767 570 Ecclesiae
793 534 954 569 Doctore
980 534 1158 581 dignam,
1185 547 1254 570 nos
1280 548 1431 583 quoque
1456 536 1665 583 plurimum
1697 537 1736 571 in
1766 536 1930 572 Domino

184 594 382 628 laudamus
411 598 450 628 et
475 593 798 639 commendamus,
824 606 868 628 ac
894 593 1039 628 litteras
1065 593 1233 628 eiusdem
1259 593 1356 629 sixti
1381 594 1464 641 IV.,
1505 607 1598 641 quas
1636 608 1704 642 pro
1745 595 1930 642 expressis

184 652 255 687 hoc
281 652 365 687 loco
390 651 518 686 haberi
546 651 739 698 volumus,
767 656 927 698 excepta
953 652 1033 687 eius
1058 651 1292 687 ordinatione
1318 653 1364 687 de
1390 652 1487 688 festo
1512 653 1572 688 die
1590 653 1624 689 S.
1644 653 1930 689 Bonaventurae

185 710 350 745 secunda
374 709 575 745 Dominica
599 709 689 744 Iulii
715 709 960 756 celebrando,
988 710 1121 745 harum
1154 714 1283 745 tenore
1320 711 1575 758 approbantes
1607 717 1644 747 et
1680 713 1928 759 innovantes,

184 769 310 815 ipsum
336 767 370 804 S.
397 768 712 815 Bonavcnturam,
740 768 820 803 iure
846 773 1063 803 sanctorum
1080 768 1287 804 Doctorum
1306 770 1494 805 consortio
1511 770 1560 805 ab
1579 770 1708 805 eodem
1740 770 1845 807 Sixto
1862 770 1929 806 IV.

183 827 417 873 adscriptum
448 831 486 861 et
510 831 838 874 connumeratum,
865 827 1087 862 auctoritate
1125 828 1348 874 Apostolica
1379 833 1507 863 tenore
1544 829 1800 876 praesentium
1829 829 1928 864 inter

183 886 406 932 praecipuos
431 890 469 920 et
493 886 705 932 primarios,
733 886 799 932 qui
825 885 1063 932 theologicae
1089 885 1284 921 facultatis
1309 887 1527 933 magisterio
1561 887 1837 934 excelluerunt,
1865 888 1930 923 ha-

183 944 352 979 bendum
381 957 425 979 ac
452 944 708 979 venerandum
734 956 824 991 esse,
852 944 1090 980 decernimus
1115 949 1153 979 et
1177 945 1422 980 declaramus.

279 1003 297 1049 §
325 1003 378 1038 15.
407 1002 534 1049 Atque
561 1002 609 1037 ob
636 1015 715 1037 eam
744 1015 896 1037 causam
922 1007 1115 1050 sperantes
1141 1004 1181 1038 in
1206 1003 1381 1050 Domino,
1401 1004 1514 1039 huius
1537 1004 1730 1051 Seraphici
1756 1004 1929 1041 Doctoris

182 1061 463 1096 lucubrationes
487 1061 534 1095 ad
561 1061 772 1096 doctrinam
805 1067 842 1096 et
867 1061 1126 1108 dovotionem,
1154 1074 1269 1109 quam
1300 1063 1340 1097 in
1378 1063 1478 1098 clero
1510 1063 1729 1110 populoque
1760 1064 1930 1099 christia-

184 1133 232 1155 no
258 1132 487 1167 magnopere
513 1119 638 1154 lucere
664 1125 702 1155 et
727 1120 855 1155 ardere
882 1121 1074 1167 cupimus,
1102 1122 1266 1156 maximo
1292 1121 1512 1156 adiumento
1538 1121 1632 1169 fore,
1664 1122 1769 1158 illius
1795 1122 1928 1169 libros,

184 1178 487 1225 commentarios,
515 1178 714 1225 opuscula,
743 1191 856 1225 opera
882 1179 1046 1226 denique
1072 1180 1213 1226 omnia,
1240 1184 1354 1226 prout
1371 1193 1416 1214 ex
1434 1185 1562 1215 nostra
1578 1181 1835 1228 typographia
1857 1181 1930 1216 Va-

183 1238 309 1272 ticana
340 1249 454 1283 quam
479 1237 803 1284 emendatissima,
831 1242 874 1272 ut
898 1250 1012 1284 supra
1036 1238 1183 1273 dictum
1208 1242 1282 1284 est,
1311 1239 1555 1286 emittuntur,
1588 1244 1631 1274 ut
1667 1240 1827 1275 aliorum
1860 1239 1930 1275 Ec-

184 1296 319 1331 clesiae
344 1295 567 1342 Doctorum,
595 1296 661 1343 qui
687 1296 817 1330 eximii
843 1301 949 1342 sunt,
977 1309 1053 1331 11011
1078 1296 1191 1331 modo
1216 1298 1416 1344 privatim,
1444 1298 1509 1332 sed
1527 1298 1692 1345 publice,
1712 1299 1751 1333 in
1771 1311 1930 1345 gymna-

184 1355 264 1401 siis,
284 1354 504 1401 academiis,
525 1349 681 1400 scholis,
702 1354 891 1401 collegiis,
911 1354 1160 1402 lectionibus,
1180 1355 1519 1402 disputationibus,
1538 1356 1928 1403 interpretationibus,

183 1412 452 1458 concionibus,
481 1413 718 1448 sermonibus
750 1413 1002 1461 omnibusque
1040 1413 1126 1449 aliis
1152 1414 1419 1449 ecclesiasticis
1457 1414 1593 1450 studiis
1639 1415 1929 1462 christianisque

184 1471 517 1507 exercitationibus
542 1472 666 1518 citari,
693 1472 870 1519 proferri,
897 1477 1011 1519 atque
1046 1486 1134 1507 cum
1160 1485 1218 1507 res
1242 1473 1510 1520 postulaverit,
1551 1473 1723 1508 adhiberi
1753 1474 1930 1509 volumus

184 1536 222 1565 et
246 1531 494 1565 decernimus.

278 1589 297 1636 ξ
324 1589 377 1624 16.
404 1589 454 1624 Et
480 1589 745 1636 nihilominus,
773 1594 816 1624 ut
841 1590 1111 1637 sapientissimi
1136 1590 1249 1625 huius
1275 1589 1450 1625 Doctoris
1475 1590 1639 1637 gloriosa
1656 1591 1879 1637 recordatio,
1899 1591 1929 1626 si

183 1660 259 1683 non
277 1660 345 1694 pro
362 1648 482 1694 ipsius
500 1648 703 1695 dignitate,
722 1652 761 1682 at
779 1648 913 1683 saltem
930 1661 998 1695 pro
1016 1649 1183 1683 humana
1206 1649 1400 1695 tenuitate,
1420 1648 1469 1683 ob
1487 1650 1659 1695 ingentia
1676 1649 1781 1684 illius
1798 1650 1931 1684 merita

183 1706 385 1741 ardentiori
410 1707 535 1742 studio
560 1706 761 1753 recolatur,
790 1706 914 1742 felicis
939 1707 1207 1742 recordationis
1232 1708 1561 1754 praedecessorum
1587 1703 1800 1743 nostrorum
1818 1708 1930 1743 Boni-

185 1765 273 1799 facii
291 1764 416 1811 Papae
441 1764 566 1810 VIII,
595 1766 661 1812 qui
687 1765 733 1799 de
760 1766 901 1800 sanctis
927 1770 1089 1813 quatuor
1114 1765 1354 1813 Doctoribus,
1382 1771 1420 1800 et
1444 1766 1504 1801 Pii
1530 1766 1654 1813 Papae
1680 1766 1742 1813 V.,
1763 1767 1807 1801 de
1825 1779 1930 1813 prae-

185 1824 286 1858 dicto
314 1823 348 1859 S.
376 1823 520 1858 Thema
545 1824 676 1858 eadem
702 1829 991 1870 praeceperunt,
1020 1824 1195 1871 exemplo
1220 1825 1394 1871 adducti,
1413 1825 1683 1872 praecipimus,
1702 1830 1745 1859 ut
1762 1826 1929 1860 eiusdem

186 1882 219 1918 S.
246 1882 532 1917 Bonaventurae
559 1883 639 1917 dies
666 1882 785 1917 festus
810 1883 851 1917 111
883 1882 1060 1918 omnibus
1099 1883 1295 1917 christiani
1332 1883 1432 1918 orbis
1470 1883 1643 1930 partibus
1680 1884 1751 1918 sub
1783 1884 1929 1930 duplici

185 1941 306 1976 officio
331 1954 354 1975 a
379 1941 526 1975 cunctis
552 1941 723 1987 personis
749 1941 1029 1988 ecclesiasticis,
1058 1941 1313 1977 saecularibus
1345 1946 1382 1976 et
1407 1942 1627 1988 quorumvis
1659 1942 1842 1977 Ordinum
1875 1956 1929 1977 re-

185 1999 382 2046 gularibus
407 2004 485 2034 tam
510 1999 665 2045 publice
700 2012 814 2046 quam
839 2001 1019 2046 privatim
1044 2000 1165 2047 pridie
1191 2000 1281 2035 Idus
1307 2000 1396 2035 Iulii
1430 2001 1521 2046 (non
1547 2000 1719 2035 obstante
1736 2001 1930 2047 praedicta

185 2058 279 2094 Sixti
298 2057 362 2092 IV.
389 2058 621 2093 ordinatione
649 2058 694 2092 (10
721 2058 885 2093 secunda
910 2058 1110 2093 Dominica
1136 2059 1228 2093 dicti
1255 2059 1416 2106 mensis)
1444 2059 1625 2094 celebrari
1652 2064 1765 2106 atque
1798 2060 1835 2094 111
1861 2059 1928 2095 Ca-

184 2117 371 2163 lendariis,
399 2129 486 2151 cum
512 2116 685 2152 Doctoris
711 2117 864 2152 nomine
895 2122 933 2152 ct
958 2117 1046 2152 festi
1072 2117 1237 2164 duplicis
1262 2118 1473 2152 adiectione
1499 2118 1662 2153 describi
1688 2123 1725 2153 et
1761 2118 1928 2165 imprimi

185 2175 334 2222 debeat,
363 2176 509 2210 etiamsi
535 2176 574 2210 in
601 2176 818 2211 novissimis
842 2176 1019 2210 breviarii
1052 2181 1089 2210 et
1116 2176 1279 2211 missalis
1304 2176 1464 2211 Romani
1499 2176 1828 2212 reformationibus
1862 2177 1929 2211 ali-

186 2240 241 2268 ter
266 2234 491 2280 dispositum
518 2234 647 2280 fuerit,
675 2247 797 2281 ncque
824 2247 931 2269 secus
956 2239 1069 2281 atque
1095 2248 1116 2269 a
1141 2235 1252 2270 nobis
1283 2240 1326 2269 ut
1351 2248 1464 2281 supra
1495 2235 1709 2270 ordinatum
1737 2235 1828 2281 fuit,
1863 2248 1930 2282 per

188 2305 446 2339 quoscumque
473 2293 606 2339 quavis
631 2293 853 2328 auctoritate
880 2293 1089 2340 praeditos,
1119 2294 1262 2328 censeri
1294 2299 1360 2328 aut
1396 2294 1632 2340 interpretari
1658 2307 1767 2340 posse
1805 2295 1930 2328 decer-

186 2352 322 2386 nimus.

177 2452 180 2453 7
280 2410 299 2456 ξ
326 2410 379 2444 17.
406 2409 609 2444 Hortantes
633 2410 828 2445 universos
853 2410 1050 2457 utriusque
1076 2423 1186 2445 sexus
1225 2410 1365 2445 Christi
1403 2411 1535 2445 fideles
1572 2411 1737 2446 civitatis
1771 2411 1928 2446 Balneo-

187 2468 298 2514 regii,
327 2480 421 2514 quae
448 2468 697 2503 clarissimum
723 2469 794 2503 hoc
821 2469 940 2503 edidit
965 2469 1104 2515 lumen,
1132 2474 1170 2503 ct
1195 2468 1299 2503 illius
1330 2469 1525 2515 dioecesis,
1545 2474 1588 2504 ut
1605 2470 1736 2503 eodem
1754 2469 1813 2503 die
1832 2469 1930 2503 festo

187 2539 208 2560 a
234 2526 449 2572 servilibus,
477 2526 523 2560 (10
550 2531 699 2561 sanctae
726 2527 918 2562 Ecclesiae
946 2540 1057 2574 more,
1086 2527 1262 2573 operibus
1288 2527 1514 2562 abstineant.
1541 2527 1594 2563 Ut
1625 2533 1750 2562 autem
1789 2527 1927 2563 Christi

187 2585 357 2619 fidelium
383 2585 533 2619 devotio
560 2585 607 2619 ad
633 2586 818 2632 seraphici
847 2586 960 2620 huius
997 2585 1170 2620 Doctoris
1208 2586 1309 2619 diem
1348 2585 1488 2620 festum
1527 2586 1729 2621 colendum
1773 2587 1928 2632 eiusque.

188 2656 298 2689 opem
323 2643 385 2689 pic
411 2643 685 2689 implorandam
720 2656 762 2678 eo
788 2645 909 2690 magis
935 2645 1178 2689 accendatur,
1207 2657 1281 2690 quo
1307 2657 1353 2678 ex
1378 2644 1450 2679 hoc
1481 2645 1651 2679 caelestis
1669 2645 1810 2690 gratiae
1829 2645 1927 2679 (10110

189 2714 225 2735 se
252 2701 404 2736 uberius
429 2703 695 2747 conspexerint
720 2715 799 2737 esse
824 2702 999 2747 refectos,
1027 2703 1072 2737 de
1099 2703 1370 2748 omnipotentis
1396 2702 1464 2737 Dei
1494 2703 1747 2737 misericordia
1777 2716 1820 2737 ac
1842 2703 1927 2737 bea-

188 2765 311 2794 torum
338 2759 438 2794 Petri
465 2764 502 2794 et
526 2759 635 2794 Pauli
661 2760 930 2806 Ap‹‘›stolorum
963 2762 1042 2796 eius
1076 2761 1298 2795 auctoritate
1336 2761 1483 2807 confisi,
1517 2761 1693 2796 omnibus
1731 2762 1926 2808 utriusque

189 2831 299 2853 sexus
326 2818 463 2853 Christi
488 2818 666 2853 fidelibus
704 2824 781 2853 tam
808 2820 848 2854 in
874 2820 976 2854 dicta
1001 2820 1155 2854 civitate
1187 2823 1225 2853 ct
1249 2819 1410 2854 dioecesi
1448 2819 1700 2865 Balncoregii,
1737 2832 1847 2866 qnam
1888 2820 1926 2853 111

189 2877 378 2922 praeclara
405 2876 549 2911 Galliae
575 2877 667 2911 urbe
693 2877 899 2924 Lngdnno,
933 2878 999 2912 ubi
1037 2878 1103 2912 ille
1140 2877 1240 2912 bono
1279 2878 1482 2912 certamine
1520 2878 1690 2924 legitime
1721 2879 1923 2923 decertato,

189 2947 299 2969 cursu
325 2940 600 2981 consunnnato,
628 2935 701 2969 fide
728 2941 890 2982 servata,
919 2949 964 2970 ex
989 2937 1060 2971 hoc
1087 2936 1306 2970 calamitoso
1333 2936 1480 2970 saeculo
1512 2937 1559 2970 ad
1596 2937 1813 2971 meritorum
1844 2949 1925 2970 suo-
