2253 3317
847 156 1024 186 PRAEFATIO
1046 156 1231 185 GENER—uas
1785 154 1897 182 XXXVI}

256 238 377 285 Opera
403 236 595 283 Seraphici
613 236 653 270 in
679 236 799 270 varias
817 234 955 269 classes
973 233 1094 267 divisa
1119 232 1189 267 hoc
1208 232 1337 267 ordine
1356 232 1463 266 edere.
1481 231 1756 278 proposuimus.
1775 230 1900 265 Prima

160 298 291 332 classis
309 295 575 342 complectitur
592 293 889 330 Commentarios
906 293 945 326 in
973 296 1133 338 quatuor
1150 290 1267 326 libros
1286 290 1578 336 Sententiarum,
1598 302 1691 336 quos
1709 290 1901 335 excipient

160 356 288 403 plures
306 354 550 399 Quaestiones
575 353 789 399 disputatae
806 351 1026 395 anecdotae,
1055 349 1340 396 Breviloquium
1357 349 1506 395 aliaque
1532 348 1714 395 opuscula
1730 348 1777 382 ad
1797 348 1900 382 theo-

159 414 302 460 logiam
329 412 599 448 Scholasticam
626 410 845 458 spectantia.
873 409 1061 455 Expedire
1088 408 1252 454 videtur,
1280 413 1322 442 ut
1353 408 1412 442 his
1437 407 1693 453 adiungantur
1723 406 1901 441 nonnulli

161 472 372 517 Sermones,
400 472 466 518 qui
491 471 619 517 potius
644 468 851 514 theologici
878 472 1059 502 tractatus
1077 467 1202 502 vocari
1220 471 1388 513 possunt,
1408 471 1450 501 ut
1468 465 1664 502 Sermones
1689 466 1729 500 111
1755 462 1900 500 Hex'ae-

161 543 306 577 meron,
333 530 379 564 de
405 534 551 576 septem
575 528 695 563 Donis
726 527 887 574 Spiritus
913 526 1034 561 sancti
1064 530 1103 560 et
1129 526 1174 560 de
1200 526 1331 560 decem
1362 524 1589 571 Praeceptis.
1623 523 1766 559 Referti
1799 524 1900 558 enim

161 594 251 624 sunt
275 588 573 635 praeclarissima
604 587 775 621 doctrina
805 585 1021 631 theologica
1051 589 1088 619 et
1119 584 1283 619 multum
1313 584 1525 618 inserviunt
1553 583 1601 617 ad
1636 582 1900 618 illustrandam

160 652 200 682 et
216 647 472 694 ampliandam
499 646 718 690 doctrinam,
738 657 833 691 quae
853 644 888 678 in
910 643 1186 679 Commentario
1203 643 1250 677 ad
1268 642 1525 678 Lombardum
1544 646 1582 676 et
1598 642 1643 676 in·
1661 641 1905 688 Breviloquio=

162 706 387 741 continetur.

258 764 430 800 Secunda
453 763 583 798 classis
609 762 764 797 exhibet
781 774 895 808 opera
922 761 1131 807 exegetica,
1151 761 1371 807 praesertim
1396 759 1692 795 Commentarios
1709 759 1749 793 in
1775 758 1902 805 plures

162 823 280 858 libros
306 835 429 858 sacrae
457 821 686 868 Scripturae,
711 821 779 868 qui
804 820 999 855 utilissimi
1025 824 1114 855 sunt
1138 819 1357 866 praesertim
1385 831 1452 865 pro
1477 817 1808 864 praedicatoribus.

257 881 303 917 In
328 882 477 916 tertiam
504 881 662 915 classem
689 880 917 914 remittimus
943 878 1127 925 opuscula
1151 878 1313 924 mystica
1338 882 1375 912 et
1400 877 1571 911 ascetica.

259 940 397 985 Quarta
428 939 557 974 classis
583 939 752 974 continet
782 938 908 973 onmia
933 950 1045 984 opera
1068 942 1111 972 et
1136 936 1318 983 opuscula
1344 936 1390 970 ad
1410 936 1527 970 vitam
1544 934 1772 980 regularem,
1800 947 1904 980 prae-

163 1000 293 1034 sertim
320 998 471 1034 Ordinis
502 997 706 1044 Min-orum,
741 1009 893 1044 quoquo
923 996 1036 1031 modo
1066 996 1294 1042 spectantia,
1320 995 1398 1030 sive
1434 994 1511 1029 sint
1537 993 1789 1040 apologetica,
1825 993 1903 1027 sive

162 1058 405 1103 doctrinaria,
432 1057 512 1091 sive
538 1056 725 1091 historica.

259 1116 399 1160 Quinta
424 1119 461 1150 et
485 1115 621 1150 ultima
647 1115 777 1151 classis
804 1114 1070 1161 complectitur
1096 1112 1291 1148 Sermones
1316 1112 1516 1159 plurimos,
1548 1123 1708 1157 quorum
1742 1110 1906 1145 maxima

163 1187 250 1222 pars
268 1179 324 1209 est
341 1174 493 1208 inedita.

258 1233 389 1268 Plures
427 1232 571 1267 indices
602 1232 745 1278 copiosi
777 1236 860 1265 tum
899 1230 1097 1277 speciales,
1129 1235 1212 1264 tum
1249 1229 1443 1275 generales
1475 1241 1543 1275 pro
1575 1240 1675 1263 more
1707 1227 1904 1261 meliorum

163 1292 374 1327 editionum
400 1291 476 1326 suis
503 1291 596 1325 locis
620 1294 818 1336 ponentur.

258 1350 366 1385 Licet
399 1350 635 1396 propositum
669 1353 840 1383 nostrum
875 1348 939 1393 sit,
972 1352 1120 1382 textum
1155 1346 1394 1392 originalem,
1430 1350 1614 1392 quantum
1652 1344 1732 1379 fieri
1766 1348 1906 1391 potest,

163 1410 342 1456 antiquae
369 1421 455 1443 suae
473 1408 683 1454 integritati
700 1407 911 1453 restituere,
938 1411 1066 1441 tamen
1085 1405 1208 1452 quoad
1226 1404 1385 1440 formam
1404 1405 1663 1450 rationemque
1680 1403 1795 1437 verba
1821 1403 1908 1437 seri-

165 1468 281 1504 bendi
307 1468 386 1502 sive
405 1467 714 1513 orthographiam
740 1470 777 1500 et
795 1465 918 1512 quoad
937 1465 1283 1511 interpunctionem
1311 1463 1546 1510 sequendum
1564 1462 1674 1497 nobis
1694 1474 1773 1496 esse
1799 1474 1907 1496 usum

164 1527 302 1562 nostris
326 1525 560 1572 temporibus
578 1525 701 1571 magis
718 1529 926 1571 receptum,
946 1524 1036 1559 satis
1053 1523 1298 1558 manifestum
1316 1527 1382 1557 est.
1402 1521 1512 1557 Unde
1531 1522 1570 1555 in
1595 1521 1759 1556 editione
1785 1525 1911 1554 nostra

166 1585 352 1621 scribetur
378 1598 412 1619 v.
440 1597 475 1630 g.
503 1583 682 1629 definitio,
709 1583 904 1629 definitive,
932 1582 1022 1617 licet
1048 1582 1196 1617 codices
1223 1586 1260 1616 et
1284 1581 1425 1616 multae
1452 1580 1635 1615 editiones
1656 1579 1824 1614 scribant
1840 1579 1911 1625 clif—

161 1644 302 1691 finitio,
329 1643 533 1690 diffinitive.

261 1702 306 1737 In
334 1707 491 1749 utraque
519 1715 557 1736 re
583 1701 699 1736 editio
726 1700 910 1736 Vaticana
935 1700 1152 1747 saepissime
1178 1699 1375 1734 deficitet.
1401 1699 1507 1745 quasi
1534 1698 1573 1732 in
1599 1697 1702 1732 omni
1732 1697 1832 1731 linea
1858 1710 1912 1731 re-

167 1762 320 1797 formari
345 1760 488 1795 debuit.
515 1759 568 1796 Ut
599 1765 724 1794 autem
751 1760 991 1794 uniformitas
1017 1758 1306 1804 orth‹·›graphiae
1323 1758 1362 1791 111
1382 1761 1463 1792 tota.
1488 1757 1667 1801 editione,
1695 1768 1761 1802 per
1786 1755 1912 1802 plures

168 1820 458 1856 collaboratores
477 1824 514 1854 et
538 1819 654 1865 longo
672 1823 847 1865 tempore¹
865 1817 1098 1861 adornanda,
1119 1816 1270 1851 facilius
1287 1821 1415 1862 posset
1433 1815 1610 1860 obtineri,
1630 1819 1813 1861 tanquam
1830 1827 1913 1848 nor-

168 1892 267 1914 mam
295 1878 484 1914 scribendi
511 1890 658 1924 semper
683 1877 956 1912 observandam
982 1876 1167 1922 elegimus
1192 1888 1289 1920 eam,
1318 1887 1431 1921 quam
1458 1874 1627 1921 sequitur
1655 1886 1719 1909 seu
1750 1872 1914 1920 praefert

167 1938 434 1977 celeberrimus
458 1936 496 1971 F
494 1936 652 1972 oroellini
677 1936 716 1971 in
742 1948 809 1971 suo
834 1934 985 1970 Lexicon
1011 1935 1117 1969 totius
1143 1934 1351 1978 latinitatis,
1379 1933 1435 1968 ed.
1462 1934 1584 1979 tertia,
1612 1932 1758 1967 Patavii
1781 1932 1883 1967 1827.

265 1996 396 2040 Quoad
421 1996 641 2030 methodum
672 1994 933 2040 distinguendi
959 1998 1106 2028 textum
1135 1991 1535 2039 interpunctionibus,-
1550 2005 1638 2026 cum
1660 2004 1735 2026 non
1765 1995 1912 2025 tantum

169 2055 272 2102 apud
291 2055 411 2089 varias
436 2055 621 2099 nationes,
650 2053 715 2088 sed
741 2053 855 2088 etiam
872 2052 974 2099 apud
992 2052 1164 2098 singulos
1182 2051 1258 2086 fere
1275 2056 1446 2086 auctores
1464 2064 1539 2085 11011
1558 2063 1691 2097 parum
1711 2050 1912 2095 discrepet,

170 2114 335 2149 mediam
353 2113 542 2160 quandam
569 2112 670 2146 viam
688 2112 794 2159 sequi
821 2111 1097 2158 proposuimus.
1117 2110 1189 2146 Sed
1216 2110 1298 2156 ipsa
1330 2110 1540 2156 proprietas
1567 2109 1655 2144 stili·
1675 2108 1915 2144 Bonaventu-

170 2173 281 2218 riani,
301 2172 471 2206 laconica
488 2176 525 2206 et
542 2183 652 2217 saepe
671 2170 842 2217 elliptica
859 2170 1044 2216 brevitate
1062 2169 1251 2215 insigniti,
1270 2169 1450 2203 maiorem
1468 2179 1667 2203 numerum
1696 2166 1912 2201 huiusmodi

171 2231 366 2277 signorum
392 2230 563 2277 requirit,
582 2234 625 2264 111
643 2229 794 2264 facilius
812 2228 1059 2274 intelligatur.
1087 2227 1200 2262 Hunc
1217 2227 1333 2261 finem
1359 2227 1486 2273 potius
1504 2226 1684 2273 consequi
1711 2238 1824 2272 quam
1843 2225 1915 2259 for-

171 2302 273 2323 mam
298 2294 384 2323 ante
410 2293 633 2339 concep-tam
660 2287 910 2334 aequabiliter
935 2299 1083 2333 semper
1108 2287 1215 2333 sequi
1241 2286 1351 2321 nobis
1378 2286 1654 2331 proposuimus.

267 2342 458 2394 Superest,
486 2338 529 2381 ut
555 2346 747 2393 omuibus,
776 2347 842 2393 qui
868 2346 915 2380 ad
947 2346 1106 2380 arduum
1136 2357 1231 2391 opus
1267 2345 1380 2379 huius
1418 2344 1594 2379 editionis
1632 2343 1839 2390 parandum
1880 2347 1916 2376 et

172 2406 456 2453 exsequendum
482 2405 522 2440 P.
550 2405 673 2440 Fideli
702 2405 762 2439 vel
788 2404 899 2440 nobis
925 2417 1151 2451 quacunque
1177 2404 1335 2449 ratione,
1364 2404 1443 2438 sive
1468 2402 1665 2438 beneficiis
1690 2403 1729 2436 in
1756 2414 1823 2436 uos
1842 2401 1917 2436 eol-

173 2465 260 2499 latis
286 2465 365 2499 sive
392 2464 622 2499 adiumentis
648 2464 695 2498 ad
722 2464 866 2498 litteras
892 2462 1164 2510 spectantibus,
1193 2461 1360 2497 favorem
1379 2467 1416 2496 et
1433 2461 1617 2496 auxilium
1636 2461 1914 2507 praestiterunt,

173 2527 322 2569 gratum
350 2527 520 2557 nostrum
547 2523 714 2557 animum
741 2523 996 2569 exprimamus
1022 2526 1060 2556 et
1084 2521 1210 2568 palam
1242 2525 1472 2555 attestemur.
1511 2520 1650 2555 Eorum
1687 2524 1823 2563 autem,
1851 2519 1913 2564 qui

174 2581 270 2616 bene
297 2586 333 2615 et
360 2581 502 2627 optime
527 2581 572 2615 de
599 2586 726 2616 nostra
751 2581 916 2615 editione
943 2580 1067 2614 meriti
1094 2584 1196 2625 sunt,
1224 2583 1352 2614 tantus
1384 2579 1423 2613 in
1450 2584 1528 2613 tota
1566 2578 1642 2613 fere
1681 2577 1832 2623 Europa
1863 2581 1918 2611 est

174 2652 368 2684 numerus,
396 2644 439 2674 ut
463 2652 485 2674 a
510 2639 620 2674 nobis
646 2639 866 2686 praesertim
891 2644 977 2685 post
1002 2643 1161 2673 mortem
1188 2638 1356 2672 eiusdem
1382 2637 1421 2672 P.
1441 2637 1583 2672 Fidelis
1607 2636 1749 2683 singuli
1768 2648 1918 2670 enume-

174 2699 246 2733 rari
273 2698 428 2732 minime
455 2698 610 2744 possint.
638 2698 724 2733 Non
741 2710 883 2745 paucos
902 2710 1031 2732 eorum
1049 2698 1124 2731 iam
1143 2710 1189 2731 ex
1206 2697 1276 2731 hac
1295 2697 1373 2731 vita
1391 2697 1570 2742 migrasse
1590 2696 1774 2741 lugemus.
1794 2694 1919 2729 Primo

174 2761 301 2791 autem
319 2757 402 2791 loeo
421 2748 559 2802 {gratias
577 2757 827 2803 persolvimus
845 2755 1022 2790 omnibus
1040 2755 1117 2789 fere
1135 2755 1452 2789 bibliothecarum
1472 2754 1676 2789 Praefectis
1691 2759 1728 2788 et
1745 2753 1918 2788 codicum

175 2816 517 2861 manuscriptorum
544 2814 892 2859 Conservatoribus,
913 2815 978 2861 qui
997 2827 1064 2860 pro
1083 2815 1249 2860 ipsorum
1268 2814 1502 2847 humanitate
1522 2818 1559 2847 et
1577 2814 1615 2847 111
1634 2813 1778 2847 litteras
1796 2824 1918 2845 amore

175 2873 380 2908 benevolos
406 2873 452 2908 ad
478 2874 575 2908 hanc
603 2874 807 2908 editionem
833 2872 1129 2920 promovendam
1159 2872 1347 2906 adiutores
1370 2884 1407 2906 se
1439 2871 1701 2917 praebuerunt.
1734 2870 1920 2915 Displiwt

176 2932 286 2967 nobis
312 2937 368 2966 tot
393 2932 598 2966 illustrium
617 2933 791 2977 virorum,
812 2945 972 2978 quorum
997 2931 1250 2977 gratissimam
1278 2931 1495 2965 memoriam
1521 2930 1741 2975 retinenms,
1768 2928 1921 2962 ntauina
