2253 3317
3 1438 4 1452 l

2 1453 5 1467 l

1 1552 4 1582 l

720 139 802 167 DIST.
824 139 864 167 111.
886 139 912 167 P.
934 139 952 167 Ι.
973 138 1045 167 ART.
1067 138 1183 167 UNICUS
1203 138 1338 174 QUAEST.
1359 139 1377 167 Ι.

496 226 511 246 c
520 225 536 246 o
543 225 563 245 N
572 225 587 245 c
594 225 610 245 1.
618 225 636 245 u
644 225 674 245 SI
682 224 706 245 o.

181 312 273 345 Deus,
288 312 320 340 in
333 320 363 339 se
382 318 494 339 summe
515 309 732 347 coynosczbilis,
753 309 841 337 etiam
854 308 937 336 nobas
951 310 1023 336 esset

256 366 368 386 summe
388 356 608 394 coynoscz'bilis,
628 356 657 384 si
676 364 734 383 non
755 358 826 383 esset
846 353 972 391 defectus
986 362 1021 382 ex

251 407 338 441 parte
360 403 517 431 intellectus
537 402 639 430 nostri.

257 497 436 525 RESPONnEo:
458 495 632 529 Dicendum,
654 494 729 531 quod
749 494 824 522 Deus
852 493 880 521 in
908 500 937 521 se
964 494 1022 520 tan-

0 551 8 582 τ,
34 547 263 580 Dup1ex,con-quan1
284 550 395 571 summa
416 542 467 570 lux
489 544 530 570 est
551 548 660 569 summe
685 539 876 577 cognoscibilis
888 550 895 574 3
916 542 943 568 et
963 541 1021 566 tan-

72 571 140 589 clusm.

177 597 262 626 quam
283 589 334 617 lux
355 595 464 617 summe
495 587 665 616 intellectum
697 589 825 615 nostrum
847 585 988 622 complens
1001 584 1019 619 ¹,

177 638 204 664 et
225 637 362 672 quantum
391 636 432 663 est
460 634 495 662 de
515 641 563 668 se,
585 636 658 662 esset
688 639 797 661 summe
828 631 1020 668 cognoscibilis

176 682 259 710 etiam
280 680 360 709 nobis
372 702 379 715 ‚
400 680 452 708 nisi
475 682 548 709 esset
568 680 669 716 aliquis
690 679 815 708 desectus
835 687 852 707 a
871 680 951 715 parte
965 678 1020 706 vir-

171 728 242 757 tutis
264 726 468 763 cognoscentis;
490 726 538 763 qui
558 726 672 763 quidem
694 733 749 754 non
770 725 878 753 tollitur
897 724 1019 761 perfecte

174 774 227 803 nisi
240 781 291 810 per
313 773 528 802 deiformitatem
548 772 660 809 gloriae.
682 771 879 800 Concedendae
894 773 959 799 sunt
973 770 1020 807 igi-

174 822 221 848 tur
241 820 363 848 rationes
376 819 401 854 ²,
423 819 497 856 quod
512 819 586 848 Deus
601 819 636 847 sit
650 818 841 855 cognoscibilis
855 826 871 846 a
889 819 1019 846 creatura

174 869 201 894 et
221 866 304 895 etiam
325 866 480 895 clarissime
501 865 709 902 cognoscibilis,
723 867 860 901 quantum
874 866 915 892 est
929 863 963 892 de
979 870 1017 897 se,

177 913 230 941 nisi
251 912 357 949 aliquid
378 914 451 941 esset
471 912 625 949 impediens
644 911 689 940 vel
710 910 840 940 deficiens
870 918 907 938 ex
937 912 1016 947 parte

173 958 348 993 intellectus,
369 958 441 987 sicut
462 960 524 995 post
544 957 648 995 patebit
658 957 675 985 ³.

253 1006 277 1033 1.
298 1005 337 1033 Ad
360 1004 467 1033 obiecta
488 1004 516 1032 in
537 1003 707 1032 contrarium
740 1003 889 1032 dicendum
902 1025 909 1037 ‚
940 1002 1016 1040 quod

0 1058 3 1074 1
43 1054 116 1073 So¹uti⁰
129 1060 162 1079 01³-
174 1053 216 1080 est
236 1051 354 1088 cognitio
375 1058 425 1087 per
447 1049 728 1087 comprehensionem
748 1052 775 1078 et
795 1057 846 1086 per
861 1048 1017 1086 apprehen-

50 1080 159 1102 p⁰⁵¹t⁰mm
173 1097 291 1126 sionem.
317 1097 440 1134 Cognitio
470 1104 520 1134 per
552 1096 802 1133 apprehensionem
833 1095 958 1124 consistit
988 1095 1016 1123 in

172 1143 392 1172 manifestatione
412 1143 537 1172 veritatis
558 1143 599 1171 rei
629 1142 753 1179 cognitae
765 1153 772 1176 ;
800 1142 918 1179 cognitio
948 1149 1016 1170 vero

171 1190 426 1226 comprehensionis
456 1189 580 1218 consistit
608 1188 636 1217 in
657 1189 810 1217 inclusione
841 1187 1014 1217 totalitatis⁴.

29 1236 210 1287 ξξὲἒὲξὲἰοῖςὲᾈᾱ
227 1236 361 1273 primam
381 1236 565 1272 cognitionem
585 1235 740 1272 requiritur
761 1235 904 1272 proportio
919 1242 1016 1263 conve-

171 1282 309 1317 mentiae3
330 1285 357 1311 et
380 1282 440 1311 talis
461 1285 502 1311 est
524 1282 551 1310 in
576 1278 680 1310 anima*
698 1284 828 1318 respectu
854 1281 921 1315 Dei,
949 1280 1015 1317 quia

178 1329 322 1366 «quodam
337 1329 420 1357 modo
434 1331 476 1357 est
489 1328 582 1356 anima
596 1328 711 1363 omnia⁵,
726 1335 777 1365 per
788 1327 1014 1356 assimilationem

170 1375 206 1404 ad
234 1376 335 1410 omnia,
360 1375 426 1412 quia
447 1378 511 1403 nata
532 1378 573 1404 est
594 1382 760 1412 cognoscere
780 1374 890 1408 omnia,
912 1376 940 1402 et
959 1381 1016 1402 ma-

170 1422 246 1451 xime
267 1424 309 1450 est
335 1429 425 1458 capax
452 1421 502 1450 Dei
528 1429 578 1458 per
605 1421 831 1450 assimilationem
844 1443 851 1455 ,
876 1420 942 1457 quia
972 1422 1015 1448 est

170 1468 262 1506 imago
290 1471 318 1497 et
344 1468 497 1497 similitudo
524 1468 582 1497 Dei.
610 1468 750 1504 Quantum
772 1468 808 1496 ad
830 1467 1014 1504 cognitionem

28 1514 430 1552 augustaeae-comprehensionis
450 1514 605 1552 requiritur
624 1514 767 1552 proportio
791 1514 966 1551 aequalitatis
987 1516 1015 1542 et

29 1548 394 1599 prehensl⁰¹¹¹S'aequiparantiae
406 1573 413 1596 ;
433 1564 460 1590 et
481 1562 543 1590 talis
564 1569 619 1589 non
640 1563 681 1589 est
709 1561 737 1589 in
764 1561 857 1589 anima
884 1562 1015 1597 respectu

169 1609 227 1644 Dei,
255 1609 321 1646 quia
341 1608 433 1637 anima
455 1610 496 1636 est
516 1607 609 1642 finita,
630 1607 679 1636 sed
699 1607 774 1635 Deus
802 1609 844 1635 est
870 1606 1014 1640 infinitus;

169 1657 197 1684 et
216 1655 279 1684 ideo
299 1655 371 1683 hanc
391 1662 446 1683 non
467 1654 565 1688 habet;
587 1656 614 1682 et
635 1653 670 1682 de
690 1653 743 1682 hac
763 1652 892 1690 intelligit
916 1652 1015 1689 Diony-

169 1700 246 1735 sius,
268 1703 295 1729 et
316 1700 351 1728 de
372 1700 419 1728 illa
439 1699 547 1728 currit⁶
566 1699 701 1734 obiectio,
728 1699 763 1728 de
782 1699 837 1727 alia
861 1706 928 1727 vero
948 1706 1012 1727 non.

249 1747 275 1775 2.
295 1746 335 1775 Ad
356 1746 427 1775 illud
447 1746 523 1783 quod
542 1745 671 1774 obiicitur
693 1745 728 1774 de
759 1745 889 1774 distantia
916 1744 1014 1773 intelli-

171 1792 263 1829 gibilis
284 1795 311 1821 et
331 1792 485 1826 sensibilis;
507 1792 672 1826 dicendum,
694 1791 789 1828 qu0d⁷
820 1793 862 1820 est
882 1790 1012 1819 distantia

171 1839 327 1868 secundum
348 1839 485 1868 rationem
499 1839 583 1873 entis,
598 1841 626 1867 et
646 1838 801 1867 secundum
819 1837 955 1866 rationem
969 1846 1012 1865 co-

166 1885 342 1923 ynoseibz'lis.
357 1886 449 1914 Primo
463 1886 546 1914 modo
566 1888 608 1914 est
622 1885 710 1913 maior
725 1884 873 1919 distantia3
888 1883 1011 1913 secundo

168 1932 252 1961 modo
272 1940 326 1960 non
339 1954 346 1967 ,
367 1932 432 1969 quia
452 1935 605 1969 utrumque
625 1934 667 1960 est
695 1930 866 1968 intelligibile
878 1953 885 1965 ,
906 1930 1011 1959 scilicet

1881 139 1916 167 69

1077 215 1151 244 Deus
1172 218 1199 244 et
1219 215 1319 244 anima.
1340 216 1398 244 Non
1420 216 1459 245 sic
1480 218 1521 245 est
1542 216 1576 245 de
1604 215 1747 244 intellectu
1768 218 1794 244 et
1815 223 1917 250 sensu3

1077 261 1142 298 quia
1163 269 1261 290 sensus
1282 264 1324 290 est
1344 262 1466 299 potentia
1494 262 1712 296 determinata&
1734 262 1783 290 sed
1813 261 1918 290 intelle-

1077 310 1138 337 ctus
1159 316 1222 336 non.
1582 322 1584 325 ·

1156 353 1182 382 3.
1203 354 1242 382 Ad
1264 354 1352 388 illud,
1374 354 1449 391 quod
1470 354 1609 383 infinitum
1639 363 1694 383 non
1722 355 1831 391 capitur
1851 363 1868 383 a
1888 354 1917 383 fi-

1078 400 1154 434 nit0;
1176 400 1272 429 dicunt
1302 400 1405 437 aliqui,
1429 401 1504 437 quod
1526 409 1625 438 capere
1646 401 1786 429 infinitum
1806 404 1848 430 est
1869 402 1998 431 du-s01u210
2012 417 2056 435 quo-

1077 446 1201 482 pliciter,
1222 446 1327 475 scilicet
1346 449 1483 483 quantum
1511 447 1546 475 ad
1574 448 1748 481 essentiam;
1768 451 1795 476 et
1816 448 1854 476 sic
1875 456 1917 476 ca·
1946 435 2030 454 ‘undam'

1077 492 1153 529 pitur
1165 503 1171 526 ;
1193 494 1220 520 et
1240 495 1377 529 quantum
1392 493 1428 521 ad
1441 493 1578 521 virtutem
1589 493 1614 527 ⁹;
1628 496 1655 522 et
1669 494 1708 522 sic
1722 502 1777 522 non
1791 495 1917 531 capitur,

1078 538 1150 567 sicut
1169 541 1291 575 punctus
1312 547 1328 567 a
1349 539 1422 567 linea
1436 541 1510 567 totus
1525 539 1670 576 attingitur
1684 540 1839 568 secundum
1854 540 1918 569 sub-

1077 585 1224 619 stantiam,
1243 585 1292 613 sed
1313 593 1368 613 non
1389 585 1510 614 totaliter
1531 586 1686 614 secundum
1707 586 1848 615 virtutem.
1863 586 1916 615 Sed

1077 630 1128 659 ista
1150 623 1250 660 solutio
1270 639 1325 659 non
1345 631 1457 660 videtur
1483 631 1591 660 solvere
1603 654 1610 666 ,
1631 632 1697 669 quia
1716 632 1745 661 in
1764 632 1821 661 Deo
1842 633 1916 662 idem

1075 680 1117 705 est
1137 678 1256 706 essentia
1277 678 1352 714 quod
1373 678 1481 712 virtus,
1503 680 1530 706 et
1550 681 1670 715 utraque
1691 682 1732 708 est
1752 679 1867 707 infinita.

1154 723 1218 752 Ideo
1250 724 1418 759 dicendum,
1449 725 1523 762 quod
1554 724 1661 762 duplex
1692 727 1734 754 est
1759 725 1915 754 infinitum:
1930 738 2001 765 snunq
2017 744 2049 757 au.

1077 778 1166 798 unum
1178 793 1185 805 ‚
1206 770 1281 807 quod
1303 778 1332 799 se
1354 771 1438 799 hahet
1457 779 1508 808 per
1522 772 1723 809 oppositionem
1737 772 1773 801 ad
1788 772 1917 809 simplex;
1954 764 2017 780 απ·

1076 818 1103 844 et
1125 816 1179 845 tale
1199 825 1255 845 non
1283 817 1392 853 capitur
1422 825 1438 845 a
1469 817 1561 853 finito,
1593 818 1675 855 quale
1706 821 1748 847 est
1777 818 1916 847 infinitum

1077 862 1157 891 molis
1170 874 1176 897 ;
1196 863 1274 892 aliud
1295 866 1354 898 est,
1369 864 1444 900 quod
1459 864 1543 892 habet
1557 864 1721 893 infinitatem
1735 873 1799 894 cum
1815 865 1917 902 simpli-

1075 909 1156 938 citate
1168 932 1175 944 ,
1197 912 1229 938 ut
1244 909 1338 944 Deus;
1359 913 1387 939 et
1407 910 1462 939 tale
1480 910 1634 946 infinitum,
1650 912 1716 948 quia
1729 912 1861 949 simplex,
1876 914 1918 940 est

1074 955 1178 993 ubique
1200 958 1306 991 totum,
1327 956 1393 993 quia
1407 956 1555 994 infinitum
1565 980 1574 991 ,
1589 958 1617 986 in
1631 958 1709 987 nullo
1724 958 1762 987 sic
1783 962 1833 993 est,
1848 959 1915 996 quin

1073 1005 1154 1031 extra
1175 1002 1245 1031 illud
1267 1003 1309 1032 sit.
1332 1003 1375 1032 Sic
1395 1004 1607 1041 intelligendum
1634 1008 1676 1034 est
1703 1005 1731 1033 in
1761 1006 1915 1042 cognitione

1074 1048 1131 1077 Dei.
1154 1050 1185 1078 Et
1205 1049 1268 1078 ideo
1288 1058 1343 1078 non
1363 1051 1505 1087 sequitur,
1527 1051 1626 1088 quodsi
1641 1052 1816 1088 cognoscitur
1830 1054 1915 1086 totus,

1077 1095 1152 1131 quod
1173 1096 1441 1133 comprehendatur,
1456 1097 1522 1134 quia
1542 1097 1699 1127 intellectus
1719 1098 1780 1127 eius
1801 1099 1917 1127 totalita-

1073 1144 1128 1169 tem
1150 1150 1203 1170 non
1220 1142 1354 1177 includit,
1370 1143 1441 1171 sicut
1455 1151 1506 1172 nec
1520 1147 1648 1173 creatura
1659 1144 1678 1159 ¹⁰
1691 1144 1914 1174 immensitatem.

1149 1188 1176 1216 lt.
1191 1188 1231 1217 Ad
1247 1188 1317 1217 illud
1334 1189 1410 1226 quod
1425 1189 1568 1218 obiicitur:
1588 1190 1715 1220 Iudicans
1733 1191 1817 1220 hahet
1834 1200 1915 1228 posse

1074 1236 1135 1268 etc.;
1147 1234 1305 1269 dicendum,
1317 1235 1392 1272 quod
1406 1236 1531 1265 iudicare
1545 1236 1580 1265 de
1594 1237 1687 1274 aliquo
1701 1241 1743 1267 est
1757 1238 1913 1276 dupliciter:

1070 1281 1162 1317 primo
1172 1281 1192 1293 ¹¹
1209 1281 1292 1310 modo
1307 1281 1512 1316 discernendo,
1533 1286 1630 1312 utrum
1646 1284 1680 1313 sit
1694 1285 1739 1313 vel
1753 1294 1808 1314 non
1822 1286 1871 1321 sit;
1886 1290 1914 1315 et

1070 1327 1123 1355 hoc
1143 1327 1226 1355 modo
1247 1328 1374 1356 convenit
1394 1328 1530 1357 iudicium
1550 1330 1624 1358 omni
1646 1330 1798 1361 intellectui
1817 1341 1913 1370 cogno-

1070 1373 1156 1401 scenti
1177 1377 1306 1410 respectu
1320 1374 1410 1404 omnis
1423 1375 1522 1404 obiecti
1535 1387 1542 1410 ;
1557 1376 1611 1405 alio
1624 1377 1708 1406 modo
1722 1378 1912 1415 approbando

1070 1419 1114 1447 vel
1136 1420 1327 1456 reprobando,
1347 1424 1444 1450 utrum
1465 1422 1504 1450 ita
1525 1422 1624 1451 debeat
1644 1431 1723 1459 esse;
1745 1428 1772 1453 et
1799 1426 1838 1454 sic
1858 1434 1912 1455 non

1070 1465 1175 1494 iudicat
1194 1466 1229 1495 de
1250 1467 1382 1502 veritate,
1408 1468 1456 1497 sed
1487 1470 1642 1498 secundum
1663 1470 1752 1507 ipsam
1773 1472 1808 1500 de
1835 1472 1912 1508 aliis,

1070 1512 1142 1540 sicut
1171 1512 1238 1541 dicit
1257 1513 1428 1550 Augustinus
1459 1515 1493 1544 de
1524 1516 1595 1544 Vera
1617 1517 1806 1554 Religione¹2‚
1836 1519 1912 1555 quod

1077 1558 1185 1587 «iudex
1200 1567 1255 1587 non
1268 1559 1372 1589 iudicat
1386 1560 1420 1589 de
1435 1561 1510 1598 lege,
1532 1562 1580 1591 sed
1602 1563 1756 1593 secundum
1770 1564 1860 1602 ipsam
1874 1566 1914 1594 iu-

1070 1604 1144 1633 dicat
1164 1605 1198 1634 de
1219 1605 1321 1635 aliis».
1344 1607 1375 1635 Et
1395 1607 1430 1636 de
1451 1608 1503 1637 hoc
1534 1609 1617 1638 modo
1648 1618 1747 1639 verum
1775 1614 1817 1640 est
1836 1612 1911 1649 quod

1069 1650 1135 1679 dicit
1155 1651 1324 1689 Augustinus
1335 1675 1342 1688 ,
1364 1654 1437 1690 quod
1460 1666 1471 1678 «
1486 1655 1580 1684 nullus
1595 1656 1630 1685 de
1644 1656 1692 1685 illa
1705 1657 1821 1686 veritate
1842 1658 1912 1687 iudi-

1069 1700 1126 1732 cat,
1148 1698 1243 1727 nullus
1264 1701 1356 1728 tamen
1377 1701 1436 1729 sine
1457 1701 1505 1729 illa
1525 1702 1630 1731 iudicat
1643 1715 1669 1731 ».
1692 1704 1723 1732 Et
1743 1704 1778 1733 de
1800 1705 1851 1734 hoc
1872 1713 1912 1734 se-

1068 1744 1160 1772 cundo
1171 1744 1191 1759 ¹³
1213 1745 1296 1774 modo
1320 1753 1419 1775 verum
1440 1751 1482 1776 est
1502 1748 1577 1785 quod
1597 1750 1726 1786 opponit,
1746 1751 1821 1787 quod
1842 1751 1911 1780 iudi-

1068 1798 1133 1819 cans
1153 1794 1244 1828 potest
1264 1800 1350 1829 super
1370 1793 1543 1829 iudicatum;
1565 1795 1599 1824 de
1613 1796 1705 1832 primo
1719 1804 1786 1825 vero
1799 1805 1854 1826 non
1869 1801 1910 1827 est

1067 1844 1182 1872 verum,
1202 1838 1277 1874 quod
1298 1839 1384 1875 possit
1405 1847 1490 1877 super
1501 1851 1508 1875 3
1529 1844 1620 1878 potest
1633 1845 1725 1871 tamen
1739 1843 1821 1881 dirigi
1836 1844 1909 1873 utin

1066 1883 1205 1912 obiectum
1225 1884 1394 1914 adminiculo
1415 1886 1499 1915 illius.

1145 1932 1171 1959 5.
1191 1931 1230 1959 Ad
1251 1931 1322 1959 illud
1352 1932 1427 1968 quod
1448 1933 1547 1962 ultimo
1575 1934 1705 1963 obiicitur
1725 1935 1760 1964 de
1781 1936 1909 1965 informa-

232 2024 240 2038 1
256 2025 305 2047 Hoc
322 2026 367 2052 est,
384 2024 533 2047 illuminando
549 2024 676 2052 perficiens.
693 2036 725 2041 --
741 2025 873 2047 Immediate
885 2028 937 2053 post
954 2025 1010 2054 Vat.,

170 2062 335 2085 reluctantibus
357 2068 411 2085 mss.
437 2065 459 2085 et
484 2068 522 2085 sex
548 2063 629 2090 primis
645 2062 705 2091 edd,
723 2064 804 2086 omittit
820 2064 856 2091 et,
876 2063 917 2086 sed
934 2065 1011 2087 minus

170 2099 244 2128 bene;
261 2102 283 2122 et
304 2101 373 2128 paulo
398 2104 450 2128 post
474 2100 590 2123 substituit
614 2100 817 2130 deiformationem
834 2108 876 2130 pro
894 2101 1010 2131 deiformi—

168 2139 246 2161 talem.

230 2177 241 2191 ²
258 2178 345 2205 Supple
361 2183 415 2200 cum
432 2178 499 2200 codd.
517 2178 534 2200 N
551 2179 571 2200 V
589 2184 649 2208 quae
665 2178 773 2208 probant.
790 2179 859 2201 Paulo
884 2180 941 2202 infra
958 2180 1009 2202 Vat.

169 2217 259 2244 praeter
268 2216 338 2238 fidem
347 2222 402 2238 mss.
414 2218 436 2239 et
447 2217 483 2239 ed.
502 2217 511 2238 ⁴l
532 2216 600 2240 aliud
616 2218 666 2240 loco
686 2217 789 2247 aliquid,
800 2218 841 2240 sed
858 2219 934 2240 minus
950 2220 1010 2246 apte.

229 2253 239 2268 ³
255 2254 279 2276 ln
296 2254 388 2277 duabus
404 2261 468 2284 seqq.
478 2262 516 2285 qq.
526 2259 548 2279 et
564 2256 587 2278 ll.
605 2256 665 2278 Sent.
683 2256 706 2279 d.
724 2257 761 2279 23.
778 2263 798 2279 a.
816 2258 837 2279 2.
854 2263 876 2286 q.
895 2257 916 2279 3.

229 2291 238 2307 ⁴
255 2294 359 2322 August„
372 2293 401 2316 de
415 2294 521 2317 Videndo
535 2294 589 2323 Deo,
607 2301 627 2317 c.
639 2295 661 2317 9.
673 2301 694 2317 n.
708 2295 744 2317 2⁴.
763 2296 806 2318 ait:
823 2295 890 2318 Aliud
902 2299 937 2319 est
948 2297 1009 2319 enim

166 2331 259 2359 videre,
277 2331 339 2354 aliud
355 2335 389 2354 est
400 2334 472 2354 totum
484 2332 584 2355 videndo
596 2333 799 2361 comprehendere.
817 2334 1009 2363 Quandoquidem

168 2369 191 2391 id
209 2369 315 2398 videtur,
332 2370 396 2398 quod
418 2377 527 2398 praesens
551 2374 678 2400 utcumque
699 2373 807 2394 sentitur:
835 2374 908 2395 totum
933 2376 1009 2395 autem

168 2408 371 2436 comprehenditur
387 2409 501 2438 videndo⁷
519 2410 581 2439 quod
598 2411 627 2432 ita
644 2410 748 2439 videtur⁷
766 2413 791 2433 ut
807 2412 860 2433 nihil
877 2412 926 2434 eius
943 2412 1010 2434 lateat

166 2447 300 2475 videntem,
318 2450 356 2470 aut
372 2448 437 2470 cuius
454 2448 511 2471 fines
528 2449 674 2477 circumspici
691 2453 794 2477 possunt.

229 2485 239 2500 ⁵
257 2486 358 2514 Ariston,
375 2486 406 2508 lll.
424 2486 453 2509 de
469 2487 562 2515 Anima,
579 2490 631 2510 text.
649 2483 732 2516 37.'(c.
750 2488 789 2516 8.).

229 2524 239 2538 ⁶
256 2525 287 2546 Ex
305 2530 359 2547 mss.
377 2528 399 2547 et
414 2525 450 2547 ed.
470 2526 478 2547 l
499 2526 659 2549 substituimus
675 2527 753 2550 currit
768 2533 810 2555 pro
827 2529 907 2551 certat.

229 2562 239 2576 ⁷
257 2562 349 2585 Praeter
366 2563 435 2585 fidem
452 2570 506 2586 mss.
523 2567 545 2587 et
561 2565 597 2587 ed.
611 2566 619 2587 4
641 2566 678 2588 hic
694 2566 757 2588 addit
774 2567 823 2588 Vat.
841 2566 936 2596 duplex:

230 2599 240 2614 8
257 2601 305 2622 Hoc
322 2603 369 2629 est,
388 2604 482 2629 propter
499 2603 652 2631 alligationem
669 2603 698 2626 ad
715 2610 828 2632 organum
852 2611 892 2627 seu
914 2607 1008 2633 propter

166 2639 349 2661 materialitatem
375 2642 409 2661 est
433 2640 463 2662 ad
482 2646 554 2663 unum
582 2641 724 2664 obiectorum
742 2648 816 2670 genus
832 2643 1006 2671 percipiendum

168 2677 268 2700 limitata.
286 2678 319 2700 De
336 2679 378 2700 hac
394 2684 476 2701 sensus
499 2682 522 2701 et
545 2680 670 2703 intellectus
687 2680 813 2704 differentia
830 2682 883 2704 vide
899 2682 989 2705 Aristot.
1001 2701 1006 2711 ,

168 2716 200 2738 111.
218 2716 247 2738 de
263 2716 356 2745 Anima,
374 2719 426 2739 text.
445 2717 491 2739 3-6.
510 2718 538 2746 (c.
559 2718 597 2746 4.).

230 2754 239 2769 ⁹
256 2754 307 2777 Vat.
325 2757 403 2777 contra
421 2755 489 2777 codd.
506 2758 529 2778 et
545 2756 580 2778 ed.
599 2757 607 2778 l
629 2756 807 2781 virtuositatem.

230 2792 250 2807 ¹⁰
267 2792 322 2816 Cod.
340 2793 358 2815 R
376 2794 412 2815 hie
429 2794 493 2816 addit
509 2794 565 2817 eius.

231 2831 249 2846 11
266 2832 307 2854 Ed.
326 2833 334 2854 l
357 2838 412 2855 uno.
438 2833 487 2855 Mox
512 2832 563 2855 cod.
589 2833 606 2855 Ο
623 2836 675 2862 post
697 2841 745 2858 non
761 2835 791 2858 sit
816 2836 879 2859 addit
899 2837 921 2859 et
944 2836 1007 2866 quod

166 2869 211 2893 hoc
227 2870 263 2893 sit.

1129 2024 1148 2039 12
1165 2024 1219 2053 Cap.
1238 2024 1274 2047 31.
1301 2030 1322 2047 n.
1346 2024 1390 2047 58:
1415 2026 1477 2048 Sicut
1498 2027 1520 2048 in
1544 2027 1593 2049 istis
1617 2028 1781 2056 temporalibus
1802 2029 1907 2059 legibus,

1067 2069 1209 2092 quamquam
1226 2063 1255 2086 de
1272 2064 1307 2086 his
1323 2065 1428 2087 homines
1445 2065 1557 2094 iudicent,
1570 2072 1623 2089 cum
1635 2073 1674 2090 eas
1685 2068 1815 2097 instituunt,
1832 2071 1907 2092 tamen

1066 2108 1120 2124 cum
1137 2102 1221 2124 suerint
1237 2103 1351 2125 institutae
1368 2105 1437 2132 atque
1448 2103 1563 2133 firmatae,
1576 2111 1621 2127 non
1634 2105 1710 2128 licebit
1726 2107 1795 2130 iudici
1812 2108 1841 2130 de
1852 2105 1908 2137 ipsis

1065 2140 1179 2169 iudicare,
1197 2140 1238 2163 sed
1255 2141 1383 2164 secundum
1400 2143 1468 2170 ipsas.
1486 2155 1517 2159 —
1532 2143 1593 2166 Loco
1604 2145 1671 2166 citato
1682 2145 1829 2168 inveniuntur
1840 2147 1907 2169 etiam

1068 2179 1152 2207 verba,
1169 2185 1229 2208 quae
1245 2180 1378 2203 immediate
1395 2184 1448 2209 post
1464 2182 1486 2204 S.
1503 2181 1588 2205 Doctor
1605 2189 1632 2205 ex
1648 2183 1776 2211 Augustino
1793 2185 1868 2207 affert:
1881 2185 1909 2208 Ut

1068 2217 1129 2239 enim
1146 2223 1188 2240 nos
1205 2220 1227 2240 et
1246 2224 1328 2241 omnes
1344 2220 1434 2241 animae
1459 2220 1580 2243 rationales
1597 2221 1726 2244 secundum
1743 2223 1862 2245 veritatem
1879 2223 1908 2246 de

1066 2256 1212 2279 inferioribus
1229 2260 1289 2280 recte
1306 2258 1448 2287 iudicamus,
1466 2260 1498 2281 sic
1515 2259 1544 2281 de
1561 2259 1640 2288 nobis,
1658 2260 1751 2289 quando
1762 2262 1783 2284 ei
1799 2262 1907 2285 cohaere-

1066 2300 1133 2323 mus,
1151 2295 1199 2317 sola
1216 2296 1266 2323 ipsa
1283 2295 1368 2319 veritas
1384 2296 1492 2320 iudicat...
1515 2299 1545 2320 ita
1568 2299 1636 2321 etiam
1653 2301 1765 2328 quantum
1781 2302 1855 2328 potest
1872 2301 1906 2323 lex

1065 2333 1122 2361 ipsa,
1132 2334 1200 2356 etiam
1217 2335 1267 2362 ipse
1285 2335 1363 2363 (homo
1380 2337 1504 2364 spiritualis
1516 2340 1538 2360 et
1554 2337 1601 2360 Deo
1614 2338 1757 2367 coniunctus)
1774 2339 1811 2367 fit,
1829 2346 1907 2362 secun-

1066 2371 1123 2393 dum
1139 2378 1209 2401 quam
1226 2373 1311 2396 iudicat
1327 2375 1419 2403 omnia,
1437 2377 1459 2397 et
1475 2375 1504 2397 de
1521 2382 1566 2404 qua
1577 2376 1679 2399 iudicare
1690 2377 1765 2399 nullus
1782 2380 1863 2405 potest.
1874 2390 1906 2395 -—

1065 2410 1143 2433 Plures
1155 2411 1222 2434 codd.
1235 2415 1259 2435 ut
1270 2412 1289 2434 H
1299 2413 1328 2435 W
1337 2413 1364 2441 Y,
1376 2415 1460 2436 omissa
1472 2415 1582 2442 particula
1594 2414 1629 2443 de,
1643 2416 1722 2443 legunt
1732 2415 1762 2438 Et
1774 2415 1817 2439 hoc
1827 2416 1904 2439 modo.

1128 2449 1147 2463 ¹³
1163 2450 1284 2473 Posuimus
1301 2452 1323 2473 in
1340 2453 1401 2474 textu
1419 2451 1462 2475 hoc
1477 2452 1580 2476 secundo
1596 2453 1665 2476 modo
1683 2456 1705 2476 et
1715 2455 1784 2482 paulo
1810 2458 1862 2482 post
1877 2454 1904 2478 de

1060 2487 1140 2517 primo
1152 2488 1221 2511 modo
1232 2495 1280 2512 non
1292 2490 1326 2512 est
1341 2496 1437 2519 ver-um,
1449 2491 1500 2513 licet
1516 2492 1552 2513 alii
1569 2491 1636 2515 codd.
1654 2494 1679 2515 ut
1694 2493 1767 2515 DGH
1776 2493 1796 2515 Y
1807 2496 1849 2517 etc.
1861 2500 1904 2522 pro

1064 2525 1108 2550 hoc
1123 2527 1226 2550 secundo
1242 2528 1311 2551 modo
1330 2529 1428 2552 habeant
1444 2530 1472 2553 de
1488 2530 1531 2554 hoc
1544 2530 1624 2560 primo
1640 2531 1723 2560 modo,
1750 2533 1786 2554 alii
1810 2535 1836 2555 ut
1859 2533 1902 2555 FT

1063 2564 1095 2587 hh
1113 2565 1140 2589 do
1155 2566 1233 2595 primo
1250 2567 1333 2596 modo,
1352 2569 1388 2590 alii
1406 2571 1431 2591 ut
1447 2570 1465 2591 A
1485 2575 1539 2592 cum
1556 2569 1606 2592 Vat.
1618 2569 1646 2593 de
1657 2570 1701 2594 hoc
1711 2571 1780 2595 modo
1796 2574 1819 2594 et
1834 2572 1903 2600 paulo

1063 2607 1115 2632 post
1132 2611 1212 2627 omnes
1229 2606 1296 2628 codd.
1314 2607 1390 2635 legant
1406 2607 1434 2630 de
1449 2607 1551 2632 secundo
1567 2614 1622 2631 vero
1638 2615 1687 2632 ‘non
1702 2611 1736 2633 esc
1757 2616 1847 2634 verum.
1872 2611 1903 2633 Ex

1063 2646 1168 2666 contextu
1185 2645 1300 2673 siquidem
1317 2649 1419 2675 constat,
1446 2647 1553 2670 lectiones
1577 2648 1685 2671 codicum
1706 2655 1756 2671 esse
1778 2655 1903 2679 erroneas;

1063 2683 1126 2712 quod
1157 2684 1305 2706 confirmatur
1327 2686 1395 2707 etiam
1415 2692 1442 2708 ex
1464 2686 1591 2714 Augustino
1613 2687 1654 2709 loc.
1678 2688 1713 2710 cit.
1736 2688 1796 2710 circa
1818 2688 1901 2717 finem,

1064 2722 1103 2744 uhi
1121 2722 1202 2744 iisdem
1228 2723 1274 2745 fere
1296 2723 1374 2746 verbis
1396 2724 1476 2747 eadem
1505 2727 1614 2754 proponit
1638 2732 1665 2748 ac
1689 2726 1712 2748 S.
1736 2726 1901 2749 Bonaventura.

1063 2761 1190 2788 Scriptores
1206 2762 1228 2783 in
1245 2768 1348 2784 errorem
1365 2763 1472 2786 videntur
1488 2770 1538 2786 esse
1554 2764 1640 2787 inducti
1663 2771 1691 2787 ex
1713 2772 1753 2794 eo,
1779 2765 1842 2795 quod
1866 2766 1901 2789 isti

1063 2798 1109 2821 duo
1127 2800 1216 2822 numeri
1233 2801 1334 2828 ponendi
1350 2802 1394 2824 sint
1411 2802 1491 2824 ordine
1508 2803 1607 2825 inverso.
1623 2815 1655 2820 -
1666 2802 1738 2826 Codd.
1755 2810 1782 2826 aa
1799 2804 1831 2827 bb
1848 2806 1901 2828 satis

1062 2836 1121 2859 bene
1135 2843 1203 2866 posse
1227 2838 1296 2862 habet
1315 2839 1365 2862 loco
1385 2841 1468 2869 potest.
1486 2840 1550 2863 Circa
1567 2841 1637 2864 finem
1654 2842 1722 2865 huius
1746 2844 1901 2871 responsionis

1062 2878 1115 2902 post
1131 2875 1202 2906 dirigi
1213 2879 1373 2906 supplevimus
1389 2886 1415 2901 ex
1432 2885 1487 2902 mss.
1504 2883 1526 2903 et
1542 2887 1581 2903 sex
1597 2881 1678 2909 primis
1694 2881 1747 2904 edd.
1763 2884 1796 2905 ut.
