2253 3317
218 503 324 522 Conclusio-
335 498 411 526 salva
443 499 578 527 essentiae
610 499 732 534 unitate,
764 500 898 537 recipitur
925 504 981 529 tam
1002 509 1018 529 a
1039 502 1180 538 magistris

226 584 309 607 Quattuor

194 608 270 635 regulae
285 608 311 626 lo-

193 636 253 655 grecie.

299 948 301 950 .
334 927 430 956 cygno.

207 1621 279 1639 Solutio
289 1626 321 1644 op—

193 1645 304 1668 positorum.

338 141 374 169 98

638 227 873 248 GONCLUSIO.

395 312 476 340 Recte
496 312 622 340 (licitur.-
644 312 737 340 Dettm.
756 312 891 349 gyeiruisse
912 314 1022 348 Deum,
1044 315 1122 352 quod

538 363 667 396 quatuor
688 359 799 397 reptilis
816 359 971 397 probatur.

412 452 588 480 Resposvnm:
611 452 781 487 Dicendum,
803 453 878 490 quod
900 453 1043 490 praedicta
1064 454 1179 489 10011110,

335 552 418 581 quam
441 553 457 572 a
471 545 585 573 Sanctis.
608 546 647 574 Ad
668 546 749 574 cuius
770 546 981 584 intelligentiam
996 551 1117 584 quatuor
1140 556 1181 577 10-

335 591 416 628 gulae
438 595 502 620 sunt
523 593 669 621 notandae.

413 639 520 668 Prima
542 643 596 674 est,
618 640 693 677 quod
708 648 809 669 nomen
824 641 1008 670 abstractum
1026 642 1180 680 imponitur

333 686 439 715 formae
461 689 488 715 et
509 694 526 714 a
546 686 654 718 forma,
676 690 707 715 ut
728 687 828 716 albedo
849 688 1002 725 imponitur
1025 689 1076 726 ipsi
1108 689 1181 718 albe-

335 733 410 761 dini¹
433 735 460 762 et
481 741 496 761 a
512 733 600 761 forma
621 733 774 767 albedinis;
795 742 897 763 nomen
918 742 985 763 vero
1013 739 1179 764 concretum

334 779 488 816 imponitur
508 787 524 808 a
545 779 650 814 forma,
672 780 720 809 sed
735 788 791 808 non
806 781 927 816 formae,
949 782 998 810 sed
1019 783 1178 819 supposito:

334 828 366 854 ut
386 826 483 854 album
505 826 657 863 imponitur
678 835 695 855 a
715 827 806 855 forma
820 827 972 863 albedinis,
995 829 1044 857 sed
1059 837 1113 856 non
1127 829 1180 857 sor-

334 880 411 907 mae,
433 873 482 901 sed
504 873 663 910 supposito,
685 876 716 902 ut
737 873 820 902 alicui
842 874 882 903 rei
903 874 997 909 albae,
1013 875 1119 903 1101111111
1134 875 1179 904 vel

412 965 546 994 Secunda
562 966 659 1003 regula
673 969 729 1001 est,
745 967 821 1004 quod
836 968 974 996 terminus
988 968 1095 997 habens
1110 967 1180 996 mul-

333 1012 481 1041 titudinem
503 1013 725 1050 suppositorum,
747 1013 806 1042 sine
821 1014 1017 1043 distributione
1032 1017 1178 1052 acceptus,

333 1062 387 1088 stat
407 1067 459 1096 pro
480 1059 543 1095 illo,
564 1068 616 1097 pro
637 1069 693 1098 quo
714 1061 807 1090 reddit
822 1061 990 1090 locutionem
1011 1069 1126 1096 veram,
1147 1064 1179 1090 ut

334 1114 398 1135 cum
420 1107 537 1136 dicitur:
560 1107 644 1135 homo
665 1107 768 1142 currit,
791 1115 857 1136 vera
877 1110 920 1136 est
934 1108 1037 1137 locutio
1051 1116 1103 1145 pro
1118 1116 1180 1137 cur-

334 1157 427 1188 rente,
448 1154 471 1183 si
493 1154 594 1191 aliquis
614 1154 649 1183 sit
670 1162 797 1183 currens.

418 1201 516 1229 Tertia
537 1201 635 1238 regula
664 1204 720 1235 est,
742 1201 817 1238 quod
838 1202 958 1231 termino
982 1202 1096 1231 habenti
1126 1202 1180 1231 for-

333 1257 408 1277 mam
429 1257 484 1277 non
505 1248 747 1285 multiplicabilem
775 1257 831 1277 non
855 1249 949 1278 differt
962 1257 1137 1287 praeponere
1152 1252 1179 1279 et

331 1297 499 1332 postponere
529 1295 714 1332 negationem.
746 1295 823 1324 Unde
854 1303 909 1324 non
944 1296 1038 1325 differt
1065 1296 1177 1325 dicere:

331 1342 430 1370 Petrus
451 1350 506 1370 non
527 1341 631 1376 currit,
653 1344 700 1376 et,
721 1350 776 1370 non
797 1342 896 1371 Petrus
917 1342 1014 1371 currit.

412 1389 528 1424 Quarta
549 1389 648 1426 regula
669 1393 711 1418 est
731 1390 799 1424 ista,
821 1389 896 1426 quod
917 1389 1068 1418 relativum
1093 1390 1180 1418 refert

331 1436 498 1464 antecedens
519 1436 573 1464 sul)
602 1436 701 1465 eodem
730 1436 814 1464 modo
835 1436 1026 1473 Supponendi,
1048 1436 1101 1465 51111
1123 1444 1179 1473 quo

330 1482 497 1511 antecedens
524 1483 676 1520 praecessit
706 1482 799 1520 ipsum
830 1482 997 1518 relativum,
1018 1483 1071 1512 nisi
1097 1483 1180 1512 faciat

330 1528 494 1557 relationem
515 1529 671 1566 simplicem
684 1529 703 1557 ².
1071 1532 1073 1534 '

414 1577 437 1604 1.
461 1576 501 1604 Ex
523 1576 615 1613 prima
629 1576 727 1613 regula
741 1579 817 1614 patet
831 1576 976 1613 responsio
987 1577 1022 1605 ad
1043 1576 1178 1614 primum.

334 1622 402 1651 Cum
425 1623 500 1651 enim
521 1622 573 1651 iste
594 1623 733 1651 terminus
755 1623 833 1651 Deus
858 1623 893 1652 sit
919 1627 1079 1658 concretus,
1109 1624 1180 1653 etsi³

332 1669 493 1706 imponatur
514 1677 530 1697 a
552 1670 641 1698 forma
662 1669 818 1703 essentiali,
834 1669 938 1698 scilicet
959 1670 1070 1704 deitate,
1085 1673 1178 1699 tamen

332 1716 486 1753 imponitur
507 1724 642 1753 personae
658 1717 716 1745 sive
739 1717 898 1754 supposito,
921 1717 993 1745 sieut
1013 1717 1109 1746 album
1131 1717 1180 1745 im-

330 1763 444 1800 ponitur
475 1764 510 1792 ab
541 1763 670 1792 albedine
701 1764 741 1793 rei
776 1764 873 1798 albae;
895 1767 922 1793 et
953 1764 1015 1793 ideo
1047 1764 1180 1801 supponit

331 1812 359 1838 et
379 1810 473 1840 reddit
494 1810 661 1839 locutionem
688 1818 784 1838 veram
814 1818 865 1847 pro
886 1818 1020 1847 persona,
1042 1819 1096 1839 non
1127 1819 1179 1848 pro

332 1857 429 1885 forma.
459 1857 513 1886 Hoc
534 1860 628 1885 autem
650 1864 751 1885 nomen
783 1857 906 1885 essentia
935 1857 980 1885 vel
1012 1857 1105 1885 deitas
1137 1860 1179 1886 est

331 1903 519 1938 abstractum,
551 1906 578 1932 et
599 1903 661 1932 ideo
683 1903 837 1940 imponitur
858 1903 964 1932 formae
985 1906 1012 1932 et
1032 1911 1048 1932 a
1069 1903 1178 1939 forma,

1022 142 1273 173 SENTENTIARUM
1295 144 1354 173 LlB.
1376 145 1394 173 I.

1237 222 1309 250 sicut
1329 222 1444 258 albedo,
1466 227 1493 252 et
1513 223 1575 252 ideo
1597 225 1745 253 essentiam
1767 226 1903 262 signifieat
1931 230 1957 256 et
1982 235 2082 265 suppo-

1238 268 1285 297 nit.
1308 269 1338 298 Et
1359 269 1421 298 ideo
1443 270 1511 299 haec
1533 274 1574 299 est
1595 271 1678 299 salsa:
1711 273 1831 301 essentia
1857 276 1971 310 generat
1992 282 2082 303 essen-

1238 315 1318 350 tiam,
1333 317 1400 353 quia
1416 317 1557 353 generatio
1572 326 1626 346 non
1648 321 1689 347 est
1703 319 1824 353 formae,
1839 320 1888 348 sed
1910 321 2045 357 suppositi
2058 320 2082 356 ⁴3

1237 362 1286 391 sed
1308 363 1376 391 haec
1398 366 1439 391 est
1460 371 1542 392 vera:
1563 363 1638 393 Deus
1653 365 1748 401 genuit
1762 365 1867 400 Deum,
1888 374 1939 403 pro
1954 374 2082 403 persona.

1316 410 1341 437 2.
1358 410 1398 437 Ex
1417 410 1540 438 secunda
1560 411 1657 447 regula
1678 414 1754 448 patet
1774 413 1918 449 responsio
1932 413 1967 441 ad
1987 421 2084 442 secun-

1237 454 1314 483 dum.
1337 455 1471 491 Quamvis
1499 456 1573 484 enim
1602 457 1766 493 significatio
1788 458 1898 486 termini
1920 467 1975 487 non
1997 462 2084 488 arcte-

1238 503 1299 536 tur,
1322 504 1414 531 tamen
1435 511 1487 539 pro
1510 503 1556 532 illo
1578 506 1646 538 stat,
1668 512 1720 541 pro
1741 513 1797 541 quo
1818 507 1860 533 est
1881 505 1984 534 locutio
1999 514 2082 541 vera,

1237 550 1268 576 ut
1289 546 1372 576 1101110
1394 549 1501 583 ezerr-it,
1522 558 1574 587 pro
1594 550 1675 579 Petro
1696 550 1740 579 vel
1763 551 1877 584 loanne,
1900 552 1922 581 si
1943 560 1995 589 pro
2016 552 2082 587 illo,

1237 596 1278 621 est
1300 593 1402 623 locutio
1424 603 1509 630 1101ος
1530 603 1581 624 1100
1603 599 1697 625 tamen
1718 597 1753 625 ad
1785 597 1866 625 illum
1894 598 2082 635 restringitur.

1238 640 1268 668 Et
1283 641 1336 670 1100
1350 644 1441 678 patet,
1457 642 1523 679 quia
1537 642 1560 671 si
1581 642 1703 671 addatur
1723 643 1898 678 11151111111110,
1914 644 2083 673 0011111111]οῑ5

1236 686 1316 715 illum
1337 688 1490 716 terminum
1511 697 1563 726 pro
1576 689 1719 724 omnibus3
1735 690 1784 718 sed
1800 690 1822 719 si
1837 693 1910 719 esset
1925 691 2082 725 restrictus,

1236 742 1291 762 non
1312 734 1495 764 confunderet
1509 736 1562 764 nisi
1577 744 1628 773 pro
1650 736 1719 770 illis,
1734 737 1770 765 ad
1785 745 1855 774 quos
1871 745 1901 766 se
1916 737 2082 766 extenderet

1236 780 1383 809 restrictio.
1410 781 1487 810 Unde
1513 782 1591 811 aliud
1615 785 1657 810 est
1686 783 1844 811 terminum
1876 783 2019 821 restringi
2043 783 2084 812 ad

1236 835 1340 861 unum,
1355 827 1433 856 aliud
1448 831 1490 857 est
1504 828 1625 857 reddere
1640 828 1811 857 locutionem
1825 838 1928 857 ‘ueram
1943 838 2000 867 pro
2014 838 2083 858 11110.

1316 874 1341 903 3.
1363 875 1404 903 Ex
1425 875 1506 903 tertia
1527 876 1626 912 regula
1653 878 1729 913 patet
1756 876 1879 905 soluti0⁰
1901 876 1937 905 ad
1959 877 2082 906 tertium.

1236 922 1310 951 Licet
1330 922 1403 951 enim
1427 922 1495 951 haec
1516 923 1552 951 sit
1582 931 1650 952 vera
1680 932 1732 960 pro
1753 923 1847 952 Patre:
1869 923 1945 952 Deus
1969 927 2083 961 generat

1235 970 1341 1004 Deum,
1363 972 1456 998 tamen
1478 970 1564 999 haec:
1587 970 1662 999 Deus
1684 979 1738 999 non
1760 973 1875 1007 generat
1896 971 2005 1006 Deum,
2026 979 2082 999 non

1236 1019 1278 1045 est
1299 1024 1366 1045 vera
1387 1024 1439 1053 pro
1460 1016 1534 1045 Filio.
1557 1017 1626 1045 Cum
1648 1017 1721 1046 enim
1754 1017 1805 1046 iste
1836 1017 1974 1046 terminus
2003 1018 2083 1046 Deus

1236 1063 1310 1092 dicat
1331 1063 1450 1092 formam
1465 1063 1755 1102 immultiplicabilem‚
1771 1073 1824 1093 non
1845 1065 1939 1093 differt
1960 1065 1985 1093 ei
2006 1073 2084 1102 prae-

1236 1117 1340 1146 ponere
1362 1109 1537 1146 negationem
1559 1113 1586 1139 et
1606 1113 1788 1148 postponere3
1820 1114 1847 1140 et
1868 1111 1931 1140 ideo
1953 1119 2018 1139 cum
2038 1119 2084 1140 ne-

1236 1157 1309 1193 gatio
1330 1157 1489 1194 praeposita
1502 1157 1510 1170 ⁷
1533 1157 1646 1186 omnino
1667 1166 1683 1185 a
1705 1158 1829 1187 subiecto
1843 1160 1986 1187 removeat
2006 1166 2084 1195 prae-

1236 1202 1375 1238 dicatum,
1397 1203 1437 1232 sic
1458 1206 1486 1232 et
1506 1204 1616 1241 negatio
1637 1204 1790 1241 postposita
1816 1207 1941 1233 removet
1961 1204 2083 1233 totaliter

1235 1249 1429 1286 praedicatum
1459 1250 1495 1278 ab
1527 1250 1579 1279 1100
1607 1250 1727 1279 1011111110
1758 1250 1852 1284 Deus,
1875 1257 1940 1279 011111
1960 1249 2082 1278 111011111;

1235 1296 1310 1325 Βο115
1331 1305 1385 1325 11011
1407 1300 1537 1333 generat,
1559 1297 1625 1334 quia
1656 1300 1781 1325 removet
1802 1305 1818 1325 a
1839 1296 1963 1334 quolibet
1984 1304 2085 1333 suppo-

1236 1342 1296 1371 sito.
1319 1343 1350 1371 Et
1372 1343 1434 1371 ideo
1455 1343 1542 1371 alium
1564 1343 1680 1372 modum
1702 1343 1786 1371 habet
1801 1342 1977 1380 supponendi
1998 1343 2026 1371 in
2047 1341 2084 1370 af-

1236 1388 1376 1418 firmativa
1397 1397 1482 1426 quam
1504 1390 1533 1418 in
1554 1389 1697 1427 negativa,
1718 1389 1784 1427 quia
1799 1389 1826 1418 in
1841 1389 2010 1418 affirmativa
2023 1391 2084 1417 erat

1235 1436 1337 1465 locutio
1359 1444 1426 1465 vera
1447 1445 1498 1474 pro
1519 1437 1598 1465 Patre
1605 1448 1613 1471 3
1628 1436 1656 1465 in
1679 1437 1806 1474 negativa
1827 1444 1894 1465 vero
1915 1444 1971 1465 non
1992 1438 2084 1473 potest

1235 1490 1296 1511 esse
1316 1482 1435 1517 veritas,
1457 1483 1523 1520 quia
1543 1484 1653 1521 negatio
1678 1486 1803 1512 removet
1834 1483 1955 1512 totaliter
1975 1481 2084 1520 praedi-

1235 1532 1330 1558 catum
1351 1529 1431 1558 illud.

1315 1577 1342 1605 lt.
1365 1577 1405 1605 Ex
1426 1580 1527 1614 quarta
1548 1578 1647 1615 regula
1668 1580 1744 1615 patet
1759 1580 1902 1615 quartum.
1917 1577 1986 1606 Cum
2008 1577 2083 1606 enim

1236 1624 1386 1653 relativum
1407 1625 1520 1653 omnino
1534 1625 1636 1653 habeat
1651 1625 1871 1662 suppositionem
1886 1624 2083 1659 antecedentis,

1236 1674 1263 1700 et
1282 1671 1333 1700 iste
1354 1671 1493 1701 terminus
1513 1672 1611 1700 Deusss
1632 1672 1659 1701 in
1681 1672 1842 1709 praedicato
1871 1674 2011 1709 supponat
2031 1679 2083 1709 pro

1235 1717 1292 1746 Deo
1313 1717 1420 1754 genito,
1442 1717 1593 1746 relativum
1614 1718 1700 1747 refert
1720 1726 1772 1755 pro
1793 1717 1849 1746 illo.
1872 1718 1903 1746 Et
1925 1717 1962 1746 ita
1983 1725 2083 1746 sensus

1237 1767 1293 1793 est:
1316 1764 1392 1794 Deus
1413 1765 1509 1802 genuit
1530 1765 1636 1799 Deum,
1651 1765 1698 1802 qui
1714 1765 1789 1794 Deus
1804 1765 1914 1803 genitus
1928 1767 1970 1794 est
1990 1765 2082 1799 Pater,

1235 1810 1280 1839 vel
1301 1819 1355 1839 non
1377 1814 1418 1840 est
1448 1811 1546 1846 Pater;
1568 1814 1594 1840 et
1616 1811 1683 1840 haec
1706 1814 1748 1840 est
1768 1819 1835 1840 vera
1856 1820 1908 1849 pro
1935 1810 2082 1848 negativa,

1234 1866 1286 1887 nec
1317 1858 1381 1887 licet
1412 1858 1529 1887 inferre:
1562 1866 1628 1895 ergo
1659 1859 1733 1887 Deus
1754 1867 1809 1887 non
1837 1861 1879 1887 est
1900 1858 1995 1893 Pater3
2017 1858 2083 1895 quia

1234 1906 1362 1933 mutatur
1383 1905 1558 1942 suppositio,
1579 1905 1665 1934 immo
1686 1908 1729 1934 est
1750 1905 1787 1934 ibi
1809 1905 1901 1942 figura
1925 1904 2053 1934 dictionis
2063 1904 2081 1932 ⁹.

1076 1994 1339 2031 SOHOLION.

395 2085 409 2106 1.
428 2084 449 2106 ln
470 2084 566 2111 gratiani
586 2083 713 2111 lectorum,
727 2084 766 2112 qui
784 2084 806 2105 in
827 2085 919 2113 antiqua
937 2085 1010 2111 logica
1027 2085 1104 2107 minus
1126 2087 1179 2107 sunt

333 2123 458 2150 exercitati,
470 2123 534 2144 iuvat
546 2123 581 2144 hic
594 2128 679 2149 ponere
691 2122 865 2150 explicationem
877 2123 1007 2152 aliquorum
1020 2124 1178 2151 terminorum,

334 2168 393 2190 quae
410 2162 432 2183 in
450 2162 492 2183 hac
509 2162 643 2190 quaestione
659 2164 681 2183 et
698 2161 751 2183 alibi
769 2162 791 2183 in
810 2162 852 2184 hoc
872 2168 943 2190 opeze
960 2168 1029 2190 saepe
1047 2165 1178 2185 occurrunt.

334 2201 427 2223 Suu-itae
450 2204 503 2223 sunt
519 2201 561 2223 hae
582 2204 604 2223 et
621 2200 677 2223 aliae
689 2201 773 2223 multae
791 2200 843 2223 althi
860 2202 883 2223 in
901 2202 960 2223 notis
977 2202 1064 2229 positae
1081 2202 1180 2230 explica-

333 2240 406 2262 tiones
422 2246 506 2267 magna
523 2246 550 2261 ex
568 2242 631 2267 parte
654 2246 680 2262 ex
702 2240 828 2262 Summulis
844 2240 902 2262 Petri
919 2240 1030 2269 Hispani,
1049 2247 1108 2269 quae
1126 2244 1180 2263 tem-

334 2284 390 2306 pore
408 2279 430 2300 S.
447 2279 621 2301 Bonaventurae
638 2280 660 2300 in
679 2278 786 2301 manibus
802 2279 941 2301 scholarium
966 2281 1037 2301 erant.
1055 2279 1179 2307 Postquam

334 2317 413 2339 Petrus
425 2318 496 2339 multa
508 2317 537 2339 de
549 2317 620 2340 rebus
632 2318 797 2346 philosophicis
808 2320 830 2340 et
842 2317 954 2340 medicina
967 2319 1059 2346 scrIpsit
1067 2336 1072 2346 ,
1085 2324 1105 2340 0.
1122 2317 1179 2340 1275

333 2356 419 2379 electus
436 2359 469 2379 est
486 2357 508 2378 111
527 2357 650 2379 Summum
666 2357 799 2380 Pontificem
822 2361 843 2380 et
860 2358 968 2380 assumsit
990 2363 1074 2379 nomen
1091 2357 1180 2379 loannis

1235 2084 1296 2106 XXl.
1314 2084 1416 2107 Mortuus
1433 2087 1466 2107 est
1483 2084 1515 2106 16.
1528 2083 1657 2106 1110111277.
1675 2084 1741 2105 Plura
1758 2083 1832 2105 videri
1850 2085 1948 2111 possunt
1964 2083 1986 2104 in
1998 2083 2082 2111 quovis

1235 2123 1294 2145 libro
1311 2123 1340 2145 de
1358 2123 1432 2151 logica
1444 2123 1578 2145 scholastica
1596 2125 1712 2145 tractante.

1300 2162 1320 2184 11,
1338 2162 1406 2184 Aliud
1423 2164 1458 2184 est
1474 2161 1631 2192 significatio,
1652 2161 1714 2183 aliud
1730 2160 1860 2191 suppositm
1877 2161 1973 2183 alicuius
1984 2161 2082 2183 termini.

1236 2200 1375 2228 Significatio
1387 2202 1421 2222 est
1432 2201 1611 2228 repraesentatio
1623 2200 1654 2222 rei
1668 2206 1709 2228 per
1721 2206 1803 2222 vocem
1815 2202 1837 2222 et
1850 2200 1958 2221 convenit
1973 2199 2082 2222 omnibus

1235 2239 1355 2261 vocabulis
1371 2242 1417 2262 tam
1435 2239 1584 2262 substantivis
1601 2245 1671 2268 quam
1688 2239 1793 2268 reliquis,
1811 2239 1861 2261 sive
1877 2239 1900 2260 in
1917 2239 2081 2267 propositione,

1235 2279 1285 2300 sive
1302 2281 1364 2300 extra
1382 2279 1570 2306 propositionem.

1299 2316 1446 2346 Suppositio,
1466 2320 1491 2339 ut
1507 2317 1557 2339 vult
1573 2317 1654 2339 Petrus
1670 2317 1746 2345 IIisp.‚
1763 2318 1828 2339 tract.
1851 2316 1880 2339 de
1904 2316 2063 2344 suppositione
2076 2333 2081 2344 ‚

1240 2365 1250 2376 α
1259 2359 1293 2379 est
1309 2357 1412 2384 acceptio
1430 2356 1520 2379 termini
1537 2356 1674 2378 substantivi
1692 2362 1735 2383 pro
1752 2356 1829 2384 aliquo
1839 2363 1860 2384 ιι,
1873 2355 1981 2383 intellige,
1993 2355 2023 2377 de
2035 2360 2081 2384 quo

396 2481 402 2495 ¹
421 2482 514 2504 PlurImi
532 2481 600 2504 codd.
618 2488 671 2503 curn
689 2488 728 2504 sex
745 2483 826 2510 primis
843 2482 896 2504 edd.
924 2483 1030 2505 omittunt
1052 2482 1098 2512 ipsi
1119 2482 1178 2505 olbe-

333 2519 384 2542 (ἰίηἰ
399 2521 432 2547 et,
452 2520 492 2542 sed
510 2521 584 2548 male,
603 2521 634 2542 uti
652 2527 679 2542 ex
696 2523 801 2543 contextu
818 2524 886 2549 patet.

394 2558 405 2573 ²
422 2559 592 2581 111-0001010100]
605 2560 738 2587 regularum
751 2561 825 2588 prima
837 2562 965 2583 insinuatur
976 2561 1006 2583 ab
1017 2562 1120 2588 Ariston,
1133 2560 1178 2582 Vll.

333 2598 430 2625 Metaph.
448 2600 499 2620 text.
517 2599 554 2620 21.
571 2602 593 2621 et
610 2599 646 2621 27.
665 2605 691 2621 00
708 2599 745 2621 lx.
763 2599 860 2627 Metaph.
878 2603 930 2623 text.
952 2600 985 2622 ¹2.
999 2600 1044 2625 (Vl.
1057 2606 1076 2622 c.
1089 2600 1110 2621 (3.
1123 2599 1144 2621 8.
1157 2602 1179 2621 et

333 2636 387 2658 Vlll.
405 2643 424 2659 c.
442 2637 487 2665 7.);
505 2637 607 2660 secunda
624 2638 722 2661 habetur
739 2639 761 2660 in
782 2639 840 2661 Petri
865 2639 929 2667 Hisp.
955 2639 1073 2661 Summula
1084 2656 1089 2666 ,
1115 2641 1178 2661 tract.

334 2674 362 2697 de
380 2675 480 2703 Suppos.
498 2679 519 2698 et
535 2676 644 2704 Distrib.;
662 2678 725 2699 tertia
743 2678 765 2699 in
783 2678 908 2705 opusculo,
934 2677 997 2706 quod
1022 2678 1091 2700 etiam
1113 2678 1178 2699 Petro

332 2714 396 2742 Hisp.
413 2714 555 2743 attribuitur,
573 2717 620 2738 5011,
639 2716 766 2738 Parvorum
783 2717 938 2744 Logiealium,
960 2720 1023 2740 tract.
1046 2717 1074 2739 de
1099 2717 1178 2745 Negat.

333 2756 355 2774 et
372 2753 458 2775 Asslrm.
477 2760 496 2775 0.
516 2753 544 2781 4;
563 2759 643 2783 quarta
661 2756 682 2776 in
706 2755 811 2777 eiusdem
836 2756 970 2778 Sumniula.
997 2758 1059 2778 tract.
1083 2755 1112 2778 de
1137 2756 1178 2777 Re-

333 2791 414 2813 lativis.

395 2830 405 2844 ³
422 2831 452 2852 Ex
470 2831 575 2858 plurimis
593 2838 647 2854 mss.
665 2836 686 2855 et
704 2832 740 2855 etl.
762 2834 766 2854 1
789 2833 950 2855 substituimus
967 2833 1010 2856 elsi
1026 2834 1076 2856 loeo
1088 2835 1115 2856 el.
1128 2834 1177 2855 Mox
1205 2845 1207 2858 1

333 2870 384 2892 cod.
404 2870 423 2892 X
442 2875 493 2898 post
510 2870 594 2894 deitate
611 2872 679 2894 habet
696 2878 743 2895 11011
762 2874 839 2895 minen
861 2872 991 2902 imponam-
1015 2872 1120 2902 sormoe,
1137 2872 1178 2895 secl
1205 2859 1207 2884 ι’

332 2914 454 2938 personae.

1297 2481 1306 2496 ⁴¹
1324 2482 1354 2504 Ex
1371 2481 1409 2503 illo
1426 2481 1526 2509 generali
1545 2481 1673 2509 principio:
1691 2481 1797 2503 Actiones
1814 2483 1867 2503 sunt
1883 2480 2064 2508 suppositorum.

1297 2521 1307 2535 ⁵
1324 2521 1347 2543 ld
1365 2524 1406 2549 est,
1424 2521 1477 2543 tacit
1493 2526 1634 2548 supponere.
1645 2532 1676 2536 ——
1688 2520 1758 2542 Paulo
1775 2523 1827 2543 ante
1843 2519 1899 2543 Cod.
1916 2519 1934 2541 R
1951 2518 2081 2542 subiectum

1235 2567 1278 2589 pro
1295 2560 1372 2583 illum.
2016 2581 2019 2584 .

1297 2599 1307 2613 ⁶
1324 2600 1355 2621 Ex
1373 2598 1541 2628 antiquioribus
1558 2605 1612 2621 mss.
1630 2602 1652 2621 et
1669 2598 1704 2621 ed.
1725 2599 1731 2620 *l
1762 2598 1904 2620 mutavimus
1920 2596 2041 2626 responsio
2057 2597 2080 2618 in

1235 2638 1321 2661 solutio
1338 2641 1360 2661 et
1376 2639 1445 2666 paulo
1463 2641 1516 2666 post
1527 2644 1576 2661 non
1587 2637 1791 2667 multiplicabitem
1803 2638 1824 2659 in
1837 2635 2080 2665 immvztltzpltcaba'tem.

1298 2677 1308 2692 ⁷
1328 2677 1377 2699 Vat.
1395 2680 1473 2699 contra
1491 2678 1631 2706 antiquiores
1648 2677 1716 2699 codd.
1734 2679 1756 2699 et
1772 2676 1808 2698 ed.
1831 2676 1835 2697 1
1858 2675 1922 2697 addit
1934 2673 2036 2697 totaliter
2052 2674 2079 2696 et.

1298 2716 1308 2731 8
1324 2717 1491 2744 Supplevimus
1507 2722 1534 2738 ex
1552 2722 1605 2738 mss.
1624 2718 1646 2738 et
1662 2716 1698 2738 etl.
1721 2716 1725 2737 1
1748 2715 1817 2738 Deus.
1836 2714 1904 2736 Paulo
1922 2717 1973 2736 ante
1990 2712 2041 2735 cod.
2059 2713 2078 2734 K

1235 2756 1305 2779 modo
1322 2757 1430 2783 negativo
1446 2755 1574 2778 relao'vmn
1590 2761 1639 2777 hon
1664 2754 1749 2778 habeut
1769 2753 1953 2784 suppositionem
1974 2751 2048 2775 aliam
2064 2758 2080 2775 a

1234 2790 1278 2817 sito
1295 2794 1448 2817 antecedente.

1297 2833 1306 2847 ⁹
1324 2833 1379 2856 Cod.
1397 2833 1416 2854 K
1435 2833 1499 2858 addit
1514 2832 1577 2856 sicut
1593 2832 1647 2856 hic:
1665 2832 1727 2855 Deus
1752 2831 1844 2862 penitus
1868 2837 1916 2854 11οη
1941 2831 1974 2853 est
1991 2829 2078 2852 Pater:

1234 2878 1290 2901 erqo
1307 2872 1370 2894 Deus
1388 2877 1435 2894 11011
1452 2873 1485 2894 est
1502 2871 1579 2894 Pater.
