2253 3317
0 424 7 474 1

48 418 122 441 Triplex
141 417 176 435 uti-

95 441 143 459 litas.

62 1110 133 1137 Salutio
144 1115 177 1133 op-

49 1136 158 1157 positorum.

71 1350 173 1373 Theologia

61 1373 178 1391 subalterna-

50 1398 83 1414 Lur
93 1396 112 1414 S.
127 1396 178 1415 Scri-

81 1422 154 1443 ptume.

833 148 1028 178 PROOEMII
1059 146 1226 184 QUAEST.
1258 146 1294 173 ΙΙ.
1893 143 1923 169 11

184 229 252 257 dum
274 229 327 256 tria
348 236 450 265 genera
470 228 624 256 hominum.
642 228 761 264 Quidam
783 227 858 256 enim
879 229 944 255 sunt
963 226 1028 254 fidei

184 273 369 306 cuiuersctrii,
392 274 506 310 quidam
528 276 593 302 sunt
623 273 649 301 in
681 273 735 301 fide
764 272 891 309 infirmi,
913 271 1028 308 quidam

186 327 253 347 vero
271 317 402 355 perfecti.

266 366 363 394 Modus
384 365 563 402 inquisitivus
584 365 657 393 valet
675 364 774 401 primo
796 362 1031 400 aci-eous'ttndeit-

190 411 260 439 dum
281 411 479 439 (tclversarios.
511 411 587 440 Unde
615 411 785 447 Augustinus
806 408 897 447 primo
919 410 953 438 de
975 409 1031 437 Tri-

189 457 273 485 nitate
288 457 311 484 ¹:
343 457 483 486 Adversus
515 457 644 494 garrulos
664 456 873 485 ratiocinatores
901 455 1030 484 elatiores

188 511 272 540 quam
310 503 468 540 capaciores
508 503 663 531 rationibus
694 502 836 531 catholicis
873 504 901 530 et
938 500 1031 529 simili-

187 549 332 578 tudinibus
363 550 495 586 congruis
523 550 558 577 ad
588 549 778 577 defensionem
800 551 827 576 et
847 547 1032 576 assertionem

187 595 252 624 fidei
275 598 316 624 est
336 596 482 624 utendum.
506 595 636 624 Seciii'itlo
659 595 733 623 valet
754 595 794 623 cici
813 593 970 631 fouendum
992 593 1033 621 iit-

187 641 299 679 sirmos.
322 641 397 670 Sicut
418 641 492 669 enim
513 641 588 669 Deus
607 640 750 669 caritatem
765 640 942 669 infirmorum
960 639 1033 667 fovet

187 696 237 725 per
260 688 395 717 beneficia
416 688 597 725 temporalia,
625 688 663 716 sic
691 687 775 716 fidem
798 686 976 715 infirmorum
998 685 1034 713 so-

187 735 254 763 vet²
286 742 337 772 per
367 737 533 771 argumenta
563 734 726 771 probabilia.
762 734 789 761 Si
820 733 894 762 enim
929 731 1032 759 iulirmi

187 781 331 816 viderent,
353 781 474 809 rationes
488 781 523 809 ad
539 781 601 809 fidei
625 780 850 817 probabilitatem
866 778 985 807 delicere
1007 780 1034 805 et

187 828 223 856 ad
244 828 405 864 oppositum
426 828 580 859 abundare,
608 828 704 856 nullus
732 826 903 864 persisteret.
938 825 1032 853 Tertio

187 874 261 903 valet
282 875 323 902 cisi
350 874 550 902 delectantium
575 873 726 911 perfectos.
750 874 818 902 Miro
845 873 920 901 0111111
949 873 1034 901 modo

189 921 282 949 anima
303 921 457 949 delectatur
483 921 510 949 in
539 921 718 957 intelligendo
739 919 958 957 quod-perfecta
979 919 1034 947 fide

189 966 286 995 credit.
315 967 391 995 Unde
420 966 620 995 Bernartlus³:
652 978 661 989 «
681 966 754 994 Niliil
779 965 910 993 libentius
938 964 1035 993 intelli-

190 1013 290 1049 gimus,
312 1021 397 1050 quam
418 1013 493 1049 quod
516 1013 570 1041 iam
591 1013 646 1041 fide
668 1013 849 1041 credimus».

272 1061 295 1087 1.
318 1061 343 1087 2.
367 1059 391 1087 3.
415 1060 494 1096 Quod
516 1067 582 1096 ergo
597 1060 726 1088 obiicitur
742 1059 769 1087 in
791 1058 978 1091 contrarium,
998 1057 1036 1086 di-

190 1106 326 1140 cendum,
348 1106 423 1143 quod
444 1114 541 1134 omnes
563 1106 625 1135 illae
640 1106 819 1135 auctoritates
840 1106 1035 1143 intelliguntur

191 1152 225 1181 de
259 1152 480 1189 perscrutatione
509 1153 635 1187 curiosa,
663 1160 717 1181 11011
747 1153 781 1181 de
812 1152 1034 1189 perscrutatione

190 1199 322 1228 studiosa.
351 1200 419 1227 Nam
447 1199 506 1236 ipse
533 1200 668 1228 Dominus
690 1200 761 1228 dixit
782 1200 906 1233 Iudaeis,
927 1199 1035 1227 Ioannis

191 1246 325 1283 quinto&
348 1246 534 1275 Scrutamini
552 1247 720 1283 scripturas
742 1250 792 1275 etc.

269 1294 295 1321 [ι.
318 1293 397 1329 Quod
419 1293 557 1328 obiicitur,
573 1294 648 1330 quod
670 1293 721 1322 iste
735 1293 744 1305 ὓ
766 1293 867 1321 modus
889 1300 943 1320 non
965 1299 1036 1320 com-

189 1339 258 1376 petit
287 1346 382 1367 sacrae
410 1339 589 1376 Scripturae3
621 1339 772 1368 dicendum
801 1339 836 1367 ad
864 1338 932 1372 1100,
960 1338 1036 1374 quod

190 1386 261 1414 liber
282 1386 333 1414 iste
355 1386 390 1414 ad
419 1393 527 1414 sacram
547 1386 721 1422 Scripturam
743 1384 888 1413 reducitur
910 1392 960 1421 per
981 1392 1037 1412 1110-

191 1433 261 1461 dum
289 1432 436 1461 cuiusdam
464 1432 725 1467 subalternationis,
747 1440 802 1460 non
827 1431 915 1469 partis
936 1430 1037 1468 princi-

190 1479 261 1516 palis
273 1490 280 1513 3
302 1478 429 1507 similiter
450 1481 477 1507 et
493 1479 553 1507 libri
574 1479 736 1513 doctorum,
758 1478 806 1515 qui
828 1480 893 1506 sunt
914 1477 950 1506 ad
971 1477 1036 1505 fidei

191 1525 388 1553 defensionem.
403 1525 482 1561 Quod
504 1527 579 1561 patet
600 1525 656 1553 sic:
680 1525 745 1561 quia
762 1532 817 1552 non
832 1523 973 1561 quaelibet
993 1523 1037 1551 de-

190 1570 349 1599 terminatio
369 1571 483 1600 trahens
504 1571 532 1598 in
552 1574 661 1608 partem
683 1570 748 1599 facit
770 1569 1035 1599 subalternationem

192 1616 330 1651 scientiae,
362 1617 411 1645 sed
439 1617 633 1645 determinatio
663 1617 785 1653 quodam
816 1616 899 1644 modo
931 1615 1037 1643 distra-

193 1661 292 1690 kens&
307 1662 375 1690 Nam
396 1662 509 1691 scientia
531 1662 565 1691 de
587 1662 660 1691 linea
682 1665 758 1691 recta
772 1670 827 1691 non
849 1661 952 1690 dicitur
974 1661 1038 1689 sub-

192 1708 325 1737 alternari
353 1711 539 1746 geometriae,
560 1711 609 1740 sed
632 1709 805 1746 scientia-de
827 1708 900 1737 linea
920 1707 1037 1741 visuali,

192 1754 325 1792 quoniam
345 1756 413 1785 haec
435 1756 628 1785 determinatio
649 1756 772 1794 quodam
792 1755 875 1784 modo
898 1754 986 1782 trahit
1001 1753 1037 1782 ad

1087 224 1141 252 alia
1168 223 1312 260 principia.
1344 222 1480 258 Quoniam
1509 221 1593 257 igitur
1622 228 1701 249 sacra
1725 219 1868 255 ScrIptura
1889 222 1930 247 est

1088 271 1122 299 de
1145 270 1270 299 credibili
1298 272 1329 298 ut
1358 268 1519 302 credibili7,
1542 267 1586 296 1110
1612 270 1654 295 051
1681 267 1715 295 de
1744 266 1868 295 credibili
1899 268 1930 293 ut

1087 317 1158 345 facto
1182 316 1362 353 intelligibili,
1384 319 1411 344 et
1432 316 1500 344 haec
1522 313 1715 343 determinatio
1737 311 1877 341 distrahit
1890 328 1930 332 —-

1095 371 1181 392 «nam
1203 364 1278 400 quod
1297 363 1438 392 credimus
1454 362 1590 391 debemus
1611 360 1785 393 auctoritati,
1807 362 1834 388 et
1855 359 1931 396 quod

1088 410 1285 446 intelligimus,
1308 408 1418 437 rationis
1431 421 1441 432 »
1463 425 1502 428 -
1516 408 1580 436 binc
1599 409 1659 441 est,
1676 406 1751 443 quod
1767 406 1839 434 sicut
1860 406 1932 434 alius

1088 457 1189 485 modus
1210 455 1385 485 certitudinis
1407 458 1448 483 est
1469 455 1496 482 in
1518 454 1632 482 scientia
1660 453 1799 490 superiori
1820 457 1847 482 et
1868 453 1933 482 infe-

1084 503 1164 537 riori,
1186 503 1224 531 ita
1245 503 1317 531 alius
1339 503 1440 531 modus
1462 501 1636 530 certitudinis
1651 503 1693 529 est
1714 500 1741 528 in
1765 508 1844 529 sacra
1865 500 1934 529 Scri-

1088 552 1172 586 ptura
1203 551 1230 577 et
1258 548 1331 576 alius
1353 548 1380 576 111
1410 548 1462 576 hoc
1485 548 1572 581 libro,
1600 550 1627 575 et
1656 547 1718 575 ideo
1737 546 1809 575 alius
1830 546 1932 575 modus

1088 595 1266 632 procedendi.
1290 595 1321 623 Et
1349 595 1420 623 sicut
1448 594 1561 623 scientia
1589 594 1796 627 subalternata,
1817 593 1866 621 ubi
1888 593 1932 621 de-

1089 641 1160 675 ficit,
1183 641 1256 669 redit
1278 641 1313 669 ad
1329 640 1525 669 certitudinem
1548 639 1679 668 scientiae
1701 638 1932 673 subalternantis,

1089 694 1160 723 quae
1181 687 1269 715 maior
1292 689 1348 721 estg
1369 686 1408 714 sic
1423 686 1519 720 etiam,
1536 693 1601 714 cum
1619 685 1748 722 Magistro
1764 685 1856 713 deficit
1878 691 1934 713 cer-

1089 732 1179 760 titudo
1194 732 1323 766 rationis,
1339 731 1460 760 recurrit
1475 731 1510 759 ad
1525 731 1698 759 auctoritatis
1718 730 1915 759 certitudinem
1925 730 1934 743 ⁰

1089 785 1185 807 sacrae
1203 779 1378 815 Scripturae‚
1400 785 1472 814 quae
1487 778 1597 806 excedit
1612 785 1722 806 omnem
1738 776 1934 805 certitudinem

1090 824 1214 853 rationis.

1169 873 1194 899 j
1227 871 1303 907 Quod
1338 874 1369 899 tu
1395 870 1506 904 obiicis,
1534 870 1609 906 quod
1623 870 1644 882 ¹⁰
1677 869 1759 898 debet
1787 868 1935 897 convenire

1089 918 1249 951 institerat&
1271 918 1430 951 dicendum,
1458 917 1533 954 quod
1561 916 1696 945 convenit.
1721 917 1752 944 Et
1773 917 1849 953 quod
1870 916 1935 944 obi'-

1090 964 1171 998 citur,
1186 965 1261 1001 quod
1276 964 1409 993 credibile
1424 967 1465 992 est
1480 971 1567 1000 supra.
1588 963 1723 991 rationem
1732 973 1739 996 3
1760 969 1860 990 verum
1875 964 1916 990 est
1929 984 1935 996 ‚

1091 1017 1177 1046 supra
1191 1010 1328 1038 rationem
1344 1012 1481 1046 quantum
1495 1009 1530 1037 ad
1545 1008 1698 1036 scientiam
1713 1007 1890 1045 acquisitam
1904 1007 1934 1041 ¹¹,

1091 1058 1140 1086 sed
1163 1065 1217 1085 non
1232 1065 1319 1093 supra
1333 1057 1470 1085 rationem
1485 1055 1625 1084 elevatam
1643 1064 1696 1092 per
1718 1054 1804 1092 sideni
1832 1057 1859 1083 et
1884 1062 1934 1091 per

1092 1104 1197 1133 donum
1219 1103 1349 1132 scientiae
1371 1106 1398 1132 et
1419 1103 1582 1131 intellectus.
1599 1102 1677 1130 Fides
1699 1102 1773 1130 enim
1795 1102 1885 1130 elevat
1899 1101 1934 1129 ad

1091 1150 1301 1178 assentiendum
1313 1161 1320 1184 3
1342 1149 1455 1178 scientia
1476 1152 1503 1177 et
1524 1148 1681 1177 intellectus
1702 1148 1812 1176 elevant
1840 1148 1875 1176 ad
1904 1155 1936 1175 ea

1092 1203 1163 1232 quae
1186 1195 1291 1224 credita
1314 1198 1379 1224 sunt
1400 1194 1620 1231 intelligendum.

1171 1243 1196 1270 6.
1219 1242 1299 1278 Quod
1327 1241 1471 1275 obiicitur,
1496 1240 1606 1277 (1110(112
1629 1248 1683 1269 11011
1712 1241 1840 1269 convenit
1867 1240 1937 1277 fini,

1091 1289 1157 1326 quia
1183 1291 1300 1317 evacuat
1328 1289 1483 1322 meritum,
1512 1287 1661 1316 dicendum
1679 1310 1684 1321 ,
1706 1287 1804 1323 quod,
1826 1286 1938 1323 quando

1091 1335 1243 1364 assentitur
1264 1337 1379 1372 propter
1410 1342 1439 1363 se
1462 1334 1580 1368 rationi,
1613 1336 1679 1362 tunc
1701 1334 1828 1361 aufertur
1860 1333 1937 1360 locus

1092 1381 1166 1415 fidei,
1195 1381 1261 1418 quia
1289 1381 1316 1409 in
1348 1380 1441 1409 anima
1468 1380 1588 1408 bominis
1617 1379 1778 1408 dominatur
1807 1378 1938 1407 violentia

1092 1427 1216 1456 rationis.
1239 1427 1292 1456 Sed
1314 1427 1427 1464 quando
1449 1426 1519 1455 fides
1544 1434 1599 1454 non
1626 1426 1741 1454 assentit
1762 1428 1876 1462 propter
1897 1433 1939 1453 ra-

1091 1474 1210 1508 tionem,
1232 1473 1280 1502 sed
1302 1476 1416 1510 propter
1437 1480 1562 1500 amorem
1584 1471 1645 1500 eius
1673 1471 1717 1500 cui
1743 1471 1872 1505 assentit,
1894 1471 1939 1499 de—

1092 1520 1197 1549 siderat
1218 1520 1323 1548 habere
1343 1519 1481 1553 rationes;
1503 1522 1569 1547 tunc
1591 1526 1645 1546 non
1659 1520 1776 1546 evacuat
1798 1517 1868 1545 ratio
1889 1517 1939 1545 1111-

1093 1575 1175 1595 mana
1196 1567 1344 1601 meritum,
1366 1566 1415 1595 sed
1437 1568 1521 1602 auget
1542 1565 1682 1593 solatium.
1698 1565 1729 1593 Et
1750 1565 1841 1601 primo
1856 1564 1939 1593 modo

1092 1612 1254 1650 intelligit¹³
1284 1612 1485 1648 Hieronymus,
1514 1611 1589 1648 quod
1612 1618 1667 1639 non
1688 1614 1753 1639 sunt
1782 1610 1939 1639 inducenda

1093 1662 1258 1696 argumenta
1280 1659 1438 1693 dialectica,
1461 1658 1564 1695 quibus
1586 1658 1669 1686 1101110
1690 1657 1880 1694 principaliter
1901 1657 1940 1685 in-

1093 1706 1214 1741 nitatur,
1237 1706 1302 1743 quia
1323 1705 1499 1734 innitendum
1521 1707 1562 1733 est
1584 1704 1741 1733 auctoritati
1756 1704 1939 1741 principalius

1095 1761 1180 1790 quam
1201 1752 1309 1781 rationi.

255 1917 262 1932 ¹
281 1917 335 1946 Cap.
354 1918 381 1945 Ξ,
399 1918 439 1940 11111
456 1918 554 1940 dicitur:
578 1919 625 1940 15115
649 1918 747 1946 garrulis
763 1916 975 1944 ratiocinatoribus,
993 1917 1036 1939 ela-

193 1956 291 1980 1101110115
321 1962 391 1984 quam
417 1956 576 1984 capacioribus
600 1960 668 1985 atque
695 1956 746 1978 ideo
765 1956 847 1978 morbo
873 1955 1036 1983 periculosiore

193 1996 350 2019 laborantibus
360 2013 365 2023 ‚
382 1996 415 2017 510
431 1996 526 2018 sortasse
543 1997 672 2018 serviemus
682 2014 687 2024 ‚
700 1999 724 2018 ut
735 1997 852 2018 inveniant
863 1995 960 2024 aliquid⁷
973 1995 1036 2017 unde

193 2036 299 2058 dubitare
317 2041 361 2056 non
380 2036 473 2061 possint.
485 2047 517 2051 —
528 2035 578 2057 Vat.
591 2038 669 2057 contra
687 2041 741 2057 mss.
760 2038 782 2057 et
798 2035 833 2057 011.
857 2036 862 2057 l
884 2036 906 2056 in
919 2035 962 2056 1100
975 2036 1036 2057 textu

193 2077 246 2101 post
263 2072 471 2096 ratiocinatoribus
488 2072 551 2095 addit
567 2073 652 2103 71111ῃὶ5.

256 2113 265 2127 2
282 2111 337 2135 Cod.
355 2113 375 2134 K
393 2113 429 2135 1110
446 2113 509 2136 addit
526 2112 592 2142 quis,
611 2113 652 2136 scd
669 2119 713 2135 non
731 2112 805 2140 bene,
823 2115 848 2135 ut
864 2112 962 2135 videtur.

255 2151 265 2166 3
280 2152 341 2174 Libr.
359 2152 387 2175 V.
406 2152 434 2174 de
451 2151 542 2175 Consid.
561 2159 579 2175 c.
606 2153 626 2174 3.
645 2153 668 2175 in
693 2152 754 2175 fine:
771 2152 804 2174 Nil
823 2154 899 2175 autem
922 2152 1037 2174 malumus

193 2190 266 2217 scire,
285 2196 355 2218 quam
372 2196 432 2218 quac
448 2190 493 2212 lide
510 2191 555 2213 iam
573 2191 666 2213 scimus.

256 2227 265 2242 ⁴¹
283 2228 348 2250 Vers.
367 2228 403 2250 39.

255 2267 265 2281 ⁵
282 2267 445 2289 Substituimus
462 2263 488 2289 ex
506 2267 672 2296 antiquioribus
690 2274 744 2290 mss.
762 2271 784 2291 et
801 2268 837 2290 ed.
852 2269 860 2290 11
877 2267 919 2291 iste
935 2275 977 2296 pro
990 2268 1038 2299 ille‘

254 2306 264 2321 6
282 2306 306 2328 1(1
323 2310 371 2334 est,
389 2313 449 2335 quae
467 2314 516 2330 rem
533 2308 562 2330 ad
579 2309 648 2330 alium
666 2312 804 2337 conceptum
821 2308 858 2331 vel
876 2308 906 2331 ad
924 2308 966 2331 alia
978 2312 1038 2339 prin-

194 2345 254 2373 cipia
272 2345 379 2372 specialia
398 2346 471 2368 trabit.

254 2382 264 2397 ⁷
282 2383 312 2404 lta
329 2384 468 2411 antiquiores
485 2390 540 2406 mss.
559 2384 674 2413 (quorum
691 2384 760 2413 aliqui
777 2387 802 2407 ut
818 2384 935 2413 AFGPQ
946 2392 973 2407 00
984 2392 1038 2408 cum

191 2420 227 2442 ed.
250 2421 255 2442 1
278 2423 329 2443 ante
346 2420 451 2443 credibili
472 2425 579 2449 repetunt
601 2423 795 2449 praepositionem
813 2423 856 2451 de)
874 2427 952 2447 contra
970 2424 1020 2446 Vat.
1032 2442 1037 2451 ‚

192 2466 252 2489 quae
270 2460 338 2483 habet
354 2459 468 2484 credibile.
478 2473 510 2477 —
520 2461 569 2484 Mox
582 2468 624 2490 per
636 2463 844 2486 demonstrativum
856 2463 892 2487 liic
906 2464 1038 2492 intelligitur

193 2499 250 2521 liber
267 2499 440 2521 Sententiarum.
459 2499 514 2522 Cod.
533 2500 549 2521 B
567 2500 629 2523 addit
648 2506 717 2525 vero.
736 2501 786 2524 eod.
805 2501 822 2523 O
841 2502 909 2525 habet
926 2502 984 2525 haec
995 2509 1038 2525 (111·

192 2539 238 2561 tem
255 2537 351 2561 scientia
368 2539 417 2561 loco
435 2538 477 2562 liic.
494 2539 551 2561 Dein
569 2539 619 2562 cod.
638 2540 654 2561 F
671 2546 713 2567 pro
730 2540 793 2569 facio
811 2542 875 2569 ponit
892 2540 990 2564 ratione.

255 2575 264 2590 8
281 2577 376 2604 August.
403 2577 432 2599 de
457 2577 523 2600 Utilit.
550 2578 658 2601 credendi
682 2585 700 2601 0.
722 2580 755 2601 11.
782 2586 803 2601 n.
823 2579 867 2601 257
886 2579 953 2607 Quod
976 2580 1037 2602 intel-

192 2616 284 2643 ligimus
300 2616 369 2643 igitur
389 2616 502 2639 debemus
519 2618 614 2646 rationi,
633 2618 701 2646 quod-
721 2618 837 2641 credimus
860 2619 994 2642 auctoritati.
1014 2619 1037 2640 ln

192 2660 239 2683 quo
256 2658 317 2677 textu
334 2656 412 2683 plures
429 2656 495 2678 codd.
522 2659 547 2679 ut
570 2657 585 2678 F
596 2658 665 2679 GHT
684 2660 725 2680 ete.
744 2663 797 2680 cum
814 2658 864 2680 Vat.
883 2657 978 2680 debetur
995 2664 1037 2686 pro

192 2692 311 2717 debemus.

256 2732 265 2747 ⁹
282 2734 332 2756 Vat.
350 2740 403 2756 cum
428 2736 547 2758 recentiori
570 2734 620 2757 cod.
647 2741 686 2763 cc,
709 2736 834 2758 omittendo
859 2735 1037 2765 certitudinem,

192 2768 247 2799 legit
262 2773 414 2797 azoctoritates
424 2782 432 2801 ς
449 2774 516 2796 codd.
534 2775 550 2797 B
560 2775 576 2796 L
586 2775 602 2797 Ν
613 2775 630 2796 Ο
643 2775 660 2796 Τ
679 2780 705 2797 00
717 2775 836 2797 lectionem
848 2775 898 2798 Vat.
921 2779 1038 2798 servantes

192 2803 280 2826 addunt
296 2805 318 2827 et
333 2804 365 2827 ad
380 2805 543 2828 certitudinem
553 2815 562 2834 ;
580 2806 646 2828 codd.
666 2808 742 2828 autem
760 2805 776 2828 C
785 2805 803 2827 D
813 2806 829 2827 F
838 2806 857 2827 M
868 2806 884 2827 P
894 2807 913 2834 Q
921 2807 938 2828 U
948 2806 978 2828 W
988 2807 1009 2828 Χ
1021 2807 1037 2828 Ζ

193 2849 219 2866 aa
236 2842 269 2867 bb
286 2843 392 2867 exhibent
410 2845 528 2867 lectionem
547 2845 568 2866 in
586 2847 671 2866 textum
688 2847 805 2871 receptam
816 2862 821 2872 ‚
839 2850 909 2873 quam
931 2845 1037 2872 praeseri-

1092 1921 1145 1937 mus
1174 1921 1216 1942 eo,
1243 1913 1306 1942 quod
1335 1914 1357 1935 in
1387 1914 1437 1940 ipsa
1466 1912 1525 1934 duae
1551 1913 1640 1939 species
1666 1911 1807 1934 certitudinis
1820 1930 1825 1939 ,
1854 1912 1939 1934 scilicet

1093 1952 1243 1977 aluam-itatis
1259 1956 1282 1975 et
1299 1951 1411 1980 rationis,
1429 1951 1561 1974 distinctiori
1580 1951 1649 1973 1110110
1667 1950 1809 1974 exhibentur.

1157 1992 1176 2007 ¹⁰
1194 1992 1296 2020 Supple:
1313 1990 1413 2018 modus,
1431 1990 1494 2019 quod
1512 1991 1562 2012 Vat.
1575 1991 1621 2012 sola
1639 1990 1708 2012 addit.
1726 2002 1758 2006 -
1774 1989 1828 2012 Cod.
1847 1990 1865 2011 R
1883 1988 1939 2011 obii-

1094 2030 1156 2054 cittii·
1174 2031 1225 2052 1000
1243 2031 1268 2052 iti
1286 2028 1372 2053 obiicis.

1157 2068 1175 2083 ¹¹
1186 2069 1234 2091 Hoc
1251 2071 1298 2097 051,
1312 2068 1412 2091 habitam
1425 2068 1598 2095 investigatione
1613 2067 1721 2089 naturalis
1732 2068 1825 2089 rationis
1836 2069 1858 2089 et
1869 2066 1939 2089 modo

1094 2108 1205 2136 naturali,
1223 2108 1262 2136 qui
1280 2107 1408 2129 secundum
1426 2107 1576 2128 Scholasticos
1594 2112 1605 2128 a
1623 2107 1660 2128 via
1677 2112 1759 2128 sensus
1781 2108 1803 2128 et
1825 2104 1940 2133 experien-

1094 2148 1137 2169 tiae
1153 2146 1239 2174 incipit.
1256 2146 1313 2168 Huic
1330 2146 1437 2168 scientiae
1462 2146 1585 2173 opponitur
1610 2146 1703 2167 scientia
1726 2145 1815 2173 intusa⁷
1833 2144 1877 2167 sub
1895 2151 1940 2173 qua

1095 2186 1222 2208 continetur
1239 2185 1338 2213 cognitio
1355 2184 1422 2213 fidei,
1439 2187 1518 2212 utpote
1535 2191 1595 2213 quae
1612 2187 1657 2206 tam
1675 2186 1781 2212 respectu
1804 2184 1885 2206 obiecti
1904 2190 1942 2206 co-

1096 2225 1158 2252 gniti,
1176 2230 1246 2253 quam
1271 2226 1378 2252 respectu
1402 2223 1466 2245 modi
1492 2222 1645 2251 cognoscendi
1663 2223 1749 2245 homini
1772 2222 1903 2245 immediate
1928 2229 1940 2244 a

1095 2264 1142 2286 Deo
1160 2265 1295 2291 praestatur.
1314 2262 1359 2285 cfr.
1377 2262 1408 2284 111.
1427 2263 1486 2284 Seni.
1505 2262 1526 2284 d.
1546 2262 1582 2284 35.
1600 2268 1621 2290 q.
1641 2263 1662 2284 2.
1680 2274 1712 2278 -
1728 2261 1779 2283 Vat.
1797 2261 1885 2290 absque
1902 2268 1942 2283 au-

1096 2296 1198 2324 ctoritate
1215 2307 1270 2324 mss.
1289 2303 1314 2323 et
1330 2300 1365 2323 cd.
1385 2301 1393 2322 ¹l
1412 2301 1448 2322 1110
1461 2300 1523 2322 addit
1534 2306 1577 2329 per
1587 2299 1706 2322 rationem
1717 2299 1859 2327 evidentem,
1872 2306 1942 2328 quam

1096 2340 1235 2362 additionem
1252 2342 1327 2361 tamen
1346 2339 1413 2361 nimis
1427 2341 1513 2361 arctam
1525 2339 1653 2361 iudicamus
1664 2346 1669 2366 ;
1682 2341 1770 2360 certum
1782 2338 1896 2367 siquidem
1908 2341 1942 2361 est

1096 2379 1159 2408 quod
1175 2380 1246 2407 ratio,
1265 2380 1307 2401 nisi
1325 2379 1428 2401 elevetur
1445 2384 1487 2406 pei·
1503 2378 1590 2400 donum
1609 2377 1677 2406 lidei,
1695 2377 1725 2399 ad
1746 2378 1822 2400 stricte
1846 2377 1941 2399 credibi-

1095 2419 1153 2441 lium
1170 2419 1324 2446 cognitionem
1341 2424 1369 2440 ne
1386 2418 1480 2446 quidem
1497 2416 1643 2447 probabilem
1660 2418 1790 2445 pertingere
1808 2422 1852 2439 non
1862 2418 1941 2444 possit.

1096 2457 1174 2479 Melius
1191 2457 1241 2479 cod.
1254 2458 1274 2479 K
1287 2462 1330 2484 pro
1342 2456 1374 2480 ad
1385 2456 1508 2479 scientiam
1519 2455 1658 2485 acquisitam
1670 2457 1734 2484 ponit
1742 2455 1804 2478 ratio
1816 2455 1841 2478 in
1852 2461 1876 2478 se
1888 2461 1942 2479 con-

1096 2497 1222 2520 sideratur.
1234 2509 1267 2513 -
1277 2496 1327 2519 Mox
1339 2496 1432 2524 plurimi
1445 2495 1512 2518 codd.
1525 2496 1542 2517 Α
1550 2494 1698 2517 BCDFGIL
1706 2496 1725 2517 M
1733 2495 1748 2517 Ι)
1756 2495 1795 2523 QS
1803 2494 1848 2516 TV
1857 2495 1877 2516 X
1885 2495 1904 2516 Y
1916 2501 1942 2517 ee

1095 2535 1223 2565 sapientiae
1239 2536 1289 2557 loco
1305 2534 1427 2562 scientiae,
1440 2533 1504 2562 quod
1516 2536 1590 2555 tamen
1608 2540 1635 2556 ex
1647 2533 1754 2556 subnexis
1766 2533 1917 2562 improbatur.

1158 2573 1177 2588 ¹²
1194 2573 1293 2601 Supple:
1311 2572 1395 2595 modus
1412 2573 1459 2594 iste.
1477 2584 1508 2588 -
1526 2572 1575 2594 Mox
1592 2572 1620 2594 ad
1638 2572 1699 2594 idem
1717 2571 1846 2594 subiectum
1858 2578 1942 2600 propo-

1095 2613 1182 2634 sitionis
1199 2612 1339 2635 servandum
1357 2611 1403 2634 fide
1421 2611 1546 2633 multorum
1569 2616 1623 2632 mss.
1642 2610 1759 2632 AFGIK
1770 2611 1787 2632 R
1798 2611 1813 2632 S
1824 2611 1841 2632 T
1860 2613 1901 2633 etc.
1920 2612 1942 2632 01

1095 2651 1131 2674 011,
1151 2652 1158 2673 «l
1181 2651 1332 2678 praeterimus
1349 2650 1451 2673 evacuat
1466 2650 1559 2677 passivo
1576 2649 1723 2677 evacuatur,
1736 2648 1799 2677 quod
1810 2649 1879 2671 babet
1890 2649 1940 2671 Vat.

1158 2688 1178 2703 ¹³
1194 2688 1333 2711 Parentibus
1350 2694 1404 2710 mss.
1423 2690 1445 2710 et
1461 2687 1496 2710 ed.
1516 2688 1523 2709 1
1537 2705 1542 2715 ‚
1559 2688 1703 2709 removimus
1726 2687 1865 2709 additionem
1891 2687 1941 2709 Vat.

1096 2727 1226 2757 Greqorius
1244 2726 1352 2749 similiter
1370 2727 1407 2755 et,
1425 2733 1485 2756 quae
1502 2727 1602 2754 additio,
1620 2727 1685 2748 sicuti
1703 2727 1774 2755 iacet,
1793 2728 1877 2749 omissa
1894 2727 1941 2749 scil.

1095 2766 1197 2795 qualibet
1224 2766 1406 2793 interpunctione
1421 2783 1425 2793 ‚
1454 2771 1549 2787 erronea
1572 2767 1620 2792 051,
1646 2766 1699 2793 quia
1734 2771 1794 2793 quae
1814 2768 1942 2793 sequuntur

1096 2812 1139 2827 non
1158 2806 1284 2833 respiciunt
1301 2805 1372 2827 verba
1390 2805 1493 2833 Gregorii
1504 2823 1509 2833 ,
1522 2804 1562 2827 scd
1575 2804 1720 2827 solummodo
1733 2804 1872 2832 Hieronymi.
1885 2804 1940 2827 Cod.

1095 2844 1113 2865 D
1131 2846 1183 2871 post
1200 2843 1311 2873 intelliqit
1327 2843 1432 2871 adiungit
1449 2844 1583 2871 particulam
1601 2843 1628 2865 ct.

1656 2918 1671 2929 ⁴.
