<?xml version="1.0" encoding="UTF-8"?>
<!DOCTYPE html PUBLIC "-//W3C//DTD XHTML 1.0 Transitional//EN"
    "http://www.w3.org/TR/xhtml1/DTD/xhtml1-transitional.dtd">
<html xmlns="http://www.w3.org/1999/xhtml" xml:lang="en" lang="en">
 <head>
  <title>
</title>
<meta http-equiv="Content-Type" content="text/html;charset=utf-8" />
  <meta name='ocr-system' content='tesseract 3.04.00' />
  <meta name='ocr-capabilities' content='ocr_page ocr_carea ocr_par ocr_line ocrx_word'/>
</head>
<body>
  <div class='ocr_page' id='page_1' title='image "./doctorisseraphic11bona_0223.png"; bbox 0 0 2253 3317; ppageno 0'>
   <div class='ocr_carea' id='block_1_1' title="bbox 0 2603 9 3244">
    <p class='ocr_par' dir='ltr' id='par_1_1' title="bbox 0 2603 9 3244">
     <span class='ocr_line' id='line_1_1' title="bbox 0 2603 9 3244; baseline 0 0"><span class='ocrx_word' id='word_1_1' title='bbox 0 2603 9 3244; x_wconf 95' lang='lat' dir='ltr'> </span> 
     </span>
    </p>
   </div>
   <div class='ocr_carea' id='block_1_2' title="bbox 929 118 1926 156">
    <p class='ocr_par' dir='ltr' id='par_1_2' title="bbox 929 118 1926 156">
     <span class='ocr_line' id='line_1_2' title="bbox 929 118 1926 156; baseline 0.01 -10"><span class='ocrx_word' id='word_1_2' title='bbox 929 118 1012 147; x_wconf 88' lang='lat' dir='ltr'>DIST.</span> <span class='ocrx_word' id='word_1_3' title='bbox 1034 119 1064 148; x_wconf 93' lang='lat' dir='ltr'>V.</span> <span class='ocrx_word' id='word_1_4' title='bbox 1086 119 1193 148; x_wconf 78' lang='lat' dir='ltr'>DUBIA.</span> <span class='ocrx_word' id='word_1_5' title='bbox 1876 128 1926 156; x_wconf 71' lang='lat'>121</span> 
     </span>
    </p>
   </div>
   <div class='ocr_carea' id='block_1_3' title="bbox 552 193 683 223">
    <p class='ocr_par' dir='ltr' id='par_1_3' title="bbox 552 193 683 223">
     <span class='ocr_line' id='line_1_3' title="bbox 552 193 683 223; baseline 0.008 -3"><span class='ocrx_word' id='word_1_6' title='bbox 552 193 619 221; x_wconf 76' lang='lat' dir='ltr'>Dua.</span> <span class='ocrx_word' id='word_1_7' title='bbox 640 194 683 223; x_wconf 92' lang='lat' dir='ltr'>IV.</span> 
     </span>
    </p>
   </div>
   <div class='ocr_carea' id='block_1_4' title="bbox 273 285 1038 326">
    <p class='ocr_par' dir='ltr' id='par_1_4' title="bbox 273 285 1038 326">
     <span class='ocr_line' id='line_1_4' title="bbox 273 285 1038 326; baseline 0.007 -13"><span class='ocrx_word' id='word_1_8' title='bbox 273 286 320 314; x_wconf 83' lang='lat' dir='ltr'>Ita</span> <span class='ocrx_word' id='word_1_9' title='bbox 341 285 428 313; x_wconf 81' lang='lat' dir='ltr'>etiam</span> <span class='ocrx_word' id='word_1_10' title='bbox 449 294 507 314; x_wconf 80' lang='grc'><strong>11011</strong></span> <span class='ocrx_word' id='word_1_11' title='bbox 528 290 568 314; x_wconf 78' lang='lat' dir='ltr'>est</span> <span class='ocrx_word' id='word_1_12' title='bbox 590 287 761 321; x_wconf 75' lang='lat' dir='ltr'>(licendum,</span> <span class='ocrx_word' id='word_1_13' title='bbox 782 289 860 326; x_wconf 79' lang='lat' dir='ltr'>qaod</span> <span class='ocrx_word' id='word_1_14' title='bbox 881 289 984 317; x_wconf 76' lang='lat' dir='ltr'>divina</span> <span class='ocrx_word' id='word_1_15' title='bbox 998 297 1038 317; x_wconf 74' lang='lat' dir='ltr'>es-</span> 
     </span>
    </p>
   </div>
   <div class='ocr_carea' id='block_1_5' title="bbox 55 332 1037 400">
    <p class='ocr_par' dir='ltr' id='par_1_5' title="bbox 55 332 1037 400">
     <span class='ocr_line' id='line_1_5' title="bbox 55 332 1037 377; baseline 0.01 -23"><span class='ocrx_word' id='word_1_16' title='bbox 55 335 185 377; x_wconf 48' lang='lat'>012133313101333</span> <span class='ocrx_word' id='word_1_17' title='bbox 193 332 287 360; x_wconf 74' lang='lat' dir='ltr'>sentia</span> <span class='ocrx_word' id='word_1_18' title='bbox 299 332 402 369; x_wconf 63' lang='lat' dir='ltr'>genuit</span> <span class='ocrx_word' id='word_1_19' title='bbox 411 332 530 360; x_wconf 77' lang='lat' dir='ltr'>Filiam.</span> <span class='ocrx_word' id='word_1_20' title='bbox 546 333 647 362; x_wconf 81' lang='lat' dir='ltr'>Contra</span> <span class='ocrx_word' id='word_1_21' title='bbox 662 334 713 362; x_wconf 89' lang='lat' dir='ltr'>hoc</span> <span class='ocrx_word' id='word_1_22' title='bbox 729 334 822 363; x_wconf 86' lang='lat' dir='ltr'>obiicit</span> <span class='ocrx_word' id='word_1_23' title='bbox 836 335 965 369; x_wconf 83' lang='lat' dir='ltr'>Ioachim,</span> <span class='ocrx_word' id='word_1_24' title='bbox 981 338 1037 364; x_wconf 86' lang='lat' dir='ltr'>tam</span> 
     </span>
     <span class='ocr_line' id='line_1_6' title="bbox 77 382 133 400; baseline -0.018 0"><span class='ocrx_word' id='word_1_25' title='bbox 77 382 133 400; x_wconf 76' lang='lat' dir='ltr'>ohim.</span> 
     </span>
    </p>
   </div>
   <div class='ocr_carea' id='block_1_6' title="bbox 179 378 1038 1678">
    <p class='ocr_par' dir='ltr' id='par_1_6' title="bbox 189 378 1038 640">
     <span class='ocr_line' id='line_1_7' title="bbox 193 378 1038 418; baseline 0.006 -13"><span class='ocrx_word' id='word_1_26' title='bbox 193 380 289 406; x_wconf 87' lang='lat' dir='ltr'>contra</span> <span class='ocrx_word' id='word_1_27' title='bbox 307 378 480 414; x_wconf 70' lang='lat' dir='ltr'>positionem</span> <span class='ocrx_word' id='word_1_28' title='bbox 501 387 586 416; x_wconf 86' lang='lat' dir='ltr'>quam</span> <span class='ocrx_word' id='word_1_29' title='bbox 598 383 694 408; x_wconf 83' lang='lat' dir='ltr'>contra</span> <span class='ocrx_word' id='word_1_30' title='bbox 708 380 861 409; x_wconf 76' lang='lat' dir='ltr'>rationem.</span> <span class='ocrx_word' id='word_1_31' title='bbox 877 381 978 410; x_wconf 78' lang='lat' dir='ltr'>Contra</span> <span class='ocrx_word' id='word_1_32' title='bbox 988 390 1038 418; x_wconf 76' lang='lat' dir='ltr'>po-</span> 
     </span>
     <span class='ocr_line' id='line_1_8' title="bbox 191 424 1036 464; baseline 0.005 -12"><span class='ocrx_word' id='word_1_33' title='bbox 191 424 340 458; x_wconf 74' lang='lat' dir='ltr'>sitionem,</span> <span class='ocrx_word' id='word_1_34' title='bbox 363 425 428 462; x_wconf 89' lang='lat' dir='ltr'>quia</span> <span class='ocrx_word' id='word_1_35' title='bbox 443 426 465 453; x_wconf 92' lang='lat' dir='ltr'>si</span> <span class='ocrx_word' id='word_1_36' title='bbox 481 426 600 454; x_wconf 77' lang='lat' dir='ltr'>essentia</span> <span class='ocrx_word' id='word_1_37' title='bbox 615 434 669 454; x_wconf 90' lang='lat' dir='ltr'>non</span> <span class='ocrx_word' id='word_1_38' title='bbox 684 430 798 463; x_wconf 84' lang='lat' dir='ltr'>generat</span> <span class='ocrx_word' id='word_1_39' title='bbox 812 435 864 456; x_wconf 90' lang='lat' dir='ltr'>nec</span> <span class='ocrx_word' id='word_1_40' title='bbox 886 431 1036 464; x_wconf 85' lang='lat' dir='ltr'>generatur</span> 
     </span>
     <span class='ocr_line' id='line_1_9' title="bbox 191 471 1037 511; baseline 0.006 -13"><span class='ocrx_word' id='word_1_41' title='bbox 191 478 241 499; x_wconf 89' lang='lat' dir='ltr'>nec</span> <span class='ocrx_word' id='word_1_42' title='bbox 256 471 394 508; x_wconf 80' lang='lat' dir='ltr'>procedit:</span> <span class='ocrx_word' id='word_1_43' title='bbox 417 479 483 508; x_wconf 86' lang='lat' dir='ltr'>ergo</span> <span class='ocrx_word' id='word_1_44' title='bbox 505 472 533 500; x_wconf 92' lang='lat' dir='ltr'>in</span> <span class='ocrx_word' id='word_1_45' title='bbox 554 473 656 501; x_wconf 89' lang='lat' dir='ltr'>divinis</span> <span class='ocrx_word' id='word_1_46' title='bbox 671 476 713 501; x_wconf 89' lang='lat' dir='ltr'>est</span> <span class='ocrx_word' id='word_1_47' title='bbox 727 481 772 502; x_wconf 89' lang='lat' dir='ltr'>res</span> <span class='ocrx_word' id='word_1_48' title='bbox 787 481 924 510; x_wconf 83' lang='lat' dir='ltr'>generans</span> <span class='ocrx_word' id='word_1_49' title='bbox 945 477 971 503; x_wconf 92' lang='lat' dir='ltr'>et</span> <span class='ocrx_word' id='word_1_50' title='bbox 993 482 1037 511; x_wconf 85' lang='lat' dir='ltr'>ge-</span> 
     </span>
     <span class='ocr_line' id='line_1_10' title="bbox 189 517 1036 557; baseline 0.005 -12"><span class='ocrx_word' id='word_1_51' title='bbox 189 517 249 545; x_wconf 91' lang='lat' dir='ltr'>nita</span> <span class='ocrx_word' id='word_1_52' title='bbox 270 520 297 546; x_wconf 89' lang='lat' dir='ltr'>et</span> <span class='ocrx_word' id='word_1_53' title='bbox 316 518 480 554; x_wconf 81' lang='lat' dir='ltr'>procedens,</span> <span class='ocrx_word' id='word_1_54' title='bbox 496 522 523 547; x_wconf 90' lang='lat' dir='ltr'>et</span> <span class='ocrx_word' id='word_1_55' title='bbox 537 527 582 548; x_wconf 89' lang='lat' dir='ltr'>res</span> <span class='ocrx_word' id='word_1_56' title='bbox 597 527 648 548; x_wconf 89' lang='lat' dir='ltr'>nec</span> <span class='ocrx_word' id='word_1_57' title='bbox 663 527 798 556; x_wconf 82' lang='lat' dir='ltr'>generans</span> <span class='ocrx_word' id='word_1_58' title='bbox 814 528 864 549; x_wconf 88' lang='lat' dir='ltr'>nec</span> <span class='ocrx_word' id='word_1_59' title='bbox 879 521 971 557; x_wconf 77' lang='lat' dir='ltr'>genita</span> <span class='ocrx_word' id='word_1_60' title='bbox 985 528 1036 549; x_wconf 89' lang='lat' dir='ltr'>nec</span> 
     </span>
     <span class='ocr_line' id='line_1_11' title="bbox 189 565 1036 604; baseline 0.004 -12"><span class='ocrx_word' id='word_1_61' title='bbox 189 565 361 601; x_wconf 79' lang='lat' dir='ltr'>procedens;</span> <span class='ocrx_word' id='word_1_62' title='bbox 383 568 410 594; x_wconf 89' lang='lat' dir='ltr'>et</span> <span class='ocrx_word' id='word_1_63' title='bbox 431 566 468 594; x_wconf 86' lang='lat' dir='ltr'>ita</span> <span class='ocrx_word' id='word_1_64' title='bbox 489 568 531 594; x_wconf 88' lang='lat' dir='ltr'>est</span> <span class='ocrx_word' id='word_1_65' title='bbox 551 566 589 595; x_wconf 84' lang='lat' dir='ltr'>ibi</span> <span class='ocrx_word' id='word_1_66' title='bbox 602 566 610 579; x_wconf 87' lang='lat'><em>¹</em></span> <span class='ocrx_word' id='word_1_67' title='bbox 632 567 820 603; x_wconf 80' lang='lat' dir='ltr'>quaternitas,</span> <span class='ocrx_word' id='word_1_68' title='bbox 841 567 864 595; x_wconf 88' lang='lat' dir='ltr'>si</span> <span class='ocrx_word' id='word_1_69' title='bbox 885 569 950 595; x_wconf 92' lang='lat' dir='ltr'>sunt</span> <span class='ocrx_word' id='word_1_70' title='bbox 971 575 1036 604; x_wconf 84' lang='lat' dir='ltr'>qua-</span> 
     </span>
     <span class='ocr_line' id='line_1_12' title="bbox 190 614 329 640; baseline 0.007 -1"><span class='ocrx_word' id='word_1_71' title='bbox 190 614 254 639; x_wconf 83' lang='lat' dir='ltr'>tuor</span> <span class='ocrx_word' id='word_1_72' title='bbox 276 619 329 640; x_wconf 91' lang='lat' dir='ltr'>res.</span> 
     </span>
    </p>

    <p class='ocr_par' dir='ltr' id='par_1_7' title="bbox 187 658 1036 883">
     <span class='ocr_line' id='line_1_13' title="bbox 266 658 1036 697; baseline 0.004 -11"><span class='ocrx_word' id='word_1_73' title='bbox 266 658 349 692; x_wconf 87' lang='lat' dir='ltr'>Item,</span> <span class='ocrx_word' id='word_1_74' title='bbox 371 658 469 687; x_wconf 89' lang='lat' dir='ltr'>irridet</span> <span class='ocrx_word' id='word_1_75' title='bbox 489 659 634 687; x_wconf 79' lang='lat' dir='ltr'>rationem</span> <span class='ocrx_word' id='word_1_76' title='bbox 655 659 791 696; x_wconf 79' lang='lat' dir='ltr'>Magistri:</span> <span class='ocrx_word' id='word_1_77' title='bbox 814 660 837 688; x_wconf 93' lang='lat' dir='ltr'>si</span> <span class='ocrx_word' id='word_1_78' title='bbox 859 660 978 689; x_wconf 83' lang='lat' dir='ltr'>essentia</span> <span class='ocrx_word' id='word_1_79' title='bbox 992 668 1036 697; x_wconf 86' lang='lat' dir='ltr'>ge-</span> 
     </span>
     <span class='ocr_line' id='line_1_14' title="bbox 188 705 1035 743; baseline 0.002 -11"><span class='ocrx_word' id='word_1_80' title='bbox 188 707 268 733; x_wconf 87' lang='lat' dir='ltr'>nerat</span> <span class='ocrx_word' id='word_1_81' title='bbox 289 705 453 739; x_wconf 80' lang='lat' dir='ltr'>essentiam,</span> <span class='ocrx_word' id='word_1_82' title='bbox 475 707 501 733; x_wconf 85' lang='lat' dir='ltr'>et</span> <span class='ocrx_word' id='word_1_83' title='bbox 523 706 643 734; x_wconf 79' lang='lat' dir='ltr'>essentia</span> <span class='ocrx_word' id='word_1_84' title='bbox 664 708 706 734; x_wconf 89' lang='lat' dir='ltr'>est</span> <span class='ocrx_word' id='word_1_85' title='bbox 727 714 783 734; x_wconf 89' lang='lat' dir='ltr'>una</span> <span class='ocrx_word' id='word_1_86' title='bbox 804 714 867 735; x_wconf 90' lang='lat' dir='ltr'>res:</span> <span class='ocrx_word' id='word_1_87' title='bbox 890 714 957 743; x_wconf 74' lang='lat' dir='ltr'>ergo</span> <span class='ocrx_word' id='word_1_88' title='bbox 978 714 1035 734; x_wconf 90' lang='lat' dir='ltr'>una</span> 
     </span>
     <span class='ocr_line' id='line_1_15' title="bbox 187 752 1036 790; baseline 0.001 -10"><span class='ocrx_word' id='word_1_89' title='bbox 187 759 234 780; x_wconf 85' lang='lat' dir='ltr'>res</span> <span class='ocrx_word' id='word_1_90' title='bbox 255 754 369 788; x_wconf 82' lang='lat' dir='ltr'>generat</span> <span class='ocrx_word' id='word_1_91' title='bbox 390 759 420 780; x_wconf 89' lang='lat' dir='ltr'>se</span> <span class='ocrx_word' id='word_1_92' title='bbox 435 752 532 788; x_wconf 88' lang='lat' dir='ltr'>ipsam.</span> <span class='ocrx_word' id='word_1_93' title='bbox 555 752 702 787; x_wconf 82' lang='lat' dir='ltr'>Similiter,</span> <span class='ocrx_word' id='word_1_94' title='bbox 718 753 808 789; x_wconf 89' lang='lat' dir='ltr'>inquit</span> <span class='ocrx_word' id='word_1_95' title='bbox 822 753 942 781; x_wconf 86' lang='lat' dir='ltr'>Ioachim</span> <span class='ocrx_word' id='word_1_96' title='bbox 955 776 962 787; x_wconf 96' lang='lat'>,</span> <span class='ocrx_word' id='word_1_97' title='bbox 989 761 1036 790; x_wconf 92' lang='lat' dir='ltr'>po-</span> 
     </span>
     <span class='ocr_line' id='line_1_16' title="bbox 187 798 1034 836; baseline 0.004 -10"><span class='ocrx_word' id='word_1_98' title='bbox 187 798 264 827; x_wconf 89' lang='lat' dir='ltr'>tuisti</span> <span class='ocrx_word' id='word_1_99' title='bbox 287 799 399 832; x_wconf 79' lang='lat' dir='ltr'>dicere,</span> <span class='ocrx_word' id='word_1_100' title='bbox 422 799 514 827; x_wconf 90' lang='lat' dir='ltr'>Petre:</span> <span class='ocrx_word' id='word_1_101' title='bbox 538 799 612 827; x_wconf 92' lang='lat' dir='ltr'>Deus</span> <span class='ocrx_word' id='word_1_102' title='bbox 634 802 748 836; x_wconf 77' lang='lat' dir='ltr'>generat</span> <span class='ocrx_word' id='word_1_103' title='bbox 768 800 867 834; x_wconf 89' lang='lat' dir='ltr'>Deum,</span> <span class='ocrx_word' id='word_1_104' title='bbox 889 800 937 829; x_wconf 72' lang='lat' dir='ltr'>et²</span> <span class='ocrx_word' id='word_1_105' title='bbox 960 808 1034 829; x_wconf 91' lang='lat' dir='ltr'>unus</span> 
     </span>
     <span class='ocr_line' id='line_1_17' title="bbox 187 845 914 883; baseline 0.001 -10"><span class='ocrx_word' id='word_1_106' title='bbox 187 848 229 874; x_wconf 87' lang='lat' dir='ltr'>est</span> <span class='ocrx_word' id='word_1_107' title='bbox 250 845 339 874; x_wconf 88' lang='lat' dir='ltr'>Deus:</span> <span class='ocrx_word' id='word_1_108' title='bbox 356 853 422 882; x_wconf 79' lang='lat' dir='ltr'>ergo</span> <span class='ocrx_word' id='word_1_109' title='bbox 443 846 541 874; x_wconf 90' lang='lat' dir='ltr'>eadem</span> <span class='ocrx_word' id='word_1_110' title='bbox 563 853 608 874; x_wconf 91' lang='lat' dir='ltr'>res</span> <span class='ocrx_word' id='word_1_111' title='bbox 630 849 745 882; x_wconf 81' lang='lat' dir='ltr'>generat</span> <span class='ocrx_word' id='word_1_112' title='bbox 766 853 795 874; x_wconf 91' lang='lat' dir='ltr'>se</span> <span class='ocrx_word' id='word_1_113' title='bbox 817 846 914 883; x_wconf 89' lang='lat' dir='ltr'>ipsam.</span> 
     </span>
    </p>

    <p class='ocr_par' dir='ltr' id='par_1_8' title="bbox 181 892 1033 1445">
     <span class='ocr_line' id='line_1_18' title="bbox 266 892 1033 929; baseline 0.003 -9"><span class='ocrx_word' id='word_1_114' title='bbox 266 892 441 920; x_wconf 72' lang='lat' dir='ltr'>Rnsrounso:</span> <span class='ocrx_word' id='word_1_115' title='bbox 464 892 635 927; x_wconf 81' lang='lat' dir='ltr'>Dicendum,</span> <span class='ocrx_word' id='word_1_116' title='bbox 657 893 731 929; x_wconf 91' lang='grc'><strong>(11100</strong></span> <span class='ocrx_word' id='word_1_117' title='bbox 746 893 867 921; x_wconf 86' lang='lat' dir='ltr'>Ioachim</span> <span class='ocrx_word' id='word_1_118' title='bbox 881 901 936 922; x_wconf 92' lang='lat' dir='ltr'>non</span> <span class='ocrx_word' id='word_1_119' title='bbox 957 896 1033 922; x_wconf 88' lang='lat' dir='ltr'>recte</span> 
     </span>
     <span class='ocr_line' id='line_1_19' title="bbox 186 938 1033 977; baseline 0.004 -11"><span class='ocrx_word' id='word_1_120' title='bbox 186 938 299 975; x_wconf 82' lang='lat' dir='ltr'>arguit,</span> <span class='ocrx_word' id='word_1_121' title='bbox 314 942 341 967; x_wconf 94' lang='lat' dir='ltr'>et</span> <span class='ocrx_word' id='word_1_122' title='bbox 362 938 455 967; x_wconf 89' lang='lat' dir='ltr'>deficit</span> <span class='ocrx_word' id='word_1_123' title='bbox 476 946 528 967; x_wconf 83' lang='lat' dir='ltr'>sua</span> <span class='ocrx_word' id='word_1_124' title='bbox 548 939 634 973; x_wconf 86' lang='lat' dir='ltr'>ratio,</span> <span class='ocrx_word' id='word_1_125' title='bbox 656 939 722 976; x_wconf 89' lang='lat' dir='ltr'>quia</span> <span class='ocrx_word' id='word_1_126' title='bbox 747 947 792 968; x_wconf 91' lang='lat' dir='ltr'>res</span> <span class='ocrx_word' id='word_1_127' title='bbox 813 948 867 968; x_wconf 93' lang='lat' dir='ltr'>non</span> <span class='ocrx_word' id='word_1_128' title='bbox 896 940 1033 977; x_wconf 77' lang='lat' dir='ltr'>accipitur</span> 
     </span>
     <span class='ocr_line' id='line_1_20' title="bbox 185 985 1032 1023; baseline 0.002 -10"><span class='ocrx_word' id='word_1_129' title='bbox 185 985 378 1018; x_wconf 82' lang='lat' dir='ltr'>uniformiter,</span> <span class='ocrx_word' id='word_1_130' title='bbox 410 985 476 1022; x_wconf 86' lang='lat' dir='ltr'>quia</span> <span class='ocrx_word' id='word_1_131' title='bbox 507 993 570 1013; x_wconf 90' lang='grc'><strong>61101</strong></span> <span class='ocrx_word' id='word_1_132' title='bbox 603 985 706 1013; x_wconf 84' lang='lat' dir='ltr'>dicitur</span> <span class='ocrx_word' id='word_1_133' title='bbox 737 993 783 1014; x_wconf 91' lang='lat' dir='ltr'>res</span> <span class='ocrx_word' id='word_1_134' title='bbox 814 986 905 1023; x_wconf 86' lang='lat' dir='ltr'>primo</span> <span class='ocrx_word' id='word_1_135' title='bbox 934 986 1032 1021; x_wconf 91' lang='lat' dir='ltr'>modo,</span> 
     </span>
     <span class='ocr_line' id='line_1_21' title="bbox 184 1032 1030 1069; baseline 0.002 -9"><span class='ocrx_word' id='word_1_136' title='bbox 184 1032 223 1061; x_wconf 88' lang='lat' dir='ltr'>ihi</span> <span class='ocrx_word' id='word_1_137' title='bbox 245 1032 380 1069; x_wconf 82' lang='lat' dir='ltr'>accipitur</span> <span class='ocrx_word' id='word_1_138' title='bbox 401 1040 446 1061; x_wconf 90' lang='lat' dir='ltr'>res</span> <span class='ocrx_word' id='word_1_139' title='bbox 467 1040 565 1069; x_wconf 80' lang='lat' dir='ltr'>prore</span> <span class='ocrx_word' id='word_1_140' title='bbox 585 1036 713 1060; x_wconf 69' lang='grc'><strong>1101311106</strong></span> <span class='ocrx_word' id='word_1_141' title='bbox 720 1043 731 1066; x_wconf 91' lang='grc'><em>;</em></span> <span class='ocrx_word' id='word_1_142' title='bbox 753 1033 801 1061; x_wconf 89' lang='lat' dir='ltr'>sed</span> <span class='ocrx_word' id='word_1_143' title='bbox 820 1041 884 1062; x_wconf 88' lang='lat' dir='ltr'>cum</span> <span class='ocrx_word' id='word_1_144' title='bbox 906 1033 1008 1062; x_wconf 88' lang='lat' dir='ltr'>dicitur</span> <span class='ocrx_word' id='word_1_145' title='bbox 1021 1033 1030 1046; x_wconf 72' lang='lat'>²³</span> 
     </span>
     <span class='ocr_line' id='line_1_22' title="bbox 186 1079 1031 1116; baseline 0 -8"><span class='ocrx_word' id='word_1_146' title='bbox 186 1079 308 1108; x_wconf 89' lang='lat' dir='ltr'>secundo</span> <span class='ocrx_word' id='word_1_147' title='bbox 329 1079 428 1113; x_wconf 89' lang='lat' dir='ltr'>modo,</span> <span class='ocrx_word' id='word_1_148' title='bbox 456 1079 592 1115; x_wconf 82' lang='lat' dir='ltr'>accipitur</span> <span class='ocrx_word' id='word_1_149' title='bbox 622 1087 674 1115; x_wconf 87' lang='lat' dir='ltr'>pro</span> <span class='ocrx_word' id='word_1_150' title='bbox 706 1079 772 1116; x_wconf 72' lang='lat' dir='ltr'>ipsa</span> <span class='ocrx_word' id='word_1_151' title='bbox 792 1083 906 1108; x_wconf 67' lang='lat' dir='ltr'>natura</span> <span class='ocrx_word' id='word_1_152' title='bbox 928 1080 1031 1108; x_wconf 86' lang='lat' dir='ltr'>divina.</span> 
     </span>
     <span class='ocr_line' id='line_1_23' title="bbox 184 1125 1029 1163; baseline 0.001 -9"><span class='ocrx_word' id='word_1_153' title='bbox 184 1126 359 1163; x_wconf 77' lang='lat' dir='ltr'>Praeterea,</span> <span class='ocrx_word' id='word_1_154' title='bbox 382 1125 475 1154; x_wconf 79' lang='lat' dir='ltr'>deficit</span> <span class='ocrx_word' id='word_1_155' title='bbox 496 1126 530 1154; x_wconf 85' lang='lat' dir='ltr'>ab</span> <span class='ocrx_word' id='word_1_156' title='bbox 552 1125 748 1160; x_wconf 79' lang='lat' dir='ltr'>insufficienti,</span> <span class='ocrx_word' id='word_1_157' title='bbox 778 1126 843 1163; x_wconf 86' lang='lat' dir='ltr'>quia</span> <span class='ocrx_word' id='word_1_158' title='bbox 864 1134 918 1155; x_wconf 93' lang='lat' dir='ltr'>non</span> <span class='ocrx_word' id='word_1_159' title='bbox 941 1127 1029 1155; x_wconf 85' lang='lat' dir='ltr'>valet:</span> 
     </span>
     <span class='ocr_line' id='line_1_24' title="bbox 184 1172 1030 1210; baseline 0.001 -9"><span class='ocrx_word' id='word_1_160' title='bbox 184 1173 207 1202; x_wconf 91' lang='lat' dir='ltr'>si</span> <span class='ocrx_word' id='word_1_161' title='bbox 228 1173 334 1210; x_wconf 85' lang='lat' dir='ltr'>aliquid</span> <span class='ocrx_word' id='word_1_162' title='bbox 357 1173 459 1201; x_wconf 86' lang='lat' dir='ltr'>dicitur</span> <span class='ocrx_word' id='word_1_163' title='bbox 480 1172 515 1201; x_wconf 92' lang='lat' dir='ltr'>de</span> <span class='ocrx_word' id='word_1_164' title='bbox 536 1173 629 1210; x_wconf 85' lang='lat' dir='ltr'>aliquo</span> <span class='ocrx_word' id='word_1_165' title='bbox 642 1172 651 1186; x_wconf 66' lang='lat'><strong><em>⁴</em></strong></span> <span class='ocrx_word' id='word_1_166' title='bbox 665 1196 671 1207; x_wconf 91' lang='lat'>,</span> <span class='ocrx_word' id='word_1_167' title='bbox 686 1176 713 1201; x_wconf 91' lang='lat' dir='ltr'>et</span> <span class='ocrx_word' id='word_1_168' title='bbox 727 1181 782 1201; x_wconf 91' lang='lat' dir='ltr'>non</span> <span class='ocrx_word' id='word_1_169' title='bbox 796 1173 899 1202; x_wconf 89' lang='lat' dir='ltr'>dicitur</span> <span class='ocrx_word' id='word_1_170' title='bbox 914 1174 948 1202; x_wconf 91' lang='lat' dir='ltr'>de</span> <span class='ocrx_word' id='word_1_171' title='bbox 963 1174 1030 1208; x_wconf 86' lang='lat' dir='ltr'>alio,</span> 
     </span>
     <span class='ocr_line' id='line_1_25' title="bbox 183 1219 1030 1257; baseline 0.001 -9"><span class='ocrx_word' id='word_1_172' title='bbox 183 1220 259 1257; x_wconf 89' lang='lat' dir='ltr'>quod</span> <span class='ocrx_word' id='word_1_173' title='bbox 280 1222 395 1257; x_wconf 88' lang='lat' dir='ltr'>propter</span> <span class='ocrx_word' id='word_1_174' title='bbox 415 1220 467 1248; x_wconf 90' lang='lat' dir='ltr'>hoc</span> <span class='ocrx_word' id='word_1_175' title='bbox 488 1219 536 1247; x_wconf 87' lang='lat' dir='ltr'>illa</span> <span class='ocrx_word' id='word_1_176' title='bbox 557 1219 657 1248; x_wconf 81' lang='lat' dir='ltr'>faciant</span> <span class='ocrx_word' id='word_1_177' title='bbox 684 1227 844 1248; x_wconf 90' lang='lat' dir='ltr'>numerum.</span> <span class='ocrx_word' id='word_1_178' title='bbox 877 1220 953 1249; x_wconf 92' lang='lat' dir='ltr'>Unde</span> <span class='ocrx_word' id='word_1_179' title='bbox 975 1229 1030 1249; x_wconf 91' lang='lat' dir='ltr'>non</span> 
     </span>
     <span class='ocr_line' id='line_1_26' title="bbox 183 1266 1031 1296; baseline 0 -1"><span class='ocrx_word' id='word_1_180' title='bbox 183 1267 271 1296; x_wconf 85' lang='lat' dir='ltr'>valet:</span> <span class='ocrx_word' id='word_1_181' title='bbox 292 1267 390 1295; x_wconf 88' lang='lat' dir='ltr'>Petrus</span> <span class='ocrx_word' id='word_1_182' title='bbox 411 1269 453 1295; x_wconf 83' lang='lat' dir='ltr'>est</span> <span class='ocrx_word' id='word_1_183' title='bbox 474 1266 667 1294; x_wconf 90' lang='lat' dir='ltr'>individuum:</span> <span class='ocrx_word' id='word_1_184' title='bbox 689 1266 773 1294; x_wconf 87' lang='lat' dir='ltr'>homo</span> <span class='ocrx_word' id='word_1_185' title='bbox 795 1274 849 1294; x_wconf 93' lang='lat' dir='ltr'>non</span> <span class='ocrx_word' id='word_1_186' title='bbox 871 1269 912 1295; x_wconf 86' lang='lat' dir='ltr'>est</span> <span class='ocrx_word' id='word_1_187' title='bbox 932 1267 1031 1295; x_wconf 92' lang='lat' dir='ltr'>indivi-</span> 
     </span>
     <span class='ocr_line' id='line_1_27' title="bbox 183 1313 1029 1350; baseline -0.001 -8"><span class='ocrx_word' id='word_1_188' title='bbox 183 1314 287 1343; x_wconf 86' lang='lat' dir='ltr'>duum:</span> <span class='ocrx_word' id='word_1_189' title='bbox 309 1321 376 1350; x_wconf 80' lang='lat' dir='ltr'>ergo</span> <span class='ocrx_word' id='word_1_190' title='bbox 397 1314 494 1342; x_wconf 89' lang='lat' dir='ltr'>Petrus</span> <span class='ocrx_word' id='word_1_191' title='bbox 515 1316 542 1342; x_wconf 90' lang='lat' dir='ltr'>et</span> <span class='ocrx_word' id='word_1_192' title='bbox 564 1314 647 1342; x_wconf 87' lang='lat' dir='ltr'>homo</span> <span class='ocrx_word' id='word_1_193' title='bbox 668 1316 734 1342; x_wconf 90' lang='lat' dir='ltr'>sunt</span> <span class='ocrx_word' id='word_1_194' title='bbox 748 1314 812 1342; x_wconf 90' lang='lat' dir='ltr'>duo.</span> <span class='ocrx_word' id='word_1_195' title='bbox 829 1313 934 1342; x_wconf 85' lang='lat' dir='ltr'>Habere</span> <span class='ocrx_word' id='word_1_196' title='bbox 954 1314 1029 1342; x_wconf 91' lang='grc'><strong>601111</strong></span> 
     </span>
     <span class='ocr_line' id='line_1_28' title="bbox 181 1360 1029 1398; baseline 0.001 -10"><span class='ocrx_word' id='word_1_197' title='bbox 181 1361 381 1398; x_wconf 87' lang='lat' dir='ltr'>proprietatem</span> <span class='ocrx_word' id='word_1_198' title='bbox 402 1364 429 1389; x_wconf 91' lang='lat' dir='ltr'>et</span> <span class='ocrx_word' id='word_1_199' title='bbox 450 1368 505 1388; x_wconf 87' lang='lat' dir='ltr'>non</span> <span class='ocrx_word' id='word_1_200' title='bbox 526 1361 630 1389; x_wconf 81' lang='lat' dir='ltr'>habere</span> <span class='ocrx_word' id='word_1_201' title='bbox 662 1369 716 1389; x_wconf 95' lang='lat' dir='ltr'>non</span> <span class='ocrx_word' id='word_1_202' title='bbox 745 1360 847 1389; x_wconf 84' lang='lat' dir='ltr'>sufficit</span> <span class='ocrx_word' id='word_1_203' title='bbox 878 1360 914 1388; x_wconf 89' lang='lat' dir='ltr'>ad</span> <span class='ocrx_word' id='word_1_204' title='bbox 935 1360 1029 1389; x_wconf 86' lang='lat' dir='ltr'>distin-</span> 
     </span>
     <span class='ocr_line' id='line_1_29' title="bbox 183 1408 336 1445; baseline -0.013 -8"><span class='ocrx_word' id='word_1_205' title='bbox 183 1408 336 1445; x_wconf 80' lang='lat' dir='ltr'>guendum.</span> 
     </span>
    </p>

    <p class='ocr_par' dir='ltr' id='par_1_9' title="bbox 179 1454 1028 1678">
     <span class='ocr_line' id='line_1_30' title="bbox 259 1454 1027 1491; baseline 0.001 -9"><span class='ocrx_word' id='word_1_206' title='bbox 259 1454 299 1483; x_wconf 73' lang='lat' dir='ltr'>Ad</span> <span class='ocrx_word' id='word_1_207' title='bbox 320 1454 495 1482; x_wconf 72' lang='lat' dir='ltr'>instantiam</span> <span class='ocrx_word' id='word_1_208' title='bbox 509 1454 569 1482; x_wconf 92' lang='lat' dir='ltr'>eius</span> <span class='ocrx_word' id='word_1_209' title='bbox 590 1454 757 1489; x_wconf 86' lang='lat' dir='ltr'>dicendum,</span> <span class='ocrx_word' id='word_1_210' title='bbox 779 1455 855 1491; x_wconf 89' lang='lat' dir='ltr'>quod</span> <span class='ocrx_word' id='word_1_211' title='bbox 875 1463 931 1483; x_wconf 89' lang='lat' dir='ltr'>non</span> <span class='ocrx_word' id='word_1_212' title='bbox 952 1458 1027 1484; x_wconf 89' lang='lat' dir='ltr'>recte</span> 
     </span>
     <span class='ocr_line' id='line_1_31' title="bbox 181 1501 1028 1538; baseline -0.001 -8"><span class='ocrx_word' id='word_1_213' title='bbox 181 1501 284 1535; x_wconf 89' lang='lat' dir='ltr'>instat;</span> <span class='ocrx_word' id='word_1_214' title='bbox 305 1501 371 1538; x_wconf 89' lang='lat' dir='ltr'>quia</span> <span class='ocrx_word' id='word_1_215' title='bbox 392 1501 516 1529; x_wconf 75' lang='lat' dir='ltr'>essentia</span> <span class='ocrx_word' id='word_1_216' title='bbox 537 1504 579 1529; x_wconf 87' lang='lat' dir='ltr'>est</span> <span class='ocrx_word' id='word_1_217' title='bbox 600 1508 645 1529; x_wconf 88' lang='lat' dir='ltr'>res</span> <span class='ocrx_word' id='word_1_218' title='bbox 667 1509 723 1529; x_wconf 84' lang='lat' dir='ltr'>una</span> <span class='ocrx_word' id='word_1_219' title='bbox 745 1504 882 1538; x_wconf 81' lang='lat' dir='ltr'>quantum</span> <span class='ocrx_word' id='word_1_220' title='bbox 907 1501 942 1529; x_wconf 82' lang='lat' dir='ltr'>ad</span> <span class='ocrx_word' id='word_1_221' title='bbox 965 1509 1028 1538; x_wconf 89' lang='lat' dir='ltr'>sup-</span> 
     </span>
     <span class='ocr_line' id='line_1_32' title="bbox 179 1547 1027 1585; baseline 0 -10"><span class='ocrx_word' id='word_1_222' title='bbox 179 1548 304 1585; x_wconf 89' lang='lat' dir='ltr'>positum</span> <span class='ocrx_word' id='word_1_223' title='bbox 324 1550 351 1576; x_wconf 88' lang='lat' dir='ltr'>et</span> <span class='ocrx_word' id='word_1_224' title='bbox 373 1547 575 1584; x_wconf 67' lang='lat' dir='ltr'>significatumg</span> <span class='ocrx_word' id='word_1_225' title='bbox 597 1555 651 1575; x_wconf 92' lang='lat' dir='ltr'>non</span> <span class='ocrx_word' id='word_1_226' title='bbox 683 1547 757 1576; x_wconf 91' lang='lat' dir='ltr'>enim</span> <span class='ocrx_word' id='word_1_227' title='bbox 783 1547 914 1584; x_wconf 87' lang='lat' dir='ltr'>supponit</span> <span class='ocrx_word' id='word_1_228' title='bbox 934 1556 1027 1584; x_wconf 89' lang='lat' dir='ltr'>perso-</span> 
     </span>
     <span class='ocr_line' id='line_1_33' title="bbox 181 1594 1025 1631; baseline -0.001 -8"><span class='ocrx_word' id='word_1_229' title='bbox 181 1602 248 1628; x_wconf 72' lang='lat' dir='ltr'>nas:</span> <span class='ocrx_word' id='word_1_230' title='bbox 270 1594 319 1623; x_wconf 92' lang='lat' dir='ltr'>sed</span> <span class='ocrx_word' id='word_1_231' title='bbox 340 1594 418 1622; x_wconf 75' lang='lat' dir='ltr'>Deus</span> <span class='ocrx_word' id='word_1_232' title='bbox 432 1596 474 1622; x_wconf 90' lang='lat' dir='ltr'>est</span> <span class='ocrx_word' id='word_1_233' title='bbox 488 1601 534 1622; x_wconf 88' lang='lat' dir='ltr'>res</span> <span class='ocrx_word' id='word_1_234' title='bbox 548 1602 605 1622; x_wconf 87' lang='lat' dir='ltr'>una</span> <span class='ocrx_word' id='word_1_235' title='bbox 627 1596 764 1630; x_wconf 85' lang='lat' dir='ltr'>quantum</span> <span class='ocrx_word' id='word_1_236' title='bbox 779 1594 814 1623; x_wconf 89' lang='lat' dir='ltr'>ad</span> <span class='ocrx_word' id='word_1_237' title='bbox 829 1594 1025 1631; x_wconf 83' lang='lat' dir='ltr'>significatum,</span> 
     </span>
     <span class='ocr_line' id='line_1_34' title="bbox 181 1640 1027 1678; baseline -0.001 -8"><span class='ocrx_word' id='word_1_238' title='bbox 181 1641 230 1670; x_wconf 90' lang='lat' dir='ltr'>sed</span> <span class='ocrx_word' id='word_1_239' title='bbox 251 1641 348 1678; x_wconf 89' lang='lat' dir='ltr'>plures</span> <span class='ocrx_word' id='word_1_240' title='bbox 369 1643 506 1677; x_wconf 88' lang='lat' dir='ltr'>quantum</span> <span class='ocrx_word' id='word_1_241' title='bbox 536 1640 572 1669; x_wconf 87' lang='lat' dir='ltr'>ad</span> <span class='ocrx_word' id='word_1_242' title='bbox 603 1641 789 1677; x_wconf 87' lang='lat' dir='ltr'>suppositum.</span> <span class='ocrx_word' id='word_1_243' title='bbox 812 1641 844 1669; x_wconf 88' lang='lat' dir='ltr'>Et</span> <span class='ocrx_word' id='word_1_244' title='bbox 866 1641 928 1669; x_wconf 93' lang='lat' dir='ltr'>ideo</span> <span class='ocrx_word' id='word_1_245' title='bbox 950 1641 1027 1677; x_wconf 76' lang='lat' dir='ltr'>igno-</span> 
     </span>
    </p>
   </div>
   <div class='ocr_carea' id='block_1_7' title="bbox 42 1686 1025 1731">
    <p class='ocr_par' dir='ltr' id='par_1_10' title="bbox 42 1686 1025 1731">
     <span class='ocr_line' id='line_1_35' title="bbox 42 1686 1025 1731; baseline 0 -15"><span class='ocrx_word' id='word_1_246' title='bbox 42 1689 171 1731; x_wconf 45' lang='lat' dir='ltr'>ffiffgrfffiffi</span> <span class='ocrx_word' id='word_1_247' title='bbox 180 1690 275 1716; x_wconf 87' lang='lat' dir='ltr'>ranter</span> <span class='ocrx_word' id='word_1_248' title='bbox 286 1687 407 1716; x_wconf 89' lang='lat' dir='ltr'>Ioachim</span> <span class='ocrx_word' id='word_1_249' title='bbox 418 1687 599 1723; x_wconf 87' lang='lat' dir='ltr'>reprehendit</span> <span class='ocrx_word' id='word_1_250' title='bbox 614 1686 785 1723; x_wconf 79' lang='lat' dir='ltr'>Magistrum,</span> <span class='ocrx_word' id='word_1_251' title='bbox 801 1690 827 1716; x_wconf 90' lang='lat' dir='ltr'>et</span> <span class='ocrx_word' id='word_1_252' title='bbox 841 1688 907 1724; x_wconf 85' lang='lat' dir='ltr'>quia</span> <span class='ocrx_word' id='word_1_253' title='bbox 919 1688 938 1723; x_wconf 83' lang='lat'>⁵,</span> <span class='ocrx_word' id='word_1_254' title='bbox 960 1696 1025 1717; x_wconf 91' lang='lat' dir='ltr'>cum</span> 
     </span>
    </p>
   </div>
   <div class='ocr_carea' id='block_1_8' title="bbox 177 1733 1025 1864">
    <p class='ocr_par' dir='ltr' id='par_1_11' title="bbox 177 1733 1025 1864">
     <span class='ocr_line' id='line_1_36' title="bbox 180 1733 1025 1771; baseline 0 -8"><span class='ocrx_word' id='word_1_255' title='bbox 180 1737 253 1763; x_wconf 86' lang='lat' dir='ltr'>esset</span> <span class='ocrx_word' id='word_1_256' title='bbox 267 1734 396 1771; x_wconf 79' lang='lat' dir='ltr'>simplex,</span> <span class='ocrx_word' id='word_1_257' title='bbox 408 1742 463 1762; x_wconf 91' lang='lat' dir='ltr'>non</span> <span class='ocrx_word' id='word_1_258' title='bbox 478 1736 519 1762; x_wconf 91' lang='lat' dir='ltr'>est</span> <span class='ocrx_word' id='word_1_259' title='bbox 534 1733 673 1762; x_wconf 87' lang='lat' dir='ltr'>reveritus</span> <span class='ocrx_word' id='word_1_260' title='bbox 688 1734 859 1770; x_wconf 78' lang='lat' dir='ltr'>Magistrum,</span> <span class='ocrx_word' id='word_1_261' title='bbox 874 1734 936 1763; x_wconf 92' lang='lat' dir='ltr'>ideo</span> <span class='ocrx_word' id='word_1_262' title='bbox 951 1735 1025 1763; x_wconf 90' lang='lat' dir='ltr'>iusto</span> 
     </span>
     <span class='ocr_line' id='line_1_37' title="bbox 179 1780 1025 1810; baseline 0 0"><span class='ocrx_word' id='word_1_263' title='bbox 179 1782 229 1810; x_wconf 92' lang='lat' dir='ltr'>Dei</span> <span class='ocrx_word' id='word_1_264' title='bbox 251 1781 354 1810; x_wconf 90' lang='lat' dir='ltr'>iudicio</span> <span class='ocrx_word' id='word_1_265' title='bbox 385 1781 534 1809; x_wconf 85' lang='lat' dir='ltr'>damnatus</span> <span class='ocrx_word' id='word_1_266' title='bbox 564 1781 616 1808; x_wconf 84' lang='lat' dir='ltr'>fuit</span> <span class='ocrx_word' id='word_1_267' title='bbox 647 1780 760 1809; x_wconf 88' lang='lat' dir='ltr'>libellus</span> <span class='ocrx_word' id='word_1_268' title='bbox 781 1781 841 1809; x_wconf 87' lang='lat' dir='ltr'>eius</span> <span class='ocrx_word' id='word_1_269' title='bbox 862 1781 890 1809; x_wconf 91' lang='lat' dir='ltr'>in</span> <span class='ocrx_word' id='word_1_270' title='bbox 917 1782 1025 1810; x_wconf 89' lang='lat' dir='ltr'>Latera-</span> 
     </span>
     <span class='ocr_line' id='line_1_38' title="bbox 177 1827 923 1864; baseline -0.003 -7"><span class='ocrx_word' id='word_1_271' title='bbox 177 1829 257 1857; x_wconf 90' lang='lat' dir='ltr'>nensi</span> <span class='ocrx_word' id='word_1_272' title='bbox 278 1828 408 1862; x_wconf 85' lang='lat' dir='ltr'>Concilio,</span> <span class='ocrx_word' id='word_1_273' title='bbox 429 1830 456 1856; x_wconf 94' lang='lat' dir='ltr'>et</span> <span class='ocrx_word' id='word_1_274' title='bbox 476 1827 576 1864; x_wconf 89' lang='lat' dir='ltr'>positio</span> <span class='ocrx_word' id='word_1_275' title='bbox 598 1827 721 1864; x_wconf 80' lang='lat' dir='ltr'>Magistri</span> <span class='ocrx_word' id='word_1_276' title='bbox 742 1827 896 1864; x_wconf 89' lang='lat' dir='ltr'>approbata</span> <span class='ocrx_word' id='word_1_277' title='bbox 906 1828 923 1855; x_wconf 78' lang='lat'>⁶.</span> 
     </span>
    </p>
   </div>
   <div class='ocr_carea' id='block_1_9' title="bbox 541 1920 661 1948">
    <p class='ocr_par' dir='ltr' id='par_1_12' title="bbox 541 1920 661 1948">
     <span class='ocr_line' id='line_1_39' title="bbox 541 1920 661 1948; baseline 0 0"><span class='ocrx_word' id='word_1_278' title='bbox 541 1920 608 1948; x_wconf 78' lang='lat' dir='ltr'>DUB.</span> <span class='ocrx_word' id='word_1_279' title='bbox 630 1920 661 1948; x_wconf 89' lang='lat' dir='ltr'>V.</span> 
     </span>
    </p>
   </div>
   <div class='ocr_carea' id='block_1_10' title="bbox 175 2012 1024 2322">
    <p class='ocr_par' dir='ltr' id='par_1_13' title="bbox 175 2012 1024 2322">
     <span class='ocr_line' id='line_1_40' title="bbox 255 2012 1024 2050; baseline -0.001 -8"><span class='ocrx_word' id='word_1_280' title='bbox 255 2014 323 2043; x_wconf 88' lang='lat' dir='ltr'>Item</span> <span class='ocrx_word' id='word_1_281' title='bbox 344 2013 489 2050; x_wconf 84' lang='lat' dir='ltr'>quaeritur</span> <span class='ocrx_word' id='word_1_282' title='bbox 504 2013 539 2041; x_wconf 91' lang='lat' dir='ltr'>de</span> <span class='ocrx_word' id='word_1_283' title='bbox 554 2013 606 2042; x_wconf 89' lang='lat' dir='ltr'>hoc</span> <span class='ocrx_word' id='word_1_284' title='bbox 621 2013 696 2050; x_wconf 82' lang='lat' dir='ltr'>quod</span> <span class='ocrx_word' id='word_1_285' title='bbox 711 2012 777 2041; x_wconf 91' lang='lat' dir='ltr'>dicit</span> <span class='ocrx_word' id='word_1_286' title='bbox 792 2013 925 2042; x_wconf 90' lang='lat' dir='ltr'>Hilarius:</span> <span class='ocrx_word' id='word_1_287' title='bbox 942 2013 1024 2042; x_wconf 75' lang='lat' dir='ltr'>Nihil</span> 
     </span>
     <span class='ocr_line' id='line_1_41' title="bbox 178 2059 1021 2097; baseline -0.001 -8"><span class='ocrx_word' id='word_1_288' title='bbox 178 2060 262 2089; x_wconf 75' lang='lat' dir='ltr'>habet</span> <span class='ocrx_word' id='word_1_289' title='bbox 281 2060 387 2094; x_wconf 73' lang='lat' dir='ltr'>Filias,</span> <span class='ocrx_word' id='word_1_290' title='bbox 401 2060 462 2088; x_wconf 70' lang='grc'><strong>11131</strong></span> <span class='ocrx_word' id='word_1_291' title='bbox 474 2060 551 2097; x_wconf 72' lang='lat' dir='ltr'>qaocl</span> <span class='ocrx_word' id='word_1_292' title='bbox 571 2060 715 2088; x_wconf 70' lang='lat' dir='ltr'>nascendo</span> <span class='ocrx_word' id='word_1_293' title='bbox 731 2060 848 2096; x_wconf 79' lang='lat' dir='ltr'>accepit.</span> <span class='ocrx_word' id='word_1_294' title='bbox 871 2059 1021 2096; x_wconf 85' lang='lat' dir='ltr'>Quaeritur</span> 
     </span>
     <span class='ocr_line' id='line_1_42' title="bbox 176 2106 1021 2144; baseline -0.002 -8"><span class='ocrx_word' id='word_1_295' title='bbox 176 2115 243 2144; x_wconf 83' lang='lat' dir='ltr'>ergo</span> <span class='ocrx_word' id='word_1_296' title='bbox 264 2108 298 2136; x_wconf 90' lang='lat' dir='ltr'>de</span> <span class='ocrx_word' id='word_1_297' title='bbox 313 2107 365 2136; x_wconf 92' lang='grc'><strong>1106</strong></span> <span class='ocrx_word' id='word_1_298' title='bbox 379 2106 465 2135; x_wconf 85' lang='lat' dir='ltr'>verbo</span> <span class='ocrx_word' id='word_1_299' title='bbox 480 2106 602 2142; x_wconf 76' lang='lat' dir='ltr'>accepit,</span> <span class='ocrx_word' id='word_1_300' title='bbox 618 2108 715 2134; x_wconf 86' lang='lat' dir='ltr'>utrum</span> <span class='ocrx_word' id='word_1_301' title='bbox 731 2106 804 2134; x_wconf 87' lang='lat' dir='ltr'>dicat</span> <span class='ocrx_word' id='word_1_302' title='bbox 824 2106 1021 2135; x_wconf 72' lang='lat' dir='ltr'>substantiam</span> 
     </span>
     <span class='ocr_line' id='line_1_43' title="bbox 176 2152 1020 2190; baseline -0.002 -7"><span class='ocrx_word' id='word_1_303' title='bbox 176 2154 221 2183; x_wconf 87' lang='lat' dir='ltr'>vel</span> <span class='ocrx_word' id='word_1_304' title='bbox 242 2154 419 2182; x_wconf 76' lang='lat' dir='ltr'>relationem.</span> <span class='ocrx_word' id='word_1_305' title='bbox 435 2153 461 2181; x_wconf 87' lang='lat' dir='ltr'>Si</span> <span class='ocrx_word' id='word_1_306' title='bbox 476 2152 689 2181; x_wconf 74' lang='lat' dir='ltr'>substantiam:</span> <span class='ocrx_word' id='word_1_307' title='bbox 710 2160 776 2190; x_wconf 84' lang='lat' dir='ltr'>ergo</span> <span class='ocrx_word' id='word_1_308' title='bbox 797 2153 877 2181; x_wconf 88' lang='lat' dir='ltr'>Pater</span> <span class='ocrx_word' id='word_1_309' title='bbox 892 2153 1020 2182; x_wconf 88' lang='lat' dir='ltr'>similiter</span> 
     </span>
     <span class='ocr_line' id='line_1_44' title="bbox 176 2200 1022 2237; baseline -0.001 -8"><span class='ocrx_word' id='word_1_310' title='bbox 176 2200 297 2237; x_wconf 69' lang='lat' dir='ltr'>accepit:</span> <span class='ocrx_word' id='word_1_311' title='bbox 329 2200 351 2229; x_wconf 90' lang='lat' dir='ltr'>si</span> <span class='ocrx_word' id='word_1_312' title='bbox 373 2200 561 2228; x_wconf 74' lang='lat' dir='ltr'>relationem:</span> <span class='ocrx_word' id='word_1_313' title='bbox 583 2200 670 2236; x_wconf 83' lang='lat' dir='ltr'>ergo⁷</span> <span class='ocrx_word' id='word_1_314' title='bbox 691 2208 755 2228; x_wconf 80' lang='lat' dir='ltr'>cuin</span> <span class='ocrx_word' id='word_1_315' title='bbox 777 2200 925 2228; x_wconf 88' lang='lat' dir='ltr'>essentiam</span> <span class='ocrx_word' id='word_1_316' title='bbox 946 2208 1022 2228; x_wconf 84' lang='lat' dir='ltr'>acce-</span> 
     </span>
     <span class='ocr_line' id='line_1_45' title="bbox 175 2246 1020 2284; baseline 0 -9"><span class='ocrx_word' id='word_1_317' title='bbox 175 2247 249 2284; x_wconf 85' lang='lat' dir='ltr'>perit</span> <span class='ocrx_word' id='word_1_318' title='bbox 270 2247 368 2281; x_wconf 82' lang='lat' dir='ltr'>Filius,</span> <span class='ocrx_word' id='word_1_319' title='bbox 389 2246 509 2275; x_wconf 78' lang='lat' dir='ltr'>essentia</span> <span class='ocrx_word' id='word_1_320' title='bbox 530 2249 572 2274; x_wconf 86' lang='lat' dir='ltr'>est</span> <span class='ocrx_word' id='word_1_321' title='bbox 602 2249 728 2283; x_wconf 85' lang='lat' dir='ltr'>accepta:</span> <span class='ocrx_word' id='word_1_322' title='bbox 751 2254 817 2283; x_wconf 84' lang='lat' dir='ltr'>ergo</span> <span class='ocrx_word' id='word_1_323' title='bbox 838 2247 959 2275; x_wconf 80' lang='lat' dir='ltr'>essentia</span> <span class='ocrx_word' id='word_1_324' title='bbox 978 2255 1020 2275; x_wconf 91' lang='lat' dir='ltr'>re-</span> 
     </span>
     <span class='ocr_line' id='line_1_46' title="bbox 176 2294 275 2322; baseline -0.01 0"><span class='ocrx_word' id='word_1_325' title='bbox 176 2294 275 2322; x_wconf 86' lang='lat' dir='ltr'>fertur.</span> 
     </span>
    </p>
   </div>
   <div class='ocr_carea' id='block_1_11' title="bbox 1048 195 1070 2321">
    <p class='ocr_par' dir='ltr' id='par_1_14' title="bbox 1048 195 1070 2321">
     <span class='ocr_line' id='line_1_47' title="bbox 1048 195 1070 2321; baseline 0 0"><span class='ocrx_word' id='word_1_326' title='bbox 1048 195 1070 2321; x_wconf 95' lang='lat' dir='ltr'> </span> 
     </span>
    </p>
   </div>
   <div class='ocr_carea' id='block_1_12' title="bbox 1093 197 1942 466">
    <p class='ocr_par' dir='ltr' id='par_1_15' title="bbox 1093 197 1942 466">
     <span class='ocr_line' id='line_1_48' title="bbox 1174 197 1940 240; baseline 0.01 -15"><span class='ocrx_word' id='word_1_327' title='bbox 1174 197 1349 227; x_wconf 73' lang='lat' dir='ltr'>Rssrounsso:</span> <span class='ocrx_word' id='word_1_328' title='bbox 1372 199 1535 235; x_wconf 77' lang='lat' dir='ltr'>DIcendum,</span> <span class='ocrx_word' id='word_1_329' title='bbox 1557 202 1632 238; x_wconf 89' lang='lat' dir='ltr'>quod</span> <span class='ocrx_word' id='word_1_330' title='bbox 1647 203 1779 240; x_wconf 80' lang='lat' dir='ltr'>accipere</span> <span class='ocrx_word' id='word_1_331' title='bbox 1793 203 1860 232; x_wconf 88' lang='lat' dir='ltr'>dicit</span> <span class='ocrx_word' id='word_1_332' title='bbox 1875 204 1940 238; x_wconf 87' lang='lat' dir='ltr'>duo,</span> 
     </span>
     <span class='ocr_line' id='line_1_49' title="bbox 1095 243 1941 286; baseline 0.009 -15"><span class='ocrx_word' id='word_1_333' title='bbox 1095 243 1199 272; x_wconf 90' lang='lat' dir='ltr'>scilicet</span> <span class='ocrx_word' id='word_1_334' title='bbox 1219 243 1324 273; x_wconf 72' lang='lat' dir='ltr'>habere</span> <span class='ocrx_word' id='word_1_335' title='bbox 1344 249 1371 274; x_wconf 93' lang='lat' dir='ltr'>et</span> <span class='ocrx_word' id='word_1_336' title='bbox 1392 255 1451 275; x_wconf 78' lang='lat' dir='ltr'>esse</span> <span class='ocrx_word' id='word_1_337' title='bbox 1471 248 1506 276; x_wconf 79' lang='lat' dir='ltr'>al)</span> <span class='ocrx_word' id='word_1_338' title='bbox 1528 248 1597 283; x_wconf 77' lang='lat' dir='ltr'>alio3</span> <span class='ocrx_word' id='word_1_339' title='bbox 1620 252 1756 286; x_wconf 87' lang='lat' dir='ltr'>quantum</span> <span class='ocrx_word' id='word_1_340' title='bbox 1777 250 1813 279; x_wconf 87' lang='lat' dir='ltr'>ad</span> <span class='ocrx_word' id='word_1_341' title='bbox 1835 249 1941 279; x_wconf 64' lang='lat' dir='ltr'>scabere</span> 
     </span>
     <span class='ocr_line' id='line_1_50' title="bbox 1094 290 1942 333; baseline 0.009 -15"><span class='ocrx_word' id='word_1_342' title='bbox 1094 290 1206 327; x_wconf 82' lang='lat' dir='ltr'>respicit</span> <span class='ocrx_word' id='word_1_343' title='bbox 1227 292 1375 320; x_wconf 81' lang='lat' dir='ltr'>essentiam</span> <span class='ocrx_word' id='word_1_344' title='bbox 1383 303 1390 327; x_wconf 66' lang='lat'>5</span> <span class='ocrx_word' id='word_1_345' title='bbox 1412 293 1461 322; x_wconf 90' lang='lat' dir='ltr'>sed</span> <span class='ocrx_word' id='word_1_346' title='bbox 1483 297 1619 330; x_wconf 85' lang='lat' dir='ltr'>quantum</span> <span class='ocrx_word' id='word_1_347' title='bbox 1651 296 1686 324; x_wconf 90' lang='lat' dir='ltr'>ad</span> <span class='ocrx_word' id='word_1_348' title='bbox 1709 296 1761 325; x_wconf 94' lang='lat' dir='ltr'>hoc</span> <span class='ocrx_word' id='word_1_349' title='bbox 1792 297 1867 333; x_wconf 89' lang='lat' dir='ltr'>quod</span> <span class='ocrx_word' id='word_1_350' title='bbox 1899 300 1942 325; x_wconf 91' lang='lat' dir='ltr'>est</span> 
     </span>
     <span class='ocr_line' id='line_1_51' title="bbox 1094 337 1940 379; baseline 0.009 -15"><span class='ocrx_word' id='word_1_351' title='bbox 1094 345 1153 364; x_wconf 76' lang='lat' dir='ltr'>esse</span> <span class='ocrx_word' id='word_1_352' title='bbox 1173 337 1208 365; x_wconf 77' lang='lat' dir='ltr'>al)</span> <span class='ocrx_word' id='word_1_353' title='bbox 1236 337 1299 372; x_wconf 81' lang='lat' dir='ltr'>alio,</span> <span class='ocrx_word' id='word_1_354' title='bbox 1322 339 1435 375; x_wconf 81' lang='lat' dir='ltr'>respicit</span> <span class='ocrx_word' id='word_1_355' title='bbox 1465 347 1629 376; x_wconf 86' lang='lat' dir='ltr'>personam:</span> <span class='ocrx_word' id='word_1_356' title='bbox 1652 342 1727 371; x_wconf 90' lang='lat' dir='ltr'>unde</span> <span class='ocrx_word' id='word_1_357' title='bbox 1747 350 1798 379; x_wconf 90' lang='lat' dir='ltr'>per</span> <span class='ocrx_word' id='word_1_358' title='bbox 1820 343 1940 371; x_wconf 83' lang='lat' dir='ltr'>verbum</span> 
     </span>
     <span class='ocr_line' id='line_1_52' title="bbox 1093 383 1941 427; baseline 0.011 -17"><span class='ocrx_word' id='word_1_359' title='bbox 1093 383 1258 419; x_wconf 77' lang='lat' dir='ltr'>aecipiendi</span> <span class='ocrx_word' id='word_1_360' title='bbox 1277 384 1461 421; x_wconf 83' lang='lat' dir='ltr'>significatur,</span> <span class='ocrx_word' id='word_1_361' title='bbox 1483 387 1558 423; x_wconf 89' lang='lat' dir='ltr'>quod</span> <span class='ocrx_word' id='word_1_362' title='bbox 1573 389 1692 416; x_wconf 87' lang='lat' dir='ltr'>essentia</span> <span class='ocrx_word' id='word_1_363' title='bbox 1708 389 1828 418; x_wconf 86' lang='lat' dir='ltr'>habetur</span> <span class='ocrx_word' id='word_1_364' title='bbox 1849 398 1866 418; x_wconf 87' lang='lat' dir='ltr'>a</span> <span class='ocrx_word' id='word_1_365' title='bbox 1879 398 1941 427; x_wconf 87' lang='lat' dir='ltr'>per-</span> 
     </span>
     <span class='ocr_line' id='line_1_53' title="bbox 1093 431 1500 466; baseline 0.007 -9"><span class='ocrx_word' id='word_1_366' title='bbox 1093 437 1179 463; x_wconf 89' lang='lat' dir='ltr'>sona,</span> <span class='ocrx_word' id='word_1_367' title='bbox 1200 438 1272 466; x_wconf 87' lang='lat' dir='ltr'>quae</span> <span class='ocrx_word' id='word_1_368' title='bbox 1294 433 1335 459; x_wconf 91' lang='lat' dir='ltr'>est</span> <span class='ocrx_word' id='word_1_369' title='bbox 1357 431 1392 459; x_wconf 85' lang='lat' dir='ltr'>ab</span> <span class='ocrx_word' id='word_1_370' title='bbox 1413 432 1468 460; x_wconf 87' lang='lat' dir='ltr'>alio</span> <span class='ocrx_word' id='word_1_371' title='bbox 1481 432 1500 460; x_wconf 73' lang='lat'>⁸.</span> 
     </span>
    </p>
   </div>
   <div class='ocr_carea' id='block_1_13' title="bbox 1436 524 1578 554">
    <p class='ocr_par' dir='ltr' id='par_1_16' title="bbox 1436 524 1578 554">
     <span class='ocr_line' id='line_1_54' title="bbox 1436 524 1578 554; baseline 0.007 -2"><span class='ocrx_word' id='word_1_372' title='bbox 1436 524 1504 553; x_wconf 77' lang='lat' dir='ltr'>Dua.</span> <span class='ocrx_word' id='word_1_373' title='bbox 1536 526 1578 554; x_wconf 93' lang='lat' dir='ltr'>VI.</span> 
     </span>
    </p>
   </div>
   <div class='ocr_carea' id='block_1_14' title="bbox 1087 616 1938 1115">
    <p class='ocr_par' dir='ltr' id='par_1_17' title="bbox 1090 616 1938 795">
     <span class='ocr_line' id='line_1_55' title="bbox 1170 616 1938 656; baseline 0.009 -12"><span class='ocrx_word' id='word_1_374' title='bbox 1170 616 1237 644; x_wconf 89' lang='lat' dir='ltr'>Item</span> <span class='ocrx_word' id='word_1_375' title='bbox 1258 618 1404 654; x_wconf 85' lang='lat' dir='ltr'>quaeritur</span> <span class='ocrx_word' id='word_1_376' title='bbox 1425 618 1459 647; x_wconf 92' lang='lat' dir='ltr'>de</span> <span class='ocrx_word' id='word_1_377' title='bbox 1481 618 1533 647; x_wconf 91' lang='lat' dir='ltr'>hoc</span> <span class='ocrx_word' id='word_1_378' title='bbox 1547 620 1622 656; x_wconf 84' lang='lat' dir='ltr'>quod</span> <span class='ocrx_word' id='word_1_379' title='bbox 1644 620 1724 649; x_wconf 88' lang='lat' dir='ltr'>dicit:</span> <span class='ocrx_word' id='word_1_380' title='bbox 1748 622 1784 649; x_wconf 86' lang='lat' dir='ltr'>Et</span> <span class='ocrx_word' id='word_1_381' title='bbox 1804 622 1866 650; x_wconf 79' lang='lat' dir='ltr'>ideo</span> <span class='ocrx_word' id='word_1_382' title='bbox 1880 631 1938 651; x_wconf 84' lang='grc'><strong>11011</strong></span> 
     </span>
     <span class='ocr_line' id='line_1_56' title="bbox 1091 660 1937 703; baseline 0.009 -14"><span class='ocrx_word' id='word_1_383' title='bbox 1091 660 1222 698; x_wconf 74' lang='lat' dir='ltr'>refertur</span> <span class='ocrx_word' id='word_1_384' title='bbox 1243 663 1284 691; x_wconf 77' lang='lat' dir='ltr'>aa</span> <span class='ocrx_word' id='word_1_385' title='bbox 1304 663 1405 698; x_wconf 77' lang='lat' dir='ltr'>aliud,</span> <span class='ocrx_word' id='word_1_386' title='bbox 1428 665 1506 702; x_wconf 74' lang='lat' dir='ltr'>qaocl</span> <span class='ocrx_word' id='word_1_387' title='bbox 1527 665 1558 693; x_wconf 76' lang='lat' dir='ltr'>iu</span> <span class='ocrx_word' id='word_1_388' title='bbox 1578 674 1637 694; x_wconf 77' lang='lat' dir='ltr'>imo</span> <span class='ocrx_word' id='word_1_389' title='bbox 1652 666 1785 696; x_wconf 64' lang='lat' dir='ltr'>sab-sistit</span> <span class='ocrx_word' id='word_1_390' title='bbox 1805 677 1839 696; x_wconf 74' lang='lat' dir='ltr'>6ae</span> <span class='ocrx_word' id='word_1_391' title='bbox 1860 677 1937 703; x_wconf 75' lang='grc'><strong>11110,</strong></span> 
     </span>
     <span class='ocr_line' id='line_1_57' title="bbox 1091 709 1938 748; baseline 0.009 -12"><span class='ocrx_word' id='word_1_392' title='bbox 1091 709 1156 745; x_wconf 84' lang='lat' dir='ltr'>quia</span> <span class='ocrx_word' id='word_1_393' title='bbox 1177 709 1289 737; x_wconf 90' lang='lat' dir='ltr'>videtur</span> <span class='ocrx_word' id='word_1_394' title='bbox 1310 710 1427 745; x_wconf 86' lang='lat' dir='ltr'>falsum;</span> <span class='ocrx_word' id='word_1_395' title='bbox 1449 712 1581 748; x_wconf 88' lang='lat' dir='ltr'>quoniam</span> <span class='ocrx_word' id='word_1_396' title='bbox 1603 713 1687 742; x_wconf 91' lang='lat' dir='ltr'>Filius</span> <span class='ocrx_word' id='word_1_397' title='bbox 1709 714 1835 743; x_wconf 87' lang='lat' dir='ltr'>subsistit</span> <span class='ocrx_word' id='word_1_398' title='bbox 1855 723 1871 743; x_wconf 90' lang='lat' dir='ltr'>a</span> <span class='ocrx_word' id='word_1_399' title='bbox 1891 716 1938 744; x_wconf 88' lang='lat' dir='ltr'>Pa-</span> 
     </span>
     <span class='ocr_line' id='line_1_58' title="bbox 1090 757 1797 795; baseline 0.007 -12"><span class='ocrx_word' id='word_1_400' title='bbox 1090 758 1148 790; x_wconf 85' lang='lat' dir='ltr'>tre,</span> <span class='ocrx_word' id='word_1_401' title='bbox 1173 759 1263 784; x_wconf 86' lang='lat' dir='ltr'>tamen</span> <span class='ocrx_word' id='word_1_402' title='bbox 1284 757 1406 785; x_wconf 87' lang='lat' dir='ltr'>refertur</span> <span class='ocrx_word' id='word_1_403' title='bbox 1427 758 1463 786; x_wconf 91' lang='lat' dir='ltr'>ad</span> <span class='ocrx_word' id='word_1_404' title='bbox 1485 758 1619 795; x_wconf 87' lang='lat' dir='ltr'>Spiritum</span> <span class='ocrx_word' id='word_1_405' title='bbox 1641 761 1797 788; x_wconf 73' lang='lat' dir='ltr'>sanctum⁹.</span> 
     </span>
    </p>

    <p class='ocr_par' dir='ltr' id='par_1_18' title="bbox 1087 803 1936 1115">
     <span class='ocr_line' id='line_1_59' title="bbox 1170 803 1936 844; baseline 0.01 -14"><span class='ocrx_word' id='word_1_406' title='bbox 1170 803 1346 832; x_wconf 68' lang='lat' dir='ltr'>RESPONnsso:</span> <span class='ocrx_word' id='word_1_407' title='bbox 1370 804 1423 833; x_wconf 91' lang='lat' dir='ltr'>Hoc</span> <span class='ocrx_word' id='word_1_408' title='bbox 1444 808 1534 841; x_wconf 91' lang='lat' dir='ltr'>potest</span> <span class='ocrx_word' id='word_1_409' title='bbox 1555 805 1670 843; x_wconf 82' lang='lat' dir='ltr'>intelligi</span> <span class='ocrx_word' id='word_1_410' title='bbox 1693 807 1855 844; x_wconf 90' lang='lat' dir='ltr'>dupliciter:</span> <span class='ocrx_word' id='word_1_411' title='bbox 1878 818 1936 838; x_wconf 78' lang='lat' dir='ltr'>imo</span> 
     </span>
     <span class='ocr_line' id='line_1_60' title="bbox 1090 848 1935 889; baseline 0.009 -13"><span class='ocrx_word' id='word_1_412' title='bbox 1090 848 1191 883; x_wconf 88' lang='lat' dir='ltr'>modO,</span> <span class='ocrx_word' id='word_1_413' title='bbox 1223 850 1298 886; x_wconf 90' lang='lat' dir='ltr'>quod</span> <span class='ocrx_word' id='word_1_414' title='bbox 1328 850 1412 879; x_wconf 90' lang='lat' dir='ltr'>Filius</span> <span class='ocrx_word' id='word_1_415' title='bbox 1443 859 1498 879; x_wconf 92' lang='lat' dir='ltr'>non</span> <span class='ocrx_word' id='word_1_416' title='bbox 1530 852 1614 880; x_wconf 84' lang='lat' dir='ltr'>habet</span> <span class='ocrx_word' id='word_1_417' title='bbox 1645 856 1804 889; x_wconf 83' lang='lat' dir='ltr'>respectum</span> <span class='ocrx_word' id='word_1_418' title='bbox 1826 855 1879 883; x_wconf 92' lang='lat' dir='ltr'>nisi</span> <span class='ocrx_word' id='word_1_419' title='bbox 1900 856 1935 884; x_wconf 88' lang='lat' dir='ltr'>ad</span> 
     </span>
     <span class='ocr_line' id='line_1_61' title="bbox 1089 898 1936 937; baseline 0.008 -14"><span class='ocrx_word' id='word_1_420' title='bbox 1089 903 1174 923; x_wconf 88' lang='lat' dir='ltr'>unam</span> <span class='ocrx_word' id='word_1_421' title='bbox 1193 904 1353 932; x_wconf 72' lang='lat' dir='ltr'>personam</span> <span class='ocrx_word' id='word_1_422' title='bbox 1363 908 1374 931; x_wconf 89' lang='lat'>‚·</span> <span class='ocrx_word' id='word_1_423' title='bbox 1395 901 1422 926; x_wconf 95' lang='lat' dir='ltr'>et</span> <span class='ocrx_word' id='word_1_424' title='bbox 1443 898 1496 927; x_wconf 90' lang='lat' dir='ltr'>hoc</span> <span class='ocrx_word' id='word_1_425' title='bbox 1517 899 1681 936; x_wconf 83' lang='lat' dir='ltr'>intelligitur</span> <span class='ocrx_word' id='word_1_426' title='bbox 1704 900 1730 928; x_wconf 91' lang='lat' dir='ltr'>in</span> <span class='ocrx_word' id='word_1_427' title='bbox 1746 904 1882 937; x_wconf 88' lang='lat' dir='ltr'>quantum</span> <span class='ocrx_word' id='word_1_428' title='bbox 1898 902 1936 930; x_wconf 88' lang='lat' dir='ltr'>Fi-</span> 
     </span>
     <span class='ocr_line' id='line_1_62' title="bbox 1090 941 1935 983; baseline 0.008 -13"><span class='ocrx_word' id='word_1_429' title='bbox 1090 941 1156 977; x_wconf 81' lang='lat' dir='ltr'>lius,</span> <span class='ocrx_word' id='word_1_430' title='bbox 1173 943 1238 979; x_wconf 87' lang='lat' dir='ltr'>quia</span> <span class='ocrx_word' id='word_1_431' title='bbox 1254 944 1281 971; x_wconf 93' lang='lat' dir='ltr'>in</span> <span class='ocrx_word' id='word_1_432' title='bbox 1296 947 1432 980; x_wconf 87' lang='lat' dir='ltr'>quantum</span> <span class='ocrx_word' id='word_1_433' title='bbox 1449 945 1558 982; x_wconf 83' lang='lat' dir='ltr'>spirans</span> <span class='ocrx_word' id='word_1_434' title='bbox 1573 948 1630 980; x_wconf 89' lang='lat' dir='ltr'>est,</span> <span class='ocrx_word' id='word_1_435' title='bbox 1646 946 1768 975; x_wconf 86' lang='lat' dir='ltr'>refertur</span> <span class='ocrx_word' id='word_1_436' title='bbox 1782 948 1817 976; x_wconf 92' lang='lat' dir='ltr'>ad</span> <span class='ocrx_word' id='word_1_437' title='bbox 1833 948 1919 977; x_wconf 87' lang='lat' dir='ltr'>alium</span> <span class='ocrx_word' id='word_1_438' title='bbox 1928 960 1935 983; x_wconf 76' lang='lat'>3</span> 
     </span>
     <span class='ocr_line' id='line_1_63' title="bbox 1087 988 1936 1030; baseline 0.009 -14"><span class='ocrx_word' id='word_1_439' title='bbox 1087 988 1131 1016; x_wconf 76' lang='lat' dir='ltr'>vel</span> <span class='ocrx_word' id='word_1_440' title='bbox 1151 989 1226 1026; x_wconf 89' lang='lat' dir='ltr'>quod</span> <span class='ocrx_word' id='word_1_441' title='bbox 1247 998 1367 1027; x_wconf 89' lang='lat' dir='ltr'>persona</span> <span class='ocrx_word' id='word_1_442' title='bbox 1388 991 1446 1019; x_wconf 91' lang='lat' dir='ltr'>Filii</span> <span class='ocrx_word' id='word_1_443' title='bbox 1468 1000 1523 1020; x_wconf 94' lang='lat' dir='ltr'>non</span> <span class='ocrx_word' id='word_1_444' title='bbox 1545 993 1629 1021; x_wconf 82' lang='lat' dir='ltr'>hahet</span> <span class='ocrx_word' id='word_1_445' title='bbox 1651 997 1811 1030; x_wconf 89' lang='lat' dir='ltr'>respectum</span> <span class='ocrx_word' id='word_1_446' title='bbox 1832 995 1885 1023; x_wconf 90' lang='lat' dir='ltr'>nisi</span> <span class='ocrx_word' id='word_1_447' title='bbox 1900 995 1936 1024; x_wconf 88' lang='lat' dir='ltr'>ad</span> 
     </span>
     <span class='ocr_line' id='line_1_64' title="bbox 1088 1038 1934 1077; baseline 0.008 -14"><span class='ocrx_word' id='word_1_448' title='bbox 1088 1044 1173 1064; x_wconf 87' lang='lat' dir='ltr'>unam</span> <span class='ocrx_word' id='word_1_449' title='bbox 1194 1040 1356 1071; x_wconf 61' lang='lat' dir='ltr'>mamercum</span> <span class='ocrx_word' id='word_1_450' title='bbox 1377 1040 1404 1066; x_wconf 90' lang='lat' dir='ltr'>et</span> <span class='ocrx_word' id='word_1_451' title='bbox 1425 1038 1477 1067; x_wconf 87' lang='lat' dir='ltr'>hoc</span> <span class='ocrx_word' id='word_1_452' title='bbox 1499 1047 1597 1067; x_wconf 85' lang='lat' dir='ltr'>verum</span> <span class='ocrx_word' id='word_1_453' title='bbox 1613 1042 1664 1074; x_wconf 88' lang='lat' dir='ltr'>est,</span> <span class='ocrx_word' id='word_1_454' title='bbox 1685 1040 1752 1077; x_wconf 86' lang='lat' dir='ltr'>quia</span> <span class='ocrx_word' id='word_1_455' title='bbox 1773 1041 1858 1070; x_wconf 89' lang='lat' dir='ltr'>Filius</span> <span class='ocrx_word' id='word_1_456' title='bbox 1879 1050 1934 1070; x_wconf 90' lang='lat' dir='ltr'>non</span> 
     </span>
     <span class='ocr_line' id='line_1_65' title="bbox 1088 1082 1615 1115; baseline 0.008 -5"><span class='ocrx_word' id='word_1_457' title='bbox 1088 1082 1173 1111; x_wconf 87' lang='lat' dir='ltr'>habet</span> <span class='ocrx_word' id='word_1_458' title='bbox 1193 1083 1221 1111; x_wconf 92' lang='lat' dir='ltr'>in</span> <span class='ocrx_word' id='word_1_459' title='bbox 1242 1091 1271 1112; x_wconf 93' lang='lat' dir='ltr'>se</span> <span class='ocrx_word' id='word_1_460' title='bbox 1291 1083 1345 1112; x_wconf 91' lang='lat' dir='ltr'>nisi</span> <span class='ocrx_word' id='word_1_461' title='bbox 1366 1087 1496 1113; x_wconf 85' lang='lat' dir='ltr'>naturam</span> <span class='ocrx_word' id='word_1_462' title='bbox 1518 1086 1615 1115; x_wconf 87' lang='lat' dir='ltr'>Patris.</span> 
     </span>
    </p>
   </div>
   <div class='ocr_carea' id='block_1_15' title="bbox 1440 1178 1585 1208">
    <p class='ocr_par' dir='ltr' id='par_1_19' title="bbox 1440 1178 1585 1208">
     <span class='ocr_line' id='line_1_66' title="bbox 1440 1178 1585 1208; baseline 0 -2"><span class='ocrx_word' id='word_1_463' title='bbox 1440 1178 1508 1207; x_wconf 76' lang='lat' dir='ltr'>Dua.</span> <span class='ocrx_word' id='word_1_464' title='bbox 1531 1179 1585 1208; x_wconf 90' lang='lat' dir='ltr'>Vll.</span> 
     </span>
    </p>
   </div>
   <div class='ocr_carea' id='block_1_16' title="bbox 1081 1269 1932 1819">
    <p class='ocr_par' dir='ltr' id='par_1_20' title="bbox 1083 1269 1932 1588">
     <span class='ocr_line' id='line_1_67' title="bbox 1164 1269 1931 1309; baseline 0.008 -12"><span class='ocrx_word' id='word_1_465' title='bbox 1164 1269 1230 1298; x_wconf 88' lang='lat' dir='ltr'>Item</span> <span class='ocrx_word' id='word_1_466' title='bbox 1252 1271 1399 1307; x_wconf 88' lang='lat' dir='ltr'>quaeritur</span> <span class='ocrx_word' id='word_1_467' title='bbox 1413 1271 1447 1300; x_wconf 90' lang='lat' dir='ltr'>de</span> <span class='ocrx_word' id='word_1_468' title='bbox 1467 1272 1519 1300; x_wconf 84' lang='lat' dir='ltr'>hoc</span> <span class='ocrx_word' id='word_1_469' title='bbox 1535 1273 1609 1309; x_wconf 88' lang='lat' dir='ltr'>quod</span> <span class='ocrx_word' id='word_1_470' title='bbox 1625 1273 1709 1302; x_wconf 88' lang='lat' dir='ltr'>dicit:</span> <span class='ocrx_word' id='word_1_471' title='bbox 1732 1274 1769 1301; x_wconf 89' lang='lat' dir='ltr'>Et</span> <span class='ocrx_word' id='word_1_472' title='bbox 1787 1278 1931 1303; x_wconf 71' lang='lat' dir='ltr'>usitaram</span> 
     </span>
     <span class='ocr_line' id='line_1_68' title="bbox 1084 1317 1930 1356; baseline 0.008 -13"><span class='ocrx_word' id='word_1_473' title='bbox 1084 1324 1189 1349; x_wconf 78' lang='lat' dir='ltr'>sitam,</span> <span class='ocrx_word' id='word_1_474' title='bbox 1210 1320 1243 1344; x_wconf 83' lang='lat' dir='ltr'>at</span> <span class='ocrx_word' id='word_1_475' title='bbox 1263 1317 1305 1345; x_wconf 85' lang='lat' dir='ltr'>ita</span> <span class='ocrx_word' id='word_1_476' title='bbox 1327 1317 1435 1351; x_wconf 73' lang='lat' dir='ltr'>(licam,</span> <span class='ocrx_word' id='word_1_477' title='bbox 1456 1319 1589 1356; x_wconf 70' lang='lat' dir='ltr'>sequitat·</span> <span class='ocrx_word' id='word_1_478' title='bbox 1605 1320 1822 1349; x_wconf 74' lang='lat' dir='ltr'>indemutabilis</span> <span class='ocrx_word' id='word_1_479' title='bbox 1846 1322 1930 1350; x_wconf 74' lang='lat' dir='ltr'>Deus.</span> 
     </span>
     <span class='ocr_line' id='line_1_69' title="bbox 1084 1362 1932 1403; baseline 0.009 -14"><span class='ocrx_word' id='word_1_480' title='bbox 1084 1362 1114 1390; x_wconf 91' lang='lat' dir='ltr'>In</span> <span class='ocrx_word' id='word_1_481' title='bbox 1139 1362 1241 1391; x_wconf 89' lang='lat' dir='ltr'>divinis</span> <span class='ocrx_word' id='word_1_482' title='bbox 1262 1363 1336 1391; x_wconf 89' lang='lat' dir='ltr'>enim</span> <span class='ocrx_word' id='word_1_483' title='bbox 1358 1372 1413 1392; x_wconf 92' lang='grc'><strong>11011</strong></span> <span class='ocrx_word' id='word_1_484' title='bbox 1434 1368 1475 1393; x_wconf 88' lang='grc'>651</span> <span class='ocrx_word' id='word_1_485' title='bbox 1496 1365 1575 1402; x_wconf 89' lang='lat' dir='ltr'>prius</span> <span class='ocrx_word' id='word_1_486' title='bbox 1596 1374 1647 1395; x_wconf 90' lang='lat' dir='ltr'>nec</span> <span class='ocrx_word' id='word_1_487' title='bbox 1668 1368 1824 1403; x_wconf 79' lang='lat' dir='ltr'>posterius,</span> <span class='ocrx_word' id='word_1_488' title='bbox 1846 1371 1872 1396; x_wconf 90' lang='lat' dir='ltr'>et</span> <span class='ocrx_word' id='word_1_489' title='bbox 1894 1368 1932 1397; x_wconf 88' lang='lat' dir='ltr'>ita</span> 
     </span>
     <span class='ocr_line' id='line_1_70' title="bbox 1084 1410 1932 1451; baseline 0.007 -14"><span class='ocrx_word' id='word_1_490' title='bbox 1084 1417 1135 1437; x_wconf 91' lang='lat' dir='ltr'>nec</span> <span class='ocrx_word' id='word_1_491' title='bbox 1165 1410 1335 1446; x_wconf 85' lang='lat' dir='ltr'>praecedere</span> <span class='ocrx_word' id='word_1_492' title='bbox 1366 1419 1417 1440; x_wconf 89' lang='lat' dir='ltr'>nec</span> <span class='ocrx_word' id='word_1_493' title='bbox 1449 1412 1535 1448; x_wconf 86' lang='lat' dir='ltr'>sequi.</span> <span class='ocrx_word' id='word_1_494' title='bbox 1559 1412 1592 1440; x_wconf 78' lang='lat' dir='ltr'>Si</span> <span class='ocrx_word' id='word_1_495' title='bbox 1613 1416 1644 1440; x_wconf 81' lang='lat' dir='ltr'>ta</span> <span class='ocrx_word' id='word_1_496' title='bbox 1665 1413 1764 1447; x_wconf 62' lang='lat' dir='ltr'>(liras,</span> <span class='ocrx_word' id='word_1_497' title='bbox 1793 1415 1868 1451; x_wconf 90' lang='lat' dir='ltr'>quod</span> <span class='ocrx_word' id='word_1_498' title='bbox 1890 1418 1932 1443; x_wconf 91' lang='lat' dir='ltr'>est</span> 
     </span>
     <span class='ocr_line' id='line_1_71' title="bbox 1084 1455 1931 1498; baseline 0.007 -15"><span class='ocrx_word' id='word_1_499' title='bbox 1084 1455 1238 1484; x_wconf 90' lang='lat' dir='ltr'>secundum</span> <span class='ocrx_word' id='word_1_500' title='bbox 1260 1456 1396 1488; x_wconf 87' lang='lat' dir='ltr'>rationem</span> <span class='ocrx_word' id='word_1_501' title='bbox 1412 1458 1599 1494; x_wconf 66' lang='lat' dir='ltr'>intelligendi,</span> <span class='ocrx_word' id='word_1_502' title='bbox 1621 1460 1672 1488; x_wconf 89' lang='lat' dir='ltr'>hoc</span> <span class='ocrx_word' id='word_1_503' title='bbox 1694 1460 1763 1488; x_wconf 88' lang='lat' dir='ltr'>nihil</span> <span class='ocrx_word' id='word_1_504' title='bbox 1785 1464 1844 1495; x_wconf 83' lang='lat' dir='ltr'>est,</span> <span class='ocrx_word' id='word_1_505' title='bbox 1866 1462 1931 1498; x_wconf 85' lang='lat' dir='ltr'>quia</span> 
     </span>
     <span class='ocr_line' id='line_1_72' title="bbox 1083 1502 1928 1541; baseline 0.008 -12"><span class='ocrx_word' id='word_1_506' title='bbox 1083 1502 1158 1530; x_wconf 91' lang='lat' dir='ltr'>Deus</span> <span class='ocrx_word' id='word_1_507' title='bbox 1179 1503 1294 1539; x_wconf 82' lang='lat' dir='ltr'>gignens</span> <span class='ocrx_word' id='word_1_508' title='bbox 1322 1511 1373 1532; x_wconf 88' lang='lat' dir='ltr'>nec</span> <span class='ocrx_word' id='word_1_509' title='bbox 1394 1505 1549 1533; x_wconf 90' lang='lat' dir='ltr'>secundum</span> <span class='ocrx_word' id='word_1_510' title='bbox 1582 1514 1659 1541; x_wconf 89' lang='lat' dir='ltr'>rem,</span> <span class='ocrx_word' id='word_1_511' title='bbox 1691 1514 1742 1535; x_wconf 89' lang='lat' dir='ltr'>nec</span> <span class='ocrx_word' id='word_1_512' title='bbox 1772 1508 1928 1536; x_wconf 89' lang='lat' dir='ltr'>secundum</span> 
     </span>
     <span class='ocr_line' id='line_1_73' title="bbox 1083 1548 1581 1588; baseline 0.008 -12"><span class='ocrx_word' id='word_1_513' title='bbox 1083 1548 1255 1577; x_wconf 87' lang='lat' dir='ltr'>intellectum</span> <span class='ocrx_word' id='word_1_514' title='bbox 1286 1550 1414 1587; x_wconf 87' lang='lat' dir='ltr'>sequitur</span> <span class='ocrx_word' id='word_1_515' title='bbox 1434 1551 1541 1588; x_wconf 81' lang='lat' dir='ltr'>aliquid</span> <span class='ocrx_word' id='word_1_516' title='bbox 1554 1552 1581 1580; x_wconf 82' lang='lat'>¹⁰.</span> 
     </span>
    </p>

    <p class='ocr_par' dir='ltr' id='par_1_21' title="bbox 1081 1596 1930 1819">
     <span class='ocr_line' id='line_1_74' title="bbox 1162 1596 1929 1638; baseline 0.008 -15"><span class='ocrx_word' id='word_1_517' title='bbox 1162 1596 1341 1625; x_wconf 81' lang='lat' dir='ltr'>RESPONDEo:</span> <span class='ocrx_word' id='word_1_518' title='bbox 1364 1596 1531 1632; x_wconf 89' lang='lat' dir='ltr'>Dicendum,</span> <span class='ocrx_word' id='word_1_519' title='bbox 1553 1599 1628 1635; x_wconf 88' lang='lat' dir='ltr'>quod</span> <span class='ocrx_word' id='word_1_520' title='bbox 1641 1599 1760 1628; x_wconf 89' lang='lat' dir='ltr'>Hilarius</span> <span class='ocrx_word' id='word_1_521' title='bbox 1776 1600 1929 1638; x_wconf 89' lang='lat' dir='ltr'>improprie</span> 
     </span>
     <span class='ocr_line' id='line_1_75' title="bbox 1082 1641 1929 1681; baseline 0.007 -12"><span class='ocrx_word' id='word_1_522' title='bbox 1082 1641 1214 1678; x_wconf 90' lang='lat' dir='ltr'>loquitur,</span> <span class='ocrx_word' id='word_1_523' title='bbox 1226 1645 1253 1670; x_wconf 89' lang='lat' dir='ltr'>et</span> <span class='ocrx_word' id='word_1_524' title='bbox 1264 1642 1326 1671; x_wconf 91' lang='lat' dir='ltr'>ideo</span> <span class='ocrx_word' id='word_1_525' title='bbox 1340 1643 1418 1671; x_wconf 86' lang='lat' dir='ltr'>addit</span> <span class='ocrx_word' id='word_1_526' title='bbox 1433 1644 1706 1673; x_wconf 87' lang='lat' dir='ltr'>determinationem:</span> <span class='ocrx_word' id='word_1_527' title='bbox 1722 1646 1807 1675; x_wconf 78' lang='lat' dir='ltr'>atita</span> <span class='ocrx_word' id='word_1_528' title='bbox 1820 1647 1929 1681; x_wconf 59' lang='lat' dir='ltr'>(liccam</span> 
     </span>
     <span class='ocr_line' id='line_1_76' title="bbox 1082 1689 1930 1730; baseline 0.007 -14"><span class='ocrx_word' id='word_1_529' title='bbox 1082 1691 1109 1716; x_wconf 87' lang='lat' dir='ltr'>et</span> <span class='ocrx_word' id='word_1_530' title='bbox 1130 1691 1239 1717; x_wconf 88' lang='lat' dir='ltr'>tantum</span> <span class='ocrx_word' id='word_1_531' title='bbox 1260 1689 1322 1717; x_wconf 88' lang='lat' dir='ltr'>vult</span> <span class='ocrx_word' id='word_1_532' title='bbox 1343 1689 1437 1718; x_wconf 88' lang='lat' dir='ltr'>dicere</span> <span class='ocrx_word' id='word_1_533' title='bbox 1458 1691 1555 1728; x_wconf 73' lang='lat' dir='ltr'>sequi,</span> <span class='ocrx_word' id='word_1_534' title='bbox 1589 1695 1726 1728; x_wconf 80' lang='lat' dir='ltr'>quantum</span> <span class='ocrx_word' id='word_1_535' title='bbox 1748 1693 1930 1730; x_wconf 74' lang='lat' dir='ltr'>inseparabi-</span> 
     </span>
     <span class='ocr_line' id='line_1_77' title="bbox 1082 1735 1928 1775; baseline 0.007 -12"><span class='ocrx_word' id='word_1_536' title='bbox 1082 1735 1146 1763; x_wconf 78' lang='lat' dir='ltr'>liter</span> <span class='ocrx_word' id='word_1_537' title='bbox 1161 1736 1300 1764; x_wconf 76' lang='lat' dir='ltr'>comitari</span> <span class='ocrx_word' id='word_1_538' title='bbox 1312 1736 1333 1748; x_wconf 86' lang='lat'>¹¹</span> <span class='ocrx_word' id='word_1_539' title='bbox 1349 1739 1376 1765; x_wconf 88' lang='lat' dir='ltr'>et</span> <span class='ocrx_word' id='word_1_540' title='bbox 1391 1737 1549 1766; x_wconf 84' lang='lat' dir='ltr'>consociare</span> <span class='ocrx_word' id='word_1_541' title='bbox 1564 1741 1591 1766; x_wconf 90' lang='lat' dir='ltr'>et</span> <span class='ocrx_word' id='word_1_542' title='bbox 1606 1738 1641 1766; x_wconf 83' lang='lat' dir='ltr'>ab</span> <span class='ocrx_word' id='word_1_543' title='bbox 1656 1739 1703 1767; x_wconf 95' lang='lat' dir='ltr'>illo</span> <span class='ocrx_word' id='word_1_544' title='bbox 1718 1747 1772 1767; x_wconf 92' lang='lat' dir='ltr'>non</span> <span class='ocrx_word' id='word_1_545' title='bbox 1787 1740 1928 1775; x_wconf 86' lang='lat' dir='ltr'>recedere,</span> 
     </span>
     <span class='ocr_line' id='line_1_78' title="bbox 1081 1782 1499 1819; baseline 0.005 -10"><span class='ocrx_word' id='word_1_546' title='bbox 1081 1784 1108 1809; x_wconf 86' lang='lat' dir='ltr'>et</span> <span class='ocrx_word' id='word_1_547' title='bbox 1130 1782 1181 1810; x_wconf 88' lang='lat' dir='ltr'>hoc</span> <span class='ocrx_word' id='word_1_548' title='bbox 1202 1785 1278 1819; x_wconf 83' lang='lat' dir='ltr'>patet</span> <span class='ocrx_word' id='word_1_549' title='bbox 1298 1790 1349 1819; x_wconf 91' lang='lat' dir='ltr'>per</span> <span class='ocrx_word' id='word_1_550' title='bbox 1371 1790 1499 1819; x_wconf 87' lang='lat' dir='ltr'>sequens.</span> 
     </span>
    </p>
   </div>
   <div class='ocr_carea' id='block_1_17' title="bbox 1424 1876 1578 1906">
    <p class='ocr_par' dir='ltr' id='par_1_22' title="bbox 1424 1876 1578 1906">
     <span class='ocr_line' id='line_1_79' title="bbox 1424 1876 1578 1906; baseline 0.006 -3"><span class='ocrx_word' id='word_1_551' title='bbox 1424 1876 1491 1904; x_wconf 73' lang='lat' dir='ltr'>Dua.</span> <span class='ocrx_word' id='word_1_552' title='bbox 1514 1877 1578 1906; x_wconf 91' lang='lat' dir='ltr'>VllI.</span> 
     </span>
    </p>
   </div>
   <div class='ocr_carea' id='block_1_18' title="bbox 1075 1969 1927 2333">
    <p class='ocr_par' dir='ltr' id='par_1_23' title="bbox 1077 1969 1927 2193">
     <span class='ocr_line' id='line_1_80' title="bbox 1157 1969 1927 2010; baseline 0.005 -13"><span class='ocrx_word' id='word_1_553' title='bbox 1157 1969 1224 1997; x_wconf 89' lang='grc'><strong>11601</strong></span> <span class='ocrx_word' id='word_1_554' title='bbox 1245 1969 1392 2006; x_wconf 88' lang='lat' dir='ltr'>quaeritur</span> <span class='ocrx_word' id='word_1_555' title='bbox 1413 1969 1447 1998; x_wconf 90' lang='lat' dir='ltr'>de</span> <span class='ocrx_word' id='word_1_556' title='bbox 1468 1970 1681 2000; x_wconf 83' lang='lat' dir='ltr'>auctoritatibus</span> <span class='ocrx_word' id='word_1_557' title='bbox 1701 1971 1857 2008; x_wconf 80' lang='lat' dir='ltr'>Augustini,</span> <span class='ocrx_word' id='word_1_558' title='bbox 1873 1973 1927 2010; x_wconf 91' lang='lat' dir='ltr'>pri-</span> 
     </span>
     <span class='ocr_line' id='line_1_81' title="bbox 1079 2015 1926 2056; baseline 0.006 -13"><span class='ocrx_word' id='word_1_559' title='bbox 1079 2023 1125 2043; x_wconf 90' lang='lat' dir='ltr'>mo</span> <span class='ocrx_word' id='word_1_560' title='bbox 1157 2015 1191 2044; x_wconf 91' lang='lat' dir='ltr'>de</span> <span class='ocrx_word' id='word_1_561' title='bbox 1219 2016 1272 2044; x_wconf 89' lang='lat' dir='ltr'>hoc</span> <span class='ocrx_word' id='word_1_562' title='bbox 1306 2016 1381 2052; x_wconf 85' lang='lat' dir='ltr'>quod</span> <span class='ocrx_word' id='word_1_563' title='bbox 1413 2016 1495 2050; x_wconf 89' lang='lat' dir='ltr'>dicit,</span> <span class='ocrx_word' id='word_1_564' title='bbox 1516 2017 1591 2053; x_wconf 85' lang='lat' dir='ltr'>quod</span> <span class='ocrx_word' id='word_1_565' title='bbox 1612 2018 1691 2045; x_wconf 73' lang='lat' dir='ltr'>Deus</span> <span class='ocrx_word' id='word_1_566' title='bbox 1718 2018 1804 2046; x_wconf 71' lang='lat' dir='ltr'>semel</span> <span class='ocrx_word' id='word_1_567' title='bbox 1824 2020 1926 2056; x_wconf 69' lang='lat' dir='ltr'>gyenuit</span> 
     </span>
     <span class='ocr_line' id='line_1_82' title="bbox 1078 2061 1925 2106; baseline 0.006 -17"><span class='ocrx_word' id='word_1_568' title='bbox 1078 2061 1196 2090; x_wconf 82' lang='lat' dir='ltr'>Filiam.</span> <span class='ocrx_word' id='word_1_569' title='bbox 1219 2062 1336 2091; x_wconf 91' lang='lat' dir='ltr'>Videtur</span> <span class='ocrx_word' id='word_1_570' title='bbox 1357 2063 1430 2091; x_wconf 91' lang='lat' dir='ltr'>enim</span> <span class='ocrx_word' id='word_1_571' title='bbox 1453 2064 1525 2092; x_wconf 89' lang='lat' dir='ltr'>male</span> <span class='ocrx_word' id='word_1_572' title='bbox 1557 2064 1651 2093; x_wconf 88' lang='lat' dir='ltr'>dicere</span> <span class='ocrx_word' id='word_1_573' title='bbox 1671 2065 1776 2099; x_wconf 72' lang='grc'><strong>3611161,</strong></span> <span class='ocrx_word' id='word_1_574' title='bbox 1799 2066 1925 2106; x_wconf 27' lang='lat' dir='ltr'>quia-se-</span> 
     </span>
     <span class='ocr_line' id='line_1_83' title="bbox 1077 2108 1924 2147; baseline 0.007 -11"><span class='ocrx_word' id='word_1_575' title='bbox 1077 2108 1133 2136; x_wconf 74' lang='lat' dir='ltr'>mel</span> <span class='ocrx_word' id='word_1_576' title='bbox 1152 2109 1219 2137; x_wconf 88' lang='lat' dir='ltr'>dicit</span> <span class='ocrx_word' id='word_1_577' title='bbox 1239 2109 1477 2144; x_wconf 68' lang='lat' dir='ltr'>vicissitudinem,</span> <span class='ocrx_word' id='word_1_578' title='bbox 1499 2110 1548 2139; x_wconf 93' lang='lat' dir='ltr'>sed</span> <span class='ocrx_word' id='word_1_579' title='bbox 1563 2111 1591 2138; x_wconf 93' lang='lat' dir='ltr'>in</span> <span class='ocrx_word' id='word_1_580' title='bbox 1612 2111 1789 2147; x_wconf 79' lang='lat' dir='ltr'>generatione</span> <span class='ocrx_word' id='word_1_581' title='bbox 1810 2115 1924 2142; x_wconf 85' lang='lat' dir='ltr'>aeterna</span> 
     </span>
     <span class='ocr_line' id='line_1_84' title="bbox 1077 2155 1609 2193; baseline 0.004 -10"><span class='ocrx_word' id='word_1_582' title='bbox 1077 2155 1155 2183; x_wconf 87' lang='lat' dir='ltr'>nulla</span> <span class='ocrx_word' id='word_1_583' title='bbox 1176 2155 1250 2183; x_wconf 86' lang='lat' dir='ltr'>cadit</span> <span class='ocrx_word' id='word_1_584' title='bbox 1270 2155 1447 2185; x_wconf 90' lang='lat' dir='ltr'>vicissitudo:</span> <span class='ocrx_word' id='word_1_585' title='bbox 1470 2164 1537 2193; x_wconf 79' lang='lat' dir='ltr'>ergo</span> <span class='ocrx_word' id='word_1_586' title='bbox 1558 2159 1609 2185; x_wconf 91' lang='lat' dir='ltr'>etc.</span> 
     </span>
    </p>

    <p class='ocr_par' dir='ltr' id='par_1_24' title="bbox 1075 2202 1923 2333">
     <span class='ocr_line' id='line_1_85' title="bbox 1155 2202 1923 2241; baseline 0.007 -12"><span class='ocrx_word' id='word_1_587' title='bbox 1155 2202 1328 2231; x_wconf 68' lang='lat' dir='ltr'>Rsspounso:</span> <span class='ocrx_word' id='word_1_588' title='bbox 1351 2202 1519 2238; x_wconf 81' lang='lat' dir='ltr'>Dicendum,</span> <span class='ocrx_word' id='word_1_589' title='bbox 1535 2204 1610 2240; x_wconf 89' lang='lat' dir='ltr'>quod</span> <span class='ocrx_word' id='word_1_590' title='bbox 1624 2204 1711 2232; x_wconf 71' lang='lat' dir='ltr'>semel</span> <span class='ocrx_word' id='word_1_591' title='bbox 1723 2207 1815 2241; x_wconf 90' lang='lat' dir='ltr'>potest</span> <span class='ocrx_word' id='word_1_592' title='bbox 1829 2205 1923 2235; x_wconf 89' lang='lat' dir='ltr'>dicere</span> 
     </span>
     <span class='ocr_line' id='line_1_86' title="bbox 1077 2249 1923 2285; baseline 0.007 -10"><span class='ocrx_word' id='word_1_593' title='bbox 1077 2256 1154 2276; x_wconf 72' lang='lat' dir='ltr'>ntiae</span> <span class='ocrx_word' id='word_1_594' title='bbox 1186 2249 1337 2285; x_wconf 86' lang='lat' dir='ltr'>temporis,</span> <span class='ocrx_word' id='word_1_595' title='bbox 1368 2249 1412 2277; x_wconf 89' lang='lat' dir='ltr'>vel</span> <span class='ocrx_word' id='word_1_596' title='bbox 1443 2258 1522 2278; x_wconf 74' lang='grc'><strong>1111116</strong></span> <span class='ocrx_word' id='word_1_597' title='bbox 1550 2250 1729 2279; x_wconf 85' lang='lat' dir='ltr'>aeternitatis.</span> <span class='ocrx_word' id='word_1_598' title='bbox 1752 2251 1783 2279; x_wconf 91' lang='lat' dir='ltr'>Et</span> <span class='ocrx_word' id='word_1_599' title='bbox 1804 2251 1827 2280; x_wconf 93' lang='lat' dir='ltr'>si</span> <span class='ocrx_word' id='word_1_600' title='bbox 1848 2252 1923 2281; x_wconf 85' lang='lat' dir='ltr'>dicat</span> 
     </span>
     <span class='ocr_line' id='line_1_87' title="bbox 1075 2295 1921 2333; baseline 0.007 -12"><span class='ocrx_word' id='word_1_601' title='bbox 1075 2303 1154 2322; x_wconf 78' lang='grc'><strong>1111116</strong></span> <span class='ocrx_word' id='word_1_602' title='bbox 1175 2295 1324 2331; x_wconf 83' lang='grc'><strong>1610110115,</strong></span> <span class='ocrx_word' id='word_1_603' title='bbox 1346 2303 1410 2324; x_wconf 90' lang='grc'><strong>61101</strong></span> <span class='ocrx_word' id='word_1_604' title='bbox 1432 2299 1543 2333; x_wconf 82' lang='grc'><strong>16011105</strong></span> <span class='ocrx_word' id='word_1_605' title='bbox 1565 2297 1666 2325; x_wconf 84' lang='lat' dir='ltr'>habeat</span> <span class='ocrx_word' id='word_1_606' title='bbox 1692 2298 1804 2326; x_wconf 88' lang='lat' dir='ltr'>diversa</span> <span class='ocrx_word' id='word_1_607' title='bbox 1825 2307 1921 2333; x_wconf 76' lang='grc'><strong>1111116,</strong></span> 
     </span>
    </p>
   </div>
   <div class='ocr_carea' id='block_1_19' title="bbox 762 2385 1324 2394">
    <p class='ocr_par' dir='ltr' id='par_1_25' title="bbox 762 2385 1324 2394">
     <span class='ocr_line' id='line_1_88' title="bbox 762 2385 1324 2394; baseline 0 0"><span class='ocrx_word' id='word_1_608' title='bbox 762 2385 1324 2394; x_wconf 95' lang='lat' dir='ltr'> </span> 
     </span>
    </p>
   </div>
   <div class='ocr_carea' id='block_1_20' title="bbox 239 2448 1021 2478">
    <p class='ocr_par' dir='ltr' id='par_1_26' title="bbox 239 2448 1021 2478">
     <span class='ocr_line' id='line_1_89' title="bbox 239 2448 1021 2478; baseline 0 -6"><span class='ocrx_word' id='word_1_609' title='bbox 239 2449 246 2463; x_wconf 87' lang='lat'><strong>¹</strong></span> <span class='ocrx_word' id='word_1_610' title='bbox 265 2450 315 2472; x_wconf 83' lang='lat' dir='ltr'>Vat.</span> <span class='ocrx_word' id='word_1_611' title='bbox 332 2449 501 2477; x_wconf 78' lang='lat' dir='ltr'>refraganthus</span> <span class='ocrx_word' id='word_1_612' title='bbox 525 2455 579 2471; x_wconf 87' lang='lat' dir='ltr'>mss.</span> <span class='ocrx_word' id='word_1_613' title='bbox 598 2451 619 2471; x_wconf 88' lang='lat' dir='ltr'>et</span> <span class='ocrx_word' id='word_1_614' title='bbox 639 2448 675 2471; x_wconf 88' lang='lat' dir='ltr'>cd.</span> <span class='ocrx_word' id='word_1_615' title='bbox 695 2449 703 2470; x_wconf 49' lang='grc' dir='ltr'>Ἰ</span> <span class='ocrx_word' id='word_1_616' title='bbox 718 2467 723 2477; x_wconf 85' lang='grc'><strong>,</strong></span> <span class='ocrx_word' id='word_1_617' title='bbox 741 2450 867 2477; x_wconf 76' lang='lat' dir='ltr'>transponit</span> <span class='ocrx_word' id='word_1_618' title='bbox 884 2449 916 2472; x_wconf 83' lang='lat' dir='ltr'>ibi</span> <span class='ocrx_word' id='word_1_619' title='bbox 931 2452 984 2478; x_wconf 86' lang='lat' dir='ltr'>post</span> <span class='ocrx_word' id='word_1_620' title='bbox 999 2449 1021 2472; x_wconf 82' lang='lat' dir='ltr'>si</span> 
     </span>
    </p>
   </div>
   <div class='ocr_carea' id='block_1_21' title="bbox 174 2489 1020 2898">
    <p class='ocr_par' dir='ltr' id='par_1_27' title="bbox 175 2489 239 2511">
     <span class='ocr_line' id='line_1_90' title="bbox 175 2489 239 2511; baseline 0 0"><span class='ocrx_word' id='word_1_621' title='bbox 175 2489 239 2511; x_wconf 75' lang='lat' dir='ltr'>sunt.</span> 
     </span>
    </p>

    <p class='ocr_par' dir='ltr' id='par_1_28' title="bbox 237 2526 1018 2555">
     <span class='ocr_line' id='line_1_91' title="bbox 237 2526 1018 2555; baseline 0.003 -7"><span class='ocrx_word' id='word_1_622' title='bbox 237 2527 247 2541; x_wconf 78' lang='lat'><strong>²</strong></span> <span class='ocrx_word' id='word_1_623' title='bbox 264 2527 411 2553; x_wconf 83' lang='lat' dir='ltr'>Restituimus</span> <span class='ocrx_word' id='word_1_624' title='bbox 427 2533 454 2549; x_wconf 79' lang='lat' dir='ltr'>ex</span> <span class='ocrx_word' id='word_1_625' title='bbox 471 2526 636 2549; x_wconf 85' lang='lat' dir='ltr'>vetustioribus</span> <span class='ocrx_word' id='word_1_626' title='bbox 653 2533 707 2549; x_wconf 86' lang='lat' dir='ltr'>mss.</span> <span class='ocrx_word' id='word_1_627' title='bbox 725 2529 747 2549; x_wconf 85' lang='lat' dir='ltr'>et</span> <span class='ocrx_word' id='word_1_628' title='bbox 763 2527 800 2549; x_wconf 87' lang='lat' dir='ltr'>ed.</span> <span class='ocrx_word' id='word_1_629' title='bbox 821 2527 826 2549; x_wconf 86' lang='grc'>1</span> <span class='ocrx_word' id='word_1_630' title='bbox 843 2528 978 2555; x_wconf 84' lang='lat' dir='ltr'>particulam</span> <span class='ocrx_word' id='word_1_631' title='bbox 991 2529 1018 2550; x_wconf 80' lang='lat' dir='ltr'>el.</span> 
     </span>
    </p>

    <p class='ocr_par' dir='ltr' id='par_1_29' title="bbox 175 2565 1020 2633">
     <span class='ocr_line' id='line_1_92' title="bbox 237 2565 1020 2589; baseline 0.003 -2"><span class='ocrx_word' id='word_1_632' title='bbox 237 2565 247 2580; x_wconf 80' lang='grc'>3</span> <span class='ocrx_word' id='word_1_633' title='bbox 265 2565 430 2588; x_wconf 81' lang='lat' dir='ltr'>Substituimus</span> <span class='ocrx_word' id='word_1_634' title='bbox 447 2565 492 2587; x_wconf 85' lang='lat' dir='ltr'>fide</span> <span class='ocrx_word' id='word_1_635' title='bbox 509 2566 671 2587; x_wconf 88' lang='lat' dir='ltr'>nonnullorum</span> <span class='ocrx_word' id='word_1_636' title='bbox 689 2565 755 2587; x_wconf 86' lang='lat' dir='ltr'>codd.</span> <span class='ocrx_word' id='word_1_637' title='bbox 774 2566 853 2587; x_wconf 80' lang='lat' dir='ltr'>VXY</span> <span class='ocrx_word' id='word_1_638' title='bbox 870 2568 893 2588; x_wconf 83' lang='lat' dir='ltr'>et</span> <span class='ocrx_word' id='word_1_639' title='bbox 908 2566 944 2588; x_wconf 90' lang='lat' dir='ltr'>ed.</span> <span class='ocrx_word' id='word_1_640' title='bbox 966 2567 971 2588; x_wconf 90' lang='grc' dir='ltr'>Ι</span> <span class='ocrx_word' id='word_1_641' title='bbox 988 2566 1020 2589; x_wconf 83' lang='lat' dir='ltr'>di-</span> 
     </span>
     <span class='ocr_line' id='line_1_93' title="bbox 175 2603 437 2633; baseline -0.004 -6"><span class='ocrx_word' id='word_1_642' title='bbox 175 2603 238 2627; x_wconf 67' lang='lat' dir='ltr'>citur</span> <span class='ocrx_word' id='word_1_643' title='bbox 254 2610 297 2632; x_wconf 87' lang='lat' dir='ltr'>pro</span> <span class='ocrx_word' id='word_1_644' title='bbox 314 2603 437 2633; x_wconf 68' lang='lat' dir='ltr'>accipiam.</span> 
     </span>
    </p>

    <p class='ocr_par' dir='ltr' id='par_1_30' title="bbox 175 2642 1018 2711">
     <span class='ocr_line' id='line_1_94' title="bbox 237 2642 1018 2671; baseline 0.003 -7"><span class='ocrx_word' id='word_1_645' title='bbox 237 2643 247 2657; x_wconf 80' lang='lat'><strong>⁴</strong></span> <span class='ocrx_word' id='word_1_646' title='bbox 264 2643 314 2665; x_wconf 79' lang='lat' dir='ltr'>Vat.</span> <span class='ocrx_word' id='word_1_647' title='bbox 333 2644 410 2665; x_wconf 88' lang='lat' dir='ltr'>minus</span> <span class='ocrx_word' id='word_1_648' title='bbox 426 2642 485 2665; x_wconf 80' lang='lat' dir='ltr'>hene</span> <span class='ocrx_word' id='word_1_649' title='bbox 502 2645 523 2665; x_wconf 86' lang='lat' dir='ltr'>et</span> <span class='ocrx_word' id='word_1_650' title='bbox 541 2645 618 2665; x_wconf 84' lang='lat' dir='ltr'>contra</span> <span class='ocrx_word' id='word_1_651' title='bbox 635 2644 741 2671; x_wconf 85' lang='lat' dir='ltr'>antiquos</span> <span class='ocrx_word' id='word_1_652' title='bbox 757 2649 812 2665; x_wconf 89' lang='lat' dir='ltr'>mss.</span> <span class='ocrx_word' id='word_1_653' title='bbox 830 2649 856 2666; x_wconf 86' lang='lat' dir='ltr'>ac</span> <span class='ocrx_word' id='word_1_654' title='bbox 868 2643 904 2666; x_wconf 87' lang='lat' dir='ltr'>ed.</span> <span class='ocrx_word' id='word_1_655' title='bbox 919 2644 926 2665; x_wconf 78' lang='lat' dir='ltr'>i</span> <span class='ocrx_word' id='word_1_656' title='bbox 943 2643 1018 2667; x_wconf 79' lang='lat' dir='ltr'>altero</span> 
     </span>
     <span class='ocr_line' id='line_1_95' title="bbox 175 2681 322 2711; baseline -0.007 -7"><span class='ocrx_word' id='word_1_657' title='bbox 175 2688 217 2710; x_wconf 91' lang='lat' dir='ltr'>pro</span> <span class='ocrx_word' id='word_1_658' title='bbox 235 2681 322 2711; x_wconf 73' lang='lat' dir='ltr'>aliquo.</span> 
     </span>
    </p>

    <p class='ocr_par' dir='ltr' id='par_1_31' title="bbox 174 2719 1017 2787">
     <span class='ocr_line' id='line_1_96' title="bbox 236 2719 1017 2750; baseline 0.003 -9"><span class='ocrx_word' id='word_1_659' title='bbox 236 2720 246 2735; x_wconf 86' lang='lat'>⁵</span> <span class='ocrx_word' id='word_1_660' title='bbox 264 2721 314 2742; x_wconf 82' lang='lat' dir='ltr'>Vat.</span> <span class='ocrx_word' id='word_1_661' title='bbox 332 2722 422 2748; x_wconf 80' lang='lat' dir='ltr'>praeter</span> <span class='ocrx_word' id='word_1_662' title='bbox 439 2719 509 2742; x_wconf 80' lang='lat' dir='ltr'>sidem</span> <span class='ocrx_word' id='word_1_663' title='bbox 525 2726 578 2742; x_wconf 84' lang='lat' dir='ltr'>mss.</span> <span class='ocrx_word' id='word_1_664' title='bbox 589 2722 611 2742; x_wconf 83' lang='lat' dir='ltr'>et</span> <span class='ocrx_word' id='word_1_665' title='bbox 622 2720 657 2742; x_wconf 85' lang='lat' dir='ltr'>ed.</span> <span class='ocrx_word' id='word_1_666' title='bbox 671 2721 679 2742; x_wconf 74' lang='grc'>’1</span> <span class='ocrx_word' id='word_1_667' title='bbox 697 2721 733 2743; x_wconf 83' lang='grc'><strong>1116</strong></span> <span class='ocrx_word' id='word_1_668' title='bbox 745 2722 827 2743; x_wconf 78' lang='lat' dir='ltr'>omittit</span> <span class='ocrx_word' id='word_1_669' title='bbox 837 2720 901 2750; x_wconf 79' lang='lat' dir='ltr'>quia,</span> <span class='ocrx_word' id='word_1_670' title='bbox 915 2723 937 2743; x_wconf 90' lang='lat' dir='ltr'>et</span> <span class='ocrx_word' id='word_1_671' title='bbox 948 2722 1017 2749; x_wconf 86' lang='lat' dir='ltr'>paulo</span> 
     </span>
     <span class='ocr_line' id='line_1_97' title="bbox 174 2758 536 2787; baseline -0.003 -6"><span class='ocrx_word' id='word_1_672' title='bbox 174 2760 232 2782; x_wconf 79' lang='lat' dir='ltr'>infra</span> <span class='ocrx_word' id='word_1_673' title='bbox 249 2765 292 2787; x_wconf 90' lang='lat' dir='ltr'>pro</span> <span class='ocrx_word' id='word_1_674' title='bbox 310 2758 359 2781; x_wconf 81' lang='lat' dir='ltr'>ideo</span> <span class='ocrx_word' id='word_1_675' title='bbox 377 2760 441 2787; x_wconf 91' lang='lat' dir='ltr'>ponit</span> <span class='ocrx_word' id='word_1_676' title='bbox 458 2760 479 2781; x_wconf 77' lang='grc'>61</span> <span class='ocrx_word' id='word_1_677' title='bbox 495 2758 536 2782; x_wconf 81' lang='lat' dir='ltr'>sic.</span> 
     </span>
    </p>

    <p class='ocr_par' dir='ltr' id='par_1_32' title="bbox 237 2797 697 2826">
     <span class='ocr_line' id='line_1_98' title="bbox 237 2797 697 2826; baseline 0 -7"><span class='ocrx_word' id='word_1_678' title='bbox 237 2797 247 2812; x_wconf 73' lang='lat'>⁵</span> <span class='ocrx_word' id='word_1_679' title='bbox 264 2798 322 2820; x_wconf 87' lang='lat' dir='ltr'>Vide</span> <span class='ocrx_word' id='word_1_680' title='bbox 339 2804 409 2825; x_wconf 84' lang='lat' dir='ltr'>supra</span> <span class='ocrx_word' id='word_1_681' title='bbox 428 2804 447 2819; x_wconf 89' lang='lat' dir='ltr'>a.</span> <span class='ocrx_word' id='word_1_682' title='bbox 466 2798 486 2820; x_wconf 80' lang='grc'>1.</span> <span class='ocrx_word' id='word_1_683' title='bbox 505 2804 526 2826; x_wconf 81' lang='lat' dir='ltr'>q.</span> <span class='ocrx_word' id='word_1_684' title='bbox 547 2798 567 2820; x_wconf 83' lang='grc'>1,</span> <span class='ocrx_word' id='word_1_685' title='bbox 585 2798 697 2820; x_wconf 79' lang='lat' dir='ltr'>Scholion.</span> 
     </span>
    </p>

    <p class='ocr_par' dir='ltr' id='par_1_33' title="bbox 175 2836 1016 2898">
     <span class='ocr_line' id='line_1_99' title="bbox 237 2836 1016 2866; baseline 0.001 -8"><span class='ocrx_word' id='word_1_686' title='bbox 237 2837 247 2851; x_wconf 92' lang='lat'><strong>⁷</strong></span> <span class='ocrx_word' id='word_1_687' title='bbox 265 2837 430 2864; x_wconf 75' lang='lat' dir='ltr'>Supplevirnus</span> <span class='ocrx_word' id='word_1_688' title='bbox 446 2843 473 2858; x_wconf 82' lang='lat' dir='ltr'>ex</span> <span class='ocrx_word' id='word_1_689' title='bbox 490 2842 544 2859; x_wconf 88' lang='lat' dir='ltr'>mss.</span> <span class='ocrx_word' id='word_1_690' title='bbox 562 2839 584 2859; x_wconf 82' lang='lat' dir='ltr'>ct</span> <span class='ocrx_word' id='word_1_691' title='bbox 600 2836 636 2858; x_wconf 88' lang='lat' dir='ltr'>cd.</span> <span class='ocrx_word' id='word_1_692' title='bbox 656 2837 664 2858; x_wconf 58' lang='grc'>’1</span> <span class='ocrx_word' id='word_1_693' title='bbox 686 2842 758 2866; x_wconf 66' lang='lat' dir='ltr'>erqo,</span> <span class='ocrx_word' id='word_1_694' title='bbox 777 2837 841 2866; x_wconf 85' lang='lat' dir='ltr'>quod</span> <span class='ocrx_word' id='word_1_695' title='bbox 863 2837 913 2859; x_wconf 86' lang='lat' dir='ltr'>Vat.</span> <span class='ocrx_word' id='word_1_696' title='bbox 940 2838 1016 2860; x_wconf 85' lang='lat' dir='ltr'>minus</span> 
     </span>
     <span class='ocr_line' id='line_1_100' title="bbox 175 2875 338 2898; baseline -0.006 0"><span class='ocrx_word' id='word_1_697' title='bbox 175 2875 234 2898; x_wconf 85' lang='lat' dir='ltr'>bene</span> <span class='ocrx_word' id='word_1_698' title='bbox 251 2876 338 2898; x_wconf 84' lang='lat' dir='ltr'>omittit.</span> 
     </span>
    </p>
   </div>
   <div class='ocr_carea' id='block_1_22' title="bbox 300 2921 593 2945">
    <p class='ocr_par' dir='ltr' id='par_1_34' title="bbox 300 2921 593 2945">
     <span class='ocr_line' id='line_1_101' title="bbox 300 2921 593 2945; baseline -0.003 -1"><span class='ocrx_word' id='word_1_699' title='bbox 300 2921 324 2944; x_wconf 90' lang='lat' dir='ltr'>S.</span> <span class='ocrx_word' id='word_1_700' title='bbox 342 2922 430 2945; x_wconf 70' lang='lat' dir='ltr'>Bonae.</span> <span class='ocrx_word' id='word_1_701' title='bbox 447 2934 478 2938; x_wconf 97' lang='lat'><strong>—</strong></span> <span class='ocrx_word' id='word_1_702' title='bbox 495 2923 560 2944; x_wconf 80' lang='lat' dir='ltr'>Toni.</span> <span class='ocrx_word' id='word_1_703' title='bbox 579 2922 593 2944; x_wconf 91' lang='lat' dir='ltr'>l.</span> 
     </span>
    </p>
   </div>
   <div class='ocr_carea' id='block_1_23' title="bbox 1043 195 1070 2902">
    <p class='ocr_par' dir='ltr' id='par_1_35' title="bbox 1043 195 1070 2902">
     <span class='ocr_line' id='line_1_102' title="bbox 1043 195 1070 2902; baseline 0 0"><span class='ocrx_word' id='word_1_704' title='bbox 1043 195 1070 2902; x_wconf 95' lang='lat' dir='ltr'> </span> 
     </span>
    </p>
   </div>
   <div class='ocr_carea' id='block_1_24' title="bbox 1072 2449 1921 2944">
    <p class='ocr_par' dir='ltr' id='par_1_36' title="bbox 1075 2449 1921 2510">
     <span class='ocr_line' id='line_1_103' title="bbox 1137 2449 1921 2482; baseline 0.008 -12"><span class='ocrx_word' id='word_1_705' title='bbox 1137 2449 1147 2464; x_wconf 79' lang='lat'>⁸</span> <span class='ocrx_word' id='word_1_706' title='bbox 1164 2450 1196 2472; x_wconf 85' lang='lat' dir='ltr'>De</span> <span class='ocrx_word' id='word_1_707' title='bbox 1213 2449 1300 2472; x_wconf 84' lang='lat' dir='ltr'>eisdem</span> <span class='ocrx_word' id='word_1_708' title='bbox 1317 2450 1393 2472; x_wconf 83' lang='lat' dir='ltr'>Hilarii</span> <span class='ocrx_word' id='word_1_709' title='bbox 1416 2450 1493 2473; x_wconf 71' lang='lat' dir='ltr'>verbis</span> <span class='ocrx_word' id='word_1_710' title='bbox 1510 2451 1550 2473; x_wconf 78' lang='lat' dir='ltr'>cfr.</span> <span class='ocrx_word' id='word_1_711' title='bbox 1567 2452 1629 2474; x_wconf 78' lang='lat' dir='ltr'>Alex.</span> <span class='ocrx_word' id='word_1_712' title='bbox 1646 2452 1702 2481; x_wconf 60' lang='lat' dir='ltr'>Hal„</span> <span class='ocrx_word' id='word_1_713' title='bbox 1720 2453 1742 2474; x_wconf 82' lang='lat' dir='ltr'>S.</span> <span class='ocrx_word' id='word_1_714' title='bbox 1761 2459 1782 2481; x_wconf 88' lang='lat' dir='ltr'>p.</span> <span class='ocrx_word' id='word_1_715' title='bbox 1804 2453 1819 2475; x_wconf 92' lang='lat' dir='ltr'>l.</span> <span class='ocrx_word' id='word_1_716' title='bbox 1842 2460 1864 2482; x_wconf 85' lang='grc'>(1.</span> <span class='ocrx_word' id='word_1_717' title='bbox 1883 2453 1921 2476; x_wconf 74' lang='lat'>42.</span> 
     </span>
     <span class='ocr_line' id='line_1_104' title="bbox 1075 2488 1307 2510; baseline 0 0"><span class='ocrx_word' id='word_1_718' title='bbox 1075 2494 1106 2510; x_wconf 86' lang='lat' dir='ltr'>m.</span> <span class='ocrx_word' id='word_1_719' title='bbox 1124 2488 1145 2510; x_wconf 88' lang='grc'>3.</span> <span class='ocrx_word' id='word_1_720' title='bbox 1163 2495 1182 2510; x_wconf 85' lang='lat' dir='ltr'>a.</span> <span class='ocrx_word' id='word_1_721' title='bbox 1203 2489 1221 2510; x_wconf 81' lang='lat' dir='ltr'>l.</span> <span class='ocrx_word' id='word_1_722' title='bbox 1240 2488 1269 2510; x_wconf 84' lang='lat' dir='ltr'>ad</span> <span class='ocrx_word' id='word_1_723' title='bbox 1287 2489 1307 2510; x_wconf 83' lang='lat'>8.</span> 
     </span>
    </p>

    <p class='ocr_par' dir='ltr' id='par_1_37' title="bbox 1137 2527 1573 2552">
     <span class='ocr_line' id='line_1_105' title="bbox 1137 2527 1573 2552; baseline 0.009 -4"><span class='ocrx_word' id='word_1_724' title='bbox 1137 2527 1146 2541; x_wconf 71' lang='lat'>0</span> <span class='ocrx_word' id='word_1_725' title='bbox 1163 2527 1217 2549; x_wconf 88' lang='lat' dir='ltr'>Fide</span> <span class='ocrx_word' id='word_1_726' title='bbox 1234 2533 1288 2550; x_wconf 85' lang='lat' dir='ltr'>mss.</span> <span class='ocrx_word' id='word_1_727' title='bbox 1306 2528 1439 2550; x_wconf 84' lang='lat' dir='ltr'>addidimus</span> <span class='ocrx_word' id='word_1_728' title='bbox 1456 2529 1573 2552; x_wconf 70' lang='lat' dir='ltr'>sanctum.</span> 
     </span>
    </p>

    <p class='ocr_par' dir='ltr' id='par_1_38' title="bbox 1074 2566 1919 2629">
     <span class='ocr_line' id='line_1_106' title="bbox 1137 2566 1919 2598; baseline 0.006 -11"><span class='ocrx_word' id='word_1_729' title='bbox 1137 2566 1156 2580; x_wconf 84' lang='lat'>1⁰</span> <span class='ocrx_word' id='word_1_730' title='bbox 1173 2566 1223 2588; x_wconf 81' lang='lat' dir='ltr'>Vat.</span> <span class='ocrx_word' id='word_1_731' title='bbox 1241 2569 1319 2588; x_wconf 86' lang='lat' dir='ltr'>contra</span> <span class='ocrx_word' id='word_1_732' title='bbox 1336 2567 1448 2594; x_wconf 81' lang='lat' dir='ltr'>plurimos</span> <span class='ocrx_word' id='word_1_733' title='bbox 1465 2567 1532 2589; x_wconf 86' lang='lat' dir='ltr'>codd.</span> <span class='ocrx_word' id='word_1_734' title='bbox 1550 2570 1573 2590; x_wconf 81' lang='lat' dir='ltr'>et</span> <span class='ocrx_word' id='word_1_735' title='bbox 1595 2568 1631 2590; x_wconf 83' lang='lat' dir='ltr'>cd.</span> <span class='ocrx_word' id='word_1_736' title='bbox 1656 2569 1664 2590; x_wconf 82' lang='grc'>1</span> <span class='ocrx_word' id='word_1_737' title='bbox 1694 2568 1775 2597; x_wconf 77' lang='lat' dir='ltr'>aliud,</span> <span class='ocrx_word' id='word_1_738' title='bbox 1803 2572 1824 2592; x_wconf 85' lang='lat' dir='ltr'>et</span> <span class='ocrx_word' id='word_1_739' title='bbox 1848 2570 1919 2598; x_wconf 86' lang='lat' dir='ltr'>paulo</span> 
     </span>
     <span class='ocr_line' id='line_1_107' title="bbox 1074 2605 1586 2629; baseline 0.004 -2"><span class='ocrx_word' id='word_1_740' title='bbox 1074 2606 1131 2627; x_wconf 81' lang='lat' dir='ltr'>infra</span> <span class='ocrx_word' id='word_1_741' title='bbox 1148 2607 1225 2627; x_wconf 81' lang='lat' dir='ltr'>contra</span> <span class='ocrx_word' id='word_1_742' title='bbox 1243 2605 1337 2627; x_wconf 81' lang='lat' dir='ltr'>eosdem</span> <span class='ocrx_word' id='word_1_743' title='bbox 1355 2606 1436 2628; x_wconf 85' lang='lat' dir='ltr'>omittit</span> <span class='ocrx_word' id='word_1_744' title='bbox 1453 2605 1586 2629; x_wconf 66' lang='lat' dir='ltr'>[ltcendum.</span> 
     </span>
    </p>

    <p class='ocr_par' dir='ltr' id='par_1_39' title="bbox 1072 2643 1918 2898">
     <span class='ocr_line' id='line_1_108' title="bbox 1137 2643 1918 2674; baseline 0.005 -9"><span class='ocrx_word' id='word_1_745' title='bbox 1137 2644 1155 2658; x_wconf 77' lang='lat'>1¹</span> <span class='ocrx_word' id='word_1_746' title='bbox 1173 2644 1223 2666; x_wconf 82' lang='lat' dir='ltr'>Vat.</span> <span class='ocrx_word' id='word_1_747' title='bbox 1242 2643 1419 2667; x_wconf 71' lang='lat' dir='ltr'>communicare</span> <span class='ocrx_word' id='word_1_748' title='bbox 1430 2645 1453 2667; x_wconf 81' lang='lat' dir='ltr'>et</span> <span class='ocrx_word' id='word_1_749' title='bbox 1463 2651 1594 2668; x_wconf 75' lang='lat' dir='ltr'>consonare</span> <span class='ocrx_word' id='word_1_750' title='bbox 1600 2654 1610 2674; x_wconf 76' lang='lat'>,·</span> <span class='ocrx_word' id='word_1_751' title='bbox 1622 2646 1715 2673; x_wconf 85' lang='lat' dir='ltr'>plurimi</span> <span class='ocrx_word' id='word_1_752' title='bbox 1727 2646 1799 2669; x_wconf 87' lang='lat' dir='ltr'>Codd.</span> <span class='ocrx_word' id='word_1_753' title='bbox 1812 2652 1918 2669; x_wconf 70' lang='lat' dir='ltr'>comma-</span> 
     </span>
     <span class='ocr_line' id='line_1_109' title="bbox 1074 2683 1917 2708; baseline 0.004 -3"><span class='ocrx_word' id='word_1_754' title='bbox 1074 2683 1152 2706; x_wconf 76' lang='lat' dir='ltr'>m&#39;curi</span> <span class='ocrx_word' id='word_1_755' title='bbox 1168 2684 1189 2705; x_wconf 72' lang='lat' dir='ltr'>et</span> <span class='ocrx_word' id='word_1_756' title='bbox 1205 2689 1342 2706; x_wconf 78' lang='lat' dir='ltr'>consonare.</span> <span class='ocrx_word' id='word_1_757' title='bbox 1360 2684 1420 2706; x_wconf 81' lang='lat' dir='ltr'>Haec</span> <span class='ocrx_word' id='word_1_758' title='bbox 1437 2686 1513 2706; x_wconf 83' lang='lat' dir='ltr'>autem</span> <span class='ocrx_word' id='word_1_759' title='bbox 1531 2685 1602 2707; x_wconf 80' lang='lat' dir='ltr'>verbu</span> <span class='ocrx_word' id='word_1_760' title='bbox 1619 2686 1641 2707; x_wconf 90' lang='lat' dir='ltr'>in</span> <span class='ocrx_word' id='word_1_761' title='bbox 1660 2685 1727 2707; x_wconf 87' lang='lat' dir='ltr'>codd.</span> <span class='ocrx_word' id='word_1_762' title='bbox 1745 2685 1775 2707; x_wconf 86' lang='lat' dir='ltr'>ob</span> <span class='ocrx_word' id='word_1_763' title='bbox 1798 2685 1917 2708; x_wconf 75' lang='lat' dir='ltr'>abbrevia—</span> 
     </span>
     <span class='ocr_line' id='line_1_110' title="bbox 1074 2722 1916 2750; baseline 0.002 -7"><span class='ocrx_word' id='word_1_764' title='bbox 1074 2724 1119 2744; x_wconf 87' lang='lat' dir='ltr'>tam</span> <span class='ocrx_word' id='word_1_765' title='bbox 1137 2722 1274 2749; x_wconf 82' lang='lat' dir='ltr'>scripturam</span> <span class='ocrx_word' id='word_1_766' title='bbox 1291 2728 1360 2750; x_wconf 79' lang='lat' dir='ltr'>saepe</span> <span class='ocrx_word' id='word_1_767' title='bbox 1377 2722 1414 2744; x_wconf 83' lang='lat' dir='ltr'>vel</span> <span class='ocrx_word' id='word_1_768' title='bbox 1432 2725 1484 2745; x_wconf 83' lang='lat' dir='ltr'>sunt</span> <span class='ocrx_word' id='word_1_769' title='bbox 1501 2722 1585 2745; x_wconf 86' lang='lat' dir='ltr'>dubiae</span> <span class='ocrx_word' id='word_1_770' title='bbox 1602 2724 1704 2745; x_wconf 81' lang='lat' dir='ltr'>lectionis</span> <span class='ocrx_word' id='word_1_771' title='bbox 1723 2724 1759 2745; x_wconf 71' lang='lat' dir='ltr'>vel</span> <span class='ocrx_word' id='word_1_772' title='bbox 1772 2730 1825 2746; x_wconf 86' lang='lat' dir='ltr'>cum</span> <span class='ocrx_word' id='word_1_773' title='bbox 1837 2724 1916 2746; x_wconf 68' lang='lat' dir='ltr'>vorbis</span> 
     </span>
     <span class='ocr_line' id='line_1_111' title="bbox 1074 2761 1917 2788; baseline 0.004 -6"><span class='ocrx_word' id='word_1_774' title='bbox 1074 2761 1095 2782; x_wconf 87' lang='lat' dir='ltr'>in</span> <span class='ocrx_word' id='word_1_775' title='bbox 1113 2762 1197 2782; x_wconf 81' lang='lat' dir='ltr'>textum</span> <span class='ocrx_word' id='word_1_776' title='bbox 1216 2762 1318 2782; x_wconf 79' lang='lat' dir='ltr'>nostrum</span> <span class='ocrx_word' id='word_1_777' title='bbox 1336 2761 1434 2788; x_wconf 73' lang='lat' dir='ltr'>receptis</span> <span class='ocrx_word' id='word_1_778' title='bbox 1452 2761 1630 2783; x_wconf 76' lang='lat' dir='ltr'>contunduntur.</span> <span class='ocrx_word' id='word_1_779' title='bbox 1643 2762 1746 2784; x_wconf 82' lang='lat' dir='ltr'>Verbum</span> <span class='ocrx_word' id='word_1_780' title='bbox 1763 2762 1872 2785; x_wconf 79' lang='lat' dir='ltr'>comitari</span> <span class='ocrx_word' id='word_1_781' title='bbox 1882 2769 1917 2784; x_wconf 88' lang='grc'>16-</span> 
     </span>
     <span class='ocr_line' id='line_1_112' title="bbox 1074 2798 1913 2828; baseline 0.004 -9"><span class='ocrx_word' id='word_1_782' title='bbox 1074 2799 1178 2826; x_wconf 72' lang='grc'><strong>66100105</strong></span> <span class='ocrx_word' id='word_1_783' title='bbox 1195 2804 1221 2820; x_wconf 81' lang='lat' dir='ltr'>cx</span> <span class='ocrx_word' id='word_1_784' title='bbox 1239 2798 1274 2820; x_wconf 85' lang='grc'>60,</span> <span class='ocrx_word' id='word_1_785' title='bbox 1298 2799 1302 2819; x_wconf 99' lang='grc'>1</span> <span class='ocrx_word' id='word_1_786' title='bbox 1325 2801 1347 2821; x_wconf 86' lang='lat' dir='ltr'>et</span> <span class='ocrx_word' id='word_1_787' title='bbox 1363 2798 1498 2822; x_wconf 75' lang='lat' dir='ltr'>consociare</span> <span class='ocrx_word' id='word_1_788' title='bbox 1515 2806 1540 2821; x_wconf 81' lang='lat' dir='ltr'>cx</span> <span class='ocrx_word' id='word_1_789' title='bbox 1567 2800 1617 2822; x_wconf 90' lang='grc'><strong>600.</strong></span> <span class='ocrx_word' id='word_1_790' title='bbox 1642 2800 1665 2821; x_wconf 85' lang='grc' dir='ltr'>Ζ.</span> <span class='ocrx_word' id='word_1_791' title='bbox 1687 2800 1737 2822; x_wconf 86' lang='lat' dir='ltr'>Mox</span> <span class='ocrx_word' id='word_1_792' title='bbox 1756 2800 1804 2822; x_wconf 67' lang='lat' dir='ltr'>Vat.</span> <span class='ocrx_word' id='word_1_793' title='bbox 1826 2800 1913 2828; x_wconf 83' lang='lat' dir='ltr'>absque</span> 
     </span>
     <span class='ocr_line' id='line_1_113' title="bbox 1073 2838 1910 2868; baseline 0.002 -9"><span class='ocrx_word' id='word_1_794' title='bbox 1073 2838 1205 2859; x_wconf 79' lang='lat' dir='ltr'>auctoritate</span> <span class='ocrx_word' id='word_1_795' title='bbox 1223 2843 1277 2859; x_wconf 78' lang='lat' dir='ltr'>mss.</span> <span class='ocrx_word' id='word_1_796' title='bbox 1295 2840 1317 2859; x_wconf 87' lang='lat' dir='ltr'>et</span> <span class='ocrx_word' id='word_1_797' title='bbox 1328 2843 1366 2859; x_wconf 80' lang='lat' dir='ltr'>sex</span> <span class='ocrx_word' id='word_1_798' title='bbox 1378 2839 1506 2865; x_wconf 80' lang='lat' dir='ltr'>primarum</span> <span class='ocrx_word' id='word_1_799' title='bbox 1523 2838 1576 2860; x_wconf 87' lang='grc'><strong>600.</strong></span> <span class='ocrx_word' id='word_1_800' title='bbox 1588 2839 1609 2860; x_wconf 73' lang='lat' dir='ltr'>et</span> <span class='ocrx_word' id='word_1_801' title='bbox 1616 2844 1662 2867; x_wconf 72' lang='lat' dir='ltr'>pet·</span> <span class='ocrx_word' id='word_1_802' title='bbox 1672 2838 1715 2861; x_wconf 83' lang='lat' dir='ltr'>hoc</span> <span class='ocrx_word' id='word_1_803' title='bbox 1723 2840 1790 2868; x_wconf 78' lang='lat' dir='ltr'>patet</span> <span class='ocrx_word' id='word_1_804' title='bbox 1805 2844 1910 2868; x_wconf 78' lang='lat' dir='ltr'>sequens,</span> 
     </span>
     <span class='ocr_line' id='line_1_114' title="bbox 1072 2875 1288 2898; baseline 0 -1"><span class='ocrx_word' id='word_1_805' title='bbox 1072 2876 1113 2898; x_wconf 83' lang='grc'>560</span> <span class='ocrx_word' id='word_1_806' title='bbox 1130 2877 1206 2897; x_wconf 88' lang='grc'><strong>0110115</strong></span> <span class='ocrx_word' id='word_1_807' title='bbox 1222 2875 1288 2898; x_wconf 81' lang='lat' dir='ltr'>bene.</span> 
     </span>
    </p>

    <p class='ocr_par' dir='ltr' id='par_1_40' title="bbox 1699 2923 1723 2944">
     <span class='ocr_line' id='line_1_115' title="bbox 1699 2923 1723 2944; baseline 0 0"><span class='ocrx_word' id='word_1_808' title='bbox 1699 2923 1723 2944; x_wconf 86' lang='grc'>16</span> 
     </span>
    </p>
   </div>
  </div>
 </body>
</html>
