2253 3317
9 3160 16 3312 ώβᾈᾼᾼ

725 89 807 118 DIST.
829 89 905 119 XXII.
925 90 999 118 ΛΒΤ.
1021 89 1136 119 UNICUS
1157 90 1291 127 QUAEST.
1313 90 1354 119 Ill.
1854 90 1909 120 395

170 167 296 197 doctrina
316 166 411 204 incipit
431 174 448 195 a
469 167 581 196 sensu¹:
603 175 669 204 ergo
690 175 772 196 omne
786 175 888 196 nomen
907 167 957 196 Dei
970 175 1012 197 ae-

170 213 272 251 cipitur
292 212 448 242 secundum
469 212 582 250 aliquod
597 213 741 248 sensibile;
755 213 804 242 sed
819 213 847 242 in
861 213 919 242 Deo
932 213 1011 243 nulla

170 263 212 289 est
235 259 391 298 proprietas
421 259 560 288 sensibilis
587 260 743 289 secundum
773 261 939 295 veritatem,
961 262 1011 291 sed

171 307 262 336 solum
282 306 456 335 translative:
479 314 547 343 ergo
565 309 617 335 etc.

246 352 372 382 CONTRA:
398 353 421 380 l.
443 351 590 389 Apostolus
604 352 670 380 dicit
690 352 726 381 ad
748 352 879 390 Ephesios
900 353 982 382 tertio
990 352 1010 388 2,

29 399 286 436 Fundamenta-loquens
306 398 341 427 de
361 398 429 427 Deo:
451 399 475 426 A
499 406 554 436 quo
575 398 671 427 omnis
687 399 855 436 paternitas
875 399 907 427 in
932 399 1010 428 eaelo

168 449 194 474 et
214 446 246 473 in
266 449 348 474 terra,
367 444 556 478 nominatm·;
577 445 626 473 sed
647 445 670 473 si
690 445 843 482 paternitas
867 446 895 474 in
927 446 1010 475 terris

165 492 327 521 nominatur
347 499 364 519 a
383 490 549 528 paternitate
569 490 633 519 Dei:
656 498 723 528 ergo
740 491 815 520 Deus
835 492 968 529 proprius
983 496 1010 522 et

167 538 350 576 principalius
370 537 472 566 dicitur
486 537 565 566 Pater
579 545 664 575 quam
684 538 751 572 alia,
766 546 821 567 non
835 546 902 575 ergo
923 542 1011 568 trans-

167 585 258 614 latiVe.
287 585 341 614 Hoc
367 585 460 622 ipsum
488 584 584 614 dicunt
612 584 759 622 Dionysius
772 584 781 598 ³
813 588 841 614 et
865 585 1010 615 Damasce-

164 640 231 667 nus,
252 632 400 661 innitentes
420 631 486 660 huic
506 631 665 660 auctoritati
678 631 807 668 Apostoli.
822 631 914 669 lnquit
934 632 1007 661 enim

165 676 388 707 Damascenus⁴t
428 676 618 711 «Sciendum,
640 677 715 714 quod
735 685 791 705 non
819 680 861 706 est
881 685 897 705 a
928 677 1008 706 nobis

164 724 332 753 translatum
353 723 389 752 ad
410 723 521 752 beatam
541 723 678 752 Deitatem
699 723 873 760 paternitatis
895 727 923 752 et
941 723 1009 752 filia-

165 770 246 799 tionis
266 772 294 798 et
313 769 497 807 processionis
518 777 635 804 nomen,
657 770 729 798 sicut
749 770 787 798 ait
808 770 920 799 divinus
942 771 1009 808 Apo-

164 817 266 846 stolus:
290 817 334 845 Ex
354 825 410 854 quo
431 816 525 844 omnis
543 816 747 853 paternitasu:
769 824 836 853 ergo
856 819 908 845 eto.

242 865 268 892 2.
289 863 369 898 Item,
390 863 490 891 heatus
510 862 672 891 Ambrosius
692 863 767 898 dicit,
788 866 815 892 et
836 863 958 892 habetur
979 863 1007 892 in

164 910 288 944 littera⁵‚
309 909 384 947 quod
405 909 509 946 triplex
529 911 572 938 est
592 909 737 938 nominum
752 909 912 938 divinorum
933 910 1008 939 diffe-

164 956 266 990 rentia,
287 959 314 984 et
334 963 391 984 una
412 963 446 984 ex
470 955 525 984 illis
546 958 611 984 sunt
631 955 744 983 nomina
758 955 936 984 translativa:
951 963 1007 984 non

163 1010 231 1039 ergo
250 1002 344 1031 omnia
358 1002 492 1031 dicuntur
512 1001 683 1030 translative.

243 1048 268 1078 3.
289 1049 369 1084 Item,
384 1048 523 1086 quaedam
538 1049 671 1078 dicuntur
685 1048 720 1078 de
734 1049 803 1083 Deo,
818 1056 890 1086 quae
904 1048 1008 1078 habent

163 1096 323 1133 oppositum
353 1096 381 1124 in
412 1096 487 1124 omni
509 1098 654 1130 creatura,
682 1098 714 1124 ut
741 1096 891 1124 aeternitas
912 1098 939 1125 et
960 1096 1008 1124 im-

162 1142 295 1172 mensitas
305 1153 313 1177 3
334 1142 383 1171 sed
404 1149 506 1171 nomen
526 1142 723 1171 translativum
738 1142 891 1171 attenditur
912 1149 1008 1171 secun-

162 1188 229 1217 dum
251 1188 375 1226 aliquam
397 1188 636 1217 similitudinem⁶:
653 1196 720 1225 ergo
735 1188 800 1217 talia
821 1188 934 1216 nomina
951 1196 1007 1217 non

163 1238 228 1264 sunt
249 1235 420 1264 translativa.

240 1282 267 1310 [1.
288 1282 371 1317 116111,
402 1282 539 1319 quaedam
571 1281 704 1310 dicuntur
726 1281 760 1310 de
781 1281 853 1316 Deo,
884 1290 1006 1319 quorum

161 1327 347 1365 significatum
368 1331 410 1357 est
424 1328 537 1365 proprie
552 1328 580 1356 in
598 1327 657 1357 solo
677 1328 750 1362 Deo,
775 1331 806 1356 ut
829 1328 882 1357 hoc
903 1335 1004 1357 nomen

162 1373 268 1402 bonum
288 1376 315 1402 et
342 1374 395 1412 qui
413 1377 467 1408 est,
489 1374 579 1403 Lucae
611 1374 719 1403 decimo
749 1377 847 1402 octavo
860 1373 882 1401 ⁷:
915 1373 1004 1402 Nemo

161 1420 252 1449 bonus
272 1420 333 1449 nisi
351 1420 431 1448 solus
450 1420 536 1448 Deus.
560 1420 590 1449 Et
611 1420 781 1457 Augustinus
794 1420 804 1433 Β
825 1420 900 1455 dicit,
929 1420 1005 1457 quod

168 1467 267 1496 «solus
287 1467 362 1496 Deus
392 1474 458 1496 vere
488 1470 545 1501 est,
567 1467 649 1496 cuius
679 1467 886 1504 comparatione
911 1470 1004 1496 cetera

161 1521 215 1542 non
236 1516 336 1543 sunt».

1385 175 1595 197 CONCLUSIO.

1067 259 1133 288 Non
1153 260 1253 289 omnia
1273 260 1396 289 nomina
1416 261 1450 289 de
1472 261 1528 289 Deo
1549 261 1691 290 diezmtm·
1719 261 1907 290 translative:

1146 307 1263 344 quando
1293 307 1369 335 em'm
1389 307 1560 345 significant
1588 316 1667 342 rem,
1689 308 1774 337 euius
1799 308 1909 337 veritas

1146 356 1188 381 est
1206 352 1238 381 in
1258 353 1316 381 Deo
1337 356 1364 381 et
1383 353 1548 390 oppositum
1579 353 1611 381 in
1641 358 1796 388 ereatura,
1828 354 1908 383 nullo

1145 399 1230 428 modo
1252 398 1493 436 transferuntum
1507 400 1625 438 quando
1638 400 1808 438 siyozz‘fi'cam
1825 409 1887 429 rem
1898 424 1908 434 ‚

1145 445 1231 474 caius
1243 446 1353 474 veritas
1374 450 1414 474 est
1434 446 1466 474 in
1486 447 1544 475 Deo
1558 451 1584 475 et
1603 447 1764 476 similitudo
1779 447 1811 476 in
1828 456 1909 476 ere-a-

1145 495 1231 525 tura,
1259 491 1484 529 transferuntur
1504 493 1664 521 secundum
1679 493 1906 531 impositionem,

1146 547 1203 567 11011
1213 539 1374 567 secundum
1387 547 1450 567 rem
1457 549 1468 573 ;
1478 540 1596 577 (11101111Ζο
1608 540 1728 578 denique
1737 540 1908 578 sifflzz'fi’cant

1146 594 1224 619 rem,
1246 585 1332 614 eurus
1352 586 1462 614 veritas
1482 590 1523 614 est
1544 586 1574 614 in
1596 590 1736 615 ereatura
1761 590 1788 615 et
1818 587 1908 616 consi-

1144 631 1222 660 milis
1233 632 1403 670 proprietas
1417 632 1448 660 in
1462 632 1530 666 Deo,
1539 632 1661 670 proprie
1672 631 1905 670 transferuntm:

1994 703 2008 714 ο

1143 725 1319 754 1165601016οῑ
1342 725 1381 753 Ad
1402 725 1454 754 hoc
1476 725 1625 754 voluerunt
1654 725 1769 763 quidam
1800 726 1904 760 dicere,
1918 731 1990 750 solutio
2002 737 2047 755 quw

1063 770 1139 808 quod
1159 770 1298 808 quaedam
1320 771 1531 806 suntnomina,
1552 779 1624 808 quae
1644 772 1719 801 0605
1740 772 1791 801 51111
1821 773 1906 809 impo-

1064 817 1138 851 suit,
1159 817 1313 854 quaedam,
1334 825 1406 854 quae
1426 825 1477 846 nos
1497 817 1521 846 ei
1550 817 1743 854 imposuimus.
1766 818 1792 846 Si
1814 818 1907 855 loqua-

1064 871 1129 892 mur
1150 863 1185 892 de
1204 863 1378 898 nominibus,
1399 871 1471 901 quae
1492 864 1568 893 Deus
1588 864 1641 893 sibi
1663 865 1809 902 imposuit,
1842 873 1906 894 cum

1065 909 1125 947 ipse
1145 917 1174 938 se
1195 910 1308 947 proprie
1339 910 1493 947 intelligat,
1525 910 1687 939 huiusmodi
1708 911 1821 939 nomina
1842 914 1907 940 sunt

1063 955 1194 992 propria;
1215 958 1243 984 et
1264 955 1330 984 talia
1350 956 1483 985 dicuntur
1504 964 1566 985 esse
1587 956 1693 985 bonum
1720 960 1748 986 et
1779 957 1831 995 qui
1857 961 1905 985 est.

1064 1002 1141 1031 Unde
1171 1002 1338 1039 Dionysius⁹
1365 1003 1478 1031 videtur
1498 1003 1582 1038 velle,
1604 1003 1678 1040 quod
1704 1003 1774 1032 illud
1805 1011 1905 1032 nomen

1064 1047 1170 1076 bonum
1198 1048 1289 1077 solum
1320 1048 1356 1077 sit
1385 1049 1533 1085 proprium
1560 1052 1587 1077 et
1617 1049 1785 1087 principale:
1810 1049 1907 1078 Dama-

1064 1102 1164 1124 scenus
1176 1094 1198 1108 ¹⁰
1219 1103 1295 1130 1610,
1316 1095 1392 1132 quod
1413 1095 1483 1124 illud
1503 1104 1605 1125 nomen
1625 1097 1677 1135 qui
1696 1101 1737 1125 est
1753 1096 1844 1125 solum
1865 1100 1907 1126 est

1061 1141 1210 1178 proprium
1230 1144 1258 1170 et
1277 1141 1445 1179 principale3
1466 1145 1493 1171 et
1513 1151 1588 1172 110115
1608 1143 1725 1172 attendit
1746 1143 1774 1172 in
1795 1143 1907 1172 nomine

1062 1188 1274 1225 perfectionem,
1305 1188 1376 1217 alter
1405 1188 1625 1224 absolutionem,
1657 1192 1777 1227 uterque
1812 1193 1905 1219 tamen

1061 1235 1261 1272 proprietatem
1274 1235 1305 1262 ¹¹.
1326 1235 1352 1263 Si
1374 1238 1468 1264 autem
1499 1235 1649 1273 loquamur
1677 1235 1712 1265 de
1733 1236 1904 1270 nominibus,

1062 1289 1135 1319 quae
1154 1289 1204 1310 nos
1225 1281 1250 1310 ei
1271 1281 1473 1318 imposuimus,
1494 1282 1533 1311 sic
1548 1290 1612 1310 cum
1630 1290 1686 1311 non
1707 1290 1906 1319 cognoscamus

1062 1328 1152 1357 Deum
1173 1327 1225 1356 nisi
1247 1336 1296 1365 per
1317 1331 1474 1363 creaturas,
1494 1336 1549 1357 non
1571 1336 1636 1357 eum
1656 1329 1833 1357 nominamus
1853 1329 1905 1357 nisi

1061 1382 1112 1412 per
1133 1374 1245 1403 nomina
1269 1377 1477 1410 creaturarum3
1498 1375 1557 1404 et¹²
1578 1375 1640 1404 ideo
1669 1375 1759 1403 solum
1792 1375 1906 1404 transla-

1061 1421 1130 1455 tive,
1152 1420 1211 1449 sive
1231 1421 1297 1458 quia
1320 1421 1453 1458 proprius
1485 1424 1512 1450 et
1543 1421 1621 1458 prius
1642 1422 1810 1450 conveniunt
1831 1429 1904 1450 crea-

1061 1470 1155 1502 turae,
1169 1467 1228 1496 sive
1241 1467 1308 1504 quia
1321 1467 1401 1504 prius
1415 1467 1543 1504 imposita
1558 1470 1623 1496 sunt
1636 1471 1781 1496 creaturae
1790 1490 1797 1502 ,
1812 1475 1906 1505 quam-

1061 1513 1104 1542 vis
1124 1522 1178 1542 non
1200 1514 1333 1551 proprius
1361 1514 1527 1542 conveniant
1547 1516 1701 1542 creaturae.
1724 1514 1754 1542 Et
1775 1514 1843 1542 haec
1864 1515 1905 1542 est

941 1830 953 1841 u

248 1877 292 1901 Csr.
309 1878 407 1907 Ariston,
425 1878 440 1900 l.
457 1878 542 1901 Poster.
559 1883 579 1900 c.
598 1877 633 1900 14.
651 1878 680 1906 (c.
699 1878 758 1906 <l8.)‚
771 1878 803 1900 111.
815 1877 844 1900 (16
859 1878 940 1900 Anima
949 1880 1001 1900 text.

160 1917 196 1939 39.
216 1917 244 1945 (c.
262 1917 302 1946 8.),
313 1919 335 1939 et
347 1922 366 1939 c.
378 1916 399 1938 6.
417 1916 446 1939 de
463 1917 536 1939 Sensu
553 1919 576 1939 et
592 1916 704 1945 Sensibili‚
722 1922 764 1939 066
776 1916 848 1939 0001.
866 1916 963 1944 Metaph.
981 1921 1000 1938 c.

160 1956 180 1977 Δ1.
197 1967 229 1972 -
245 1955 296 1978 Mox
312 1955 391 1983 plures
407 1955 474 1978 codd.
491 1957 516 1977 ut
526 1955 568 1977 AS
579 1955 597 1977 T
607 1955 662 1977 WZ
679 1958 721 1977 etc.
734 1954 826 1984 aliquid
836 1960 879 1983 pro
896 1953 1000 1984 aliquod.

220 1993 231 2008 ²
247 1993 315 2016 Vers.
332 1993 375 2022 ⁴5,
392 1994 414 2016 in
431 2000 478 2022 quo
496 1996 556 2016 textu
574 1994 624 2016 Vat.
642 1999 695 2016 cum
714 1994 810 2022 Vulgata
827 1993 867 2016 Em
889 1998 935 2023 quo
958 1999 1001 2021 pro

158 2032 178 2055 A
190 2038 245 2062 quo,
257 2035 280 2055 et
296 2032 349 2055 dein
366 2032 464 2060 Vulgata
480 2031 552 2055 caelis
568 2038 612 2061 pro
629 2031 693 2056 caelo
710 2035 788 2055 contra
810 2031 878 2055 codd.
895 2034 918 2054 et
933 2032 970 2054 ed.
991 2032 997 2054 l

158 2071 255 2094 exhibet.
272 2083 304 2088 —
320 2071 390 2093 Paulo
406 2071 463 2093 infra
480 2071 531 2094 cod.
549 2071 569 2093 V
586 2070 650 2094 alius
666 2071 716 2094 loco
734 2070 791 2094 alia.

219 2109 229 2125 ³
245 2110 278 2132 De
295 2110 345 2132 Div.
361 2110 427 2132 Nom.
444 2115 464 2132 c.
482 2110 502 2132 sl.
519 2109 533 2138 S
551 2108 579 2132 4:
597 2110 662 2132 Unde
681 2111 704 2132 in
722 2110 784 2132 omni
808 2110 855 2132 sere
874 2109 1001 2138 theologica

157 2150 245 2172 actione
261 2149 402 2172 thearchiam
418 2148 526 2171 videmus
542 2148 652 2171 divinitus
672 2148 802 2177 laudatam,
829 2151 854 2171 ut
877 2148 1001 2171 monadem

156 2188 252 2217 quidem
268 2190 291 2211 et
306 2193 379 2210 unum
396 2190 491 2216 propter
505 2187 673 2215 simplicitatem
690 2190 712 2210 61
728 2188 861 2210 0011616111...
876 2189 901 2209 01
918 2188 1001 2214 1110116-

156 2229 202 2249 1601
219 2232 276 2249 vero
292 2228 387 2254 propter
403 2225 565 2248 subsistentem
581 2228 615 2248 ter
639 2225 835 2254 superessentialis
857 2225 1001 2248 fecunditatis

157 2266 327 2294 expressionem
337 2283 343 2293 ,
360 2271 387 2287 ex
404 2270 450 2293 qua
466 2265 541 2287 omnis
557 2265 680 2293 paternitas
697 2265 719 2286 in
737 2264 800 2287 caelo
816 2267 839 2287 et
854 2265 877 2286 in
895 2267 954 2286 terra
966 2267 1001 2286 est

157 2307 179 2327 et
195 2305 332 2327 nominatur.

220 2340 228 2353 ⁴
245 2341 305 2364 Lihr.
322 2342 336 2364 l.
355 2341 384 2364 de
399 2341 454 2364 Fide
470 2341 560 2364 orthod.
577 2347 596 2364 c.
615 2341 643 2363 8:
661 2341 720 2369 Quin
745 2341 801 2364 illud
818 2347 912 2370 quoque
929 2347 998 2364 nosse

156 2382 263 2408 interest,
280 2381 434 2409 paternitatis,
452 2380 565 2403 filiationis
581 2383 604 2402 et
619 2380 773 2408 processionis
793 2380 906 2403 vocabula
923 2386 968 2403 non
985 2386 999 2403 a

158 2419 223 2442 nobis
239 2419 269 2442 ad
285 2419 376 2441 beatam
392 2419 503 2442 0611616111
519 2425 570 2441 6556
586 2419 705 2447 translata,
727 2424 809 2441 verum
834 2422 913 2442 contra
937 2419 998 2442 illinc

157 2457 224 2481 nobis
247 2458 425 2486 communicata,
450 2457 648 2486 quemadmodum
664 2457 787 2485 Apostolus
803 2458 848 2480 ait:
869 2457 999 2487 Propterea

156 2496 223 2525 flecto
238 2502 317 2526 genua
332 2502 386 2519 mea
402 2495 434 2519 ad
449 2496 557 2524 Patrem,
574 2501 606 2519 σω
622 2502 668 2526 quo
685 2495 762 2519 omnis
776 2495 918 2525 paternitas.

218 2535 228 2550 ⁵
244 2535 298 2563 Hic,
316 2541 335 2557 c.
354 2535 374 2557 l.
391 2547 423 2552 —
439 2535 488 2557 Mox
506 2535 556 2557 cod.
574 2535 595 2557 V
611 2534 712 2558 illarum
729 2540 772 2563 pro
789 2540 821 2557 ea:
837 2533 892 2557 illis.

219 2574 229 2588 ⁶
245 2573 289 2597 Csr.
306 2580 377 2601 supra
393 2580 446 2602 pag.
466 2574 474 2595 =l
504 2576 556 2596 nota
574 2574 595 2596 8.

218 2613 229 2628 7
245 2613 310 2635 Vers.
329 2612 365 2635 19.
383 2612 441 2641 Quia
457 2613 498 2634 ista
520 2612 592 2635 verba
617 2613 650 2635 sic
676 2613 784 2641 leguntur
808 2612 871 2641 apud
896 2612 998 2641 Lucam,

156 2653 233 2680 ipsum
249 2652 272 2674 in
289 2654 349 2674 textu
366 2652 498 2679 citavimus,
517 2651 568 2674 licet
584 2652 605 2673 in
623 2657 678 2674 mss.
695 2654 718 2674 61
733 2651 786 2674 edd.
808 2651 920 2674 habeatur
940 2651 999 2675 Mat-

156 2689 232 2718 thaei,
254 2691 294 2718 19,
313 2689 349 2718 M,
366 2689 406 2712 ubi
423 2690 456 2712 sic
472 2690 569 2718 legitur:
588 2690 654 2713 Unus
670 2691 704 2713 est
721 2689 810 2719 bonus,
829 2690 900 2713 Deus.

218 2728 228 2744 ⁸
244 2728 305 2752 Libr.
323 2729 376 2751 VIII.
393 2728 423 2751 de
438 2728 487 2751 Civ.
504 2728 559 2756 061,
576 2734 596 2751 6.
614 2729 638 2751 ll
652 2736 658 2751 :
679 2737 690 2749 α
702 2729 750 2757 Ego
766 2735 819 2752 sum
835 2731 875 2758 qui
892 2736 959 2758 sum;
977 2733 1000 2752 et

157 2768 219 2791 dices
235 2768 286 2790 filiis
302 2768 384 2790 lsrael:
402 2767 446 2796 Qui
462 2770 496 2790 est
517 2768 579 2790 misit
602 2773 640 2790 me
657 2767 687 2790 ad
703 2774 760 2796 vos;
777 2771 888 2797 tanquam
908 2769 931 2790 in
948 2769 998 2791 eius

157 2807 327 2835 comparatione
344 2807 383 2835 qui
400 2812 456 2829 vere
472 2808 513 2834 est⁷
530 2807 584 2834 quia
601 2806 794 2829 incommutabilis
818 2809 866 2835 est,
892 2813 918 2829 66
939 2813 998 2835 (1066

157 2843 274 2867 mutabilia
291 2844 348 2867 sacta
365 2846 425 2872 sunt,
442 2849 487 2866 0011
504 2844 548 2866 sint
559 2852 579 2866 ⁹.
598 2843 704 2867 Ceterum
725 2845 765 2868 csr.
783 2844 812 2867 de
829 2845 872 2867 hoc
889 2850 958 2873 supra
976 2844 998 2867 d.

1059 1877 1111 1899 VIII.
1130 1883 1148 1899 c.
1170 1878 1187 1899 l.
1205 1876 1235 1899 lit.
1254 1877 1367 1905 MagistrI,
1386 1876 1426 1899 ubi
1443 1877 1505 1900 idem
1522 1879 1618 1900 recurrit
1640 1881 1662 1901 61
1687 1878 1827 1906 Hieronymo
1844 1880 1903 1902 61111-

1058 1914 1143 1938 buitur.

1118 1953 1129 1968 ⁹
1143 1953 1177 1976 Dc
1193 1953 1244 1976 Div.
1261 1953 1325 1976 Nom.
1343 1959 1362 1976 6.
1380 1953 1401 1976 3.
1418 1953 1432 1982 S
1451 1954 1476 1976 l:
1493 1955 1526 1976 Ac
1542 1955 1657 1983 primum,
1675 1955 1694 1977 si
1721 1955 1826 1983 videtur,
1853 1961 1902 1983 per-

1057 1992 1142 2015 fectum
1158 1995 1181 2015 et
1197 1992 1260 2021 quod
1277 1998 1357 2015 omnes
1373 1993 1413 2015 Dei
1430 1994 1586 2016 emanationes
1597 1994 1740 2020 manifestat,
1750 1994 1804 2017 boni
1818 2001 1901 2017 nomen

1057 2030 1215 2059 expendamus
1232 2030 1318 2059 (versio
1334 2030 1453 2060 Corderii).
1471 2031 1515 2054 Csr.
1533 2034 1555 2054 et
1572 2038 1591 2054 c.
1610 2032 1630 2054 4.

1120 2069 1140 2084 10
1155 2069 1215 2093 Libr.
1233 2070 1248 2092 1.
1265 2070 1295 2092 de
1311 2070 1366 2092 Fide
1382 2070 1472 2093 orthod.
1491 2076 1509 2093 c.
1533 2071 1558 2099 9,
1576 2070 1616 2093 ubi
1641 2074 1663 2094 et
1685 2072 1796 2094 rationem
1821 2072 1900 2103 addit:

1057 2108 1114 2130 Nam
1131 2110 1203 2131 totum
1219 2114 1270 2131 esse
1293 2109 1357 2131 velut
1372 2109 1511 2131 immensum
1528 2108 1646 2138 quoddam
1664 2116 1690 2132 ac
1707 2110 1774 2132 nullis
1800 2110 1901 2132 terminis

1058 2147 1177 2170 definitum
1192 2148 1303 2170 essentiae
1319 2148 1416 2176 pelagus
1433 2148 1554 2176 complexu
1570 2154 1612 2170 suo
1629 2149 1678 2176 ipse
1695 2149 1800 2171 continet.
1823 2160 1854 2165 —-
1870 2149 1901 2171 Ex

1057 2185 1105 2208 sere
1121 2185 1229 2208 omnibus
1244 2185 1411 2214 antiquioribus
1429 2192 1482 2209 mss.
1500 2189 1522 2209 et
1538 2186 1574 2209 ed.
1596 2187 1601 2208 1
1623 2187 1784 2215 supplevimus
1802 2188 1898 2215 particu—

1059 2225 1104 2247 lam
1120 2230 1183 2248 vero.

1120 2262 1137 2277 ¹¹
1156 2263 1209 2285 Aliis
1226 2262 1315 2292 verbis,
1333 2263 1454 2291 Dionysius
1470 2265 1492 2286 in
1510 2265 1602 2286 nomine
1619 2263 1707 2287 bonum
1729 2264 1823 2287 attendit
1841 2264 1900 2287 divi-

1056 2308 1113 2324 num
1128 2308 1191 2330 esse,
1203 2304 1316 2331 quatenus
1327 2303 1349 2324 in
1360 2308 1385 2324 se
1396 2302 1575 2331 completissime
1586 2303 1684 2325 existens
1696 2305 1731 2325 est
1742 2309 1811 2326 causa
1823 2304 1898 2325 omnia

1056 2341 1254 2369 comprehendens
1270 2341 1318 2363 sive
1334 2342 1438 2363 omnium
1455 2342 1594 2369 principium
1610 2343 1633 2363 et
1654 2341 1712 2363 finis.
1732 2341 1788 2363 Nam
1810 2341 1898 2364 bonum

1056 2385 1083 2402 ex
1099 2382 1180 2402 natura
1195 2385 1236 2401 sua
1253 2382 1287 2401 est
1303 2379 1437 2402 dissusivum
1453 2380 1489 2402 sui
1507 2381 1612 2408 tenetque
1635 2381 1746 2402 rationem
1764 2380 1830 2408 finis;
1850 2387 1900 2408 per·

1056 2419 1140 2441 sectum
1156 2420 1232 2440 autem
1249 2420 1283 2440 est
1300 2418 1355 2440 illud
1380 2417 1443 2447 quod
1460 2419 1537 2441 0111016
1560 2418 1704 2446 praehabens
1729 2421 1803 2447 potest
1825 2419 1900 2441 facere

1054 2457 1098 2480 sibi
1115 2457 1188 2480 simile
1205 2457 1254 2486 (cfr.
1271 2457 1314 2479 loc.
1331 2457 1367 2479 cit.
1384 2463 1403 2479 c.
1422 2456 1443 2479 4.
1460 2459 1482 2479 61
1499 2457 1553 2486 Γ13.).
1575 2457 1731 2479 Damasccnus
1748 2463 1804 2480 vcro
1822 2458 1843 2480 in
1861 2463 1898 2479 no-

1056 2497 1117 2518 mine
1134 2495 1181 2524 Qui
1195 2497 1229 2519 est
1244 2495 1373 2518 considerat
1389 2495 1495 2518 divinum
1511 2502 1562 2518 esse
1583 2495 1713 2518 seeundum
1738 2501 1762 2518 se
1787 2498 1809 2517 et
1831 2495 1899 2518 abso-

1055 2535 1115 2563 lute,
1140 2538 1253 2564 quatenus
1277 2537 1312 2557 est
1335 2534 1449 2558 infinitum
1476 2535 1573 2563 pelagus
1600 2534 1772 2557 essentialitatis.
1799 2535 1898 2563 Uterque

1054 2576 1130 2597 tamen
1147 2574 1169 2596 in
1186 2574 1221 2596 his
1238 2573 1369 2596 nominibus
1385 2574 1428 2596 tale
1445 2574 1560 2602 designat,
1580 2573 1643 2603 quod
1668 2573 1715 2596 Deo
1736 2580 1792 2596 vere
1809 2576 1831 2596 et
1848 2580 1899 2602 pro-

1055 2614 1105 2642 prIe
1120 2613 1233 2636 convenit.
1248 2612 1293 2635 Csr.
1310 2613 1371 2635 Alex.
1390 2613 1452 2641 Hah,
1471 2613 1493 2635 S.
1510 2619 1533 2641 p.
1552 2613 1565 2635 I.
1584 2619 1605 2642 q.
1624 2612 1660 2635 49.
1679 2619 1709 2635 01.
1728 2612 1748 2635 4.
1767 2619 1786 2635 a.
1805 2613 1826 2635 2.

1117 2652 1137 2667 1²
1153 2652 1177 2674 ln
1194 2652 1244 2675 Vat.
1260 2654 1284 2674 et
1299 2651 1349 2674 cod.
1367 2657 1393 2674 66
1410 2651 1474 2674 deest
1489 2652 1513 2674 et
1527 2651 1557 2674 ab
1574 2652 1623 2674 61115
1640 2651 1707 2674 codd.
1725 2654 1748 2673 et
1763 2651 1799 2673 ed.
1817 2652 1822 2673 1
1838 2652 1898 2673 exhi-

1054 2690 1135 2713 bitum.
1153 2690 1222 2712 Paulo
1238 2696 1308 2718 supra
1325 2693 1378 2718 post
1393 2695 1449 2713 cum
1465 2692 1487 2712 et
1503 2690 1556 2712 dein
1573 2693 1625 2718 post
1640 2691 1766 2713 creaturas
1778 2689 1824 2712 fide
1841 2696 1896 2712 mss.

1054 2731 1077 2752 et
1092 2728 1129 2751 ed.
1148 2729 1156 2750 11
1177 2729 1329 2756 expunximus
1345 2734 1395 2751 nos.
1414 2728 1463 2751 Mox
1479 2728 1530 2751 cod.
1549 2728 1567 2750 T
1584 2734 1633 2752 non
1650 2728 1706 2758 quia
1723 2734 1766 2756 pro
1788 2728 1897 2758 quamvis

1054 2772 1110 2790 11011.
1128 2766 1191 2789 Unus
1207 2766 1309 2795 alterque
1325 2766 1397 2789 codex
1415 2769 1440 2789 ut
1457 2766 1476 2788 Y
1492 2767 1515 2789 in
1532 2767 1575 2789 hac
1591 2769 1613 2789 et
1630 2767 1651 2788 in
1669 2766 1773 2795 sequenti
1796 2767 1898 2794 proposi-

1055 2806 1116 2828 tione
1128 2811 1174 2835 per
1186 2804 1258 2835 prius
1274 2806 1324 2828 loco
1339 2804 1459 2835 proprius.

1937 755 2022 773 fundam.
