2253 3317
355 134 412 162 248

355 211 429 240 circa
449 210 510 238 dici
521 209 537 237 ¹.
560 209 636 238 Unde
659 208 741 236 homo
762 214 847 235 verus
868 207 895 235 in
916 207 1027 236 Socrate
1041 209 1068 235 et
1086 206 1197 235 Platone

355 259 535 289 numeratur,
555 255 620 291 quia
641 256 706 282 sunt
727 253 784 282 duo
805 252 939 285 homines,
962 253 1010 282 sed
1029 261 1084 281 non
1106 252 1197 281 multi-

354 302 462 340 pliciter
487 301 598 330 dicit-ur.
620 300 669 329 Ubi
699 302 741 328 est
772 299 872 327 modus
902 299 1012 328 dicendi
1034 298 1196 336 (mammis,

354 349 419 386 quia
439 349 548 385 partem
570 349 644 375 tenet
664 346 698 374 de
720 348 820 374 natura
840 345 964 380 univoci,
980 348 1088 382 partem
1103 346 1138 374 de
1152 353 1198 374 na-

354 398 418 425 tura
437 393 593 431 aequivoci,
614 393 652 421 ibi
667 396 709 422 est
730 392 887 421 numeratio
908 392 957 421 et2
979 392 1007 420 in
1028 392 1145 421 essendo
1170 395 1197 420 et

354 442 381 470 in
403 441 528 470 dicendo.

431 487 591 516 Secundum
612 486 687 515 hunc
708 486 792 522 igitur
813 485 929 513 modum
944 485 1106 518 dicendum,
1121 485 1196 522 quod

349 534 511 572 processz'0‚
533 532 689 562 secundum
711 532 786 569 quod
808 531 882 560 dicta
903 534 944 560 est
965 531 999 560 de
1020 532 1196 568 processione

353 580 498 618 temporali
529 582 556 609 et
586 582 712 613 aeterna,
734 587 789 608 non
820 581 861 608 est
890 578 985 607 dicta⁹
1007 578 1124 607 univoce
1145 586 1194 607 nec

212 637 335 656 Concinsiol.
351 627 510 664 aequivoce,
531 626 581 655 sed
611 625 776 663 analogice,
808 625 874 662 quia
895 632 970 654 unus
991 625 1091 653 modus
1123 624 1196 653 clau-

352 674 428 702 ditur
449 673 476 701 in
497 673 559 701 alio.
582 672 742 700 Procedere
763 671 837 700 enim
858 671 894 700 ab
916 671 969 700 hoc
991 671 1018 699 in
1040 671 1093 699 hoc
1114 673 1146 698 ut
1167 671 1194 698 in

352 720 491 748 obiectam
522 722 563 747 est
593 721 755 752 aeternum,
777 717 826 746 sed
854 717 1011 754 procede-re
1036 717 1071 745 ab
1092 717 1145 745 hoc
1166 717 1194 744 in

352 767 404 795 hoc
425 769 456 795 ut
477 766 504 794 in
519 765 721 794 habitaculam
746 768 788 794 est
815 764 976 802 temporale.
993 764 1128 800 Quoniam
1149 763 1195 800 igi-

352 817 398 842 tur
419 813 567 850 analogum
594 815 635 841 est
667 812 705 841 sic
737 812 843 840 dictum
865 814 893 840 et
914 810 988 845 sic⁴,
1010 811 1072 839 ideo
1093 813 1135 839 est
1157 810 1193 838 ibi

211 870 308 888 Conclusio
324 870 342 888 ε.
352 860 500 897 dupliciter
522 859 589 894 dici,
605 862 631 887 et
646 867 702 887 una
717 858 858 896 processio
873 858 976 887 dicitur
991 857 1151 894 dupliciter,
1167 859 1193 885 et

352 906 389 935 ita
411 914 461 943 per
476 914 649 943 consequens
670 906 777 943 duplex
800 912 873 939 esse,
888 907 988 933 utnon
1004 903 1197 932 inconvenien-

353 957 393 982 ter
414 953 523 982 dicatur
544 953 685 990 processio
706 952 826 989 Spiritus
848 950 934 980 sancti
956 958 1017 979 esse
1038 949 1153 987 duplex.

434 1001 455 1028 l.
477 999 516 1028 Ad
537 999 607 1028 illud
628 1006 695 1035 ergo
716 998 791 1035 quod
813 997 943 1026 obiicitur
964 996 992 1025 in
1013 996 1194 1030 contrarium,

229 1058 342 1081 Solutioop-
352 1047 439 1085 quod,
462 1046 643 1083 multiplicata
665 1044 855 1082 processione,
878 1043 1081 1080 multiplicatur
1101 1036 1195 1080 proce—

219 1082 326 1105 positorum.

352 1094 436 1127 dens;
458 1093 620 1125 dicendum,
642 1091 716 1129 quod
740 1099 838 1120 verum
861 1093 914 1124 est,
940 1090 963 1118 si
985 1090 1138 1126 accipiatur
1159 1089 1194 1118 de

352 1140 582 1178 multiplicatione
616 1138 771 1167 secundum
806 1145 895 1165 unum
927 1136 1044 1165 modum
1075 1135 1193 1165 dicendi.

352 1188 428 1217 Unde
449 1188 472 1216 si
493 1186 602 1224 gemina
616 1189 689 1215 esset
703 1184 856 1223 processio,
872 1183 1027 1213 secundum
1043 1183 1118 1220 quod
1133 1191 1195 1220 pro

352 1235 438 1264 cessio
469 1234 570 1263 dicitur
601 1232 695 1261 exitus
715 1232 751 1260 ab
771 1231 880 1268 aliquo,
901 1230 998 1267 utique
1024 1230 1081 1259 duo
1102 1233 1194 1258 essent.

351 1281 544 1319 procedentes,
560 1287 633 1308 nunc
647 1282 741 1307 autem
755 1278 764 1291 ⁵
786 1286 840 1307 non
862 1278 900 1307 sic
906 1289 913 1312 ς
934 1277 983 1306 sed
1000 1280 1042 1306 est
1060 1276 1193 1314 yemz‘na,

351 1328 416 1365 quia
447 1335 503 1356 uno
534 1326 617 1355 modo
648 1328 690 1354 est
710 1325 745 1353 ab
776 1325 870 1361 aliquo
902 1324 929 1352 in
951 1323 1073 1360 aliquem
1104 1326 1135 1351 ut
1166 1323 1193 1351 in

351 1375 510 1408 obiectam,
535 1373 590 1401 alio
620 1373 703 1401 modo
734 1372 770 1400 ab
801 1371 895 1408 aliquo
917 1371 945 1399 in
965 1370 1089 1407 aliquem
1109 1372 1141 1398 ut
1164 1369 1190 1398 in

352 1420 561 1449 habitaculam.

1039 128 1217 157 SENTENTIA
1222 129 1289 158 RUM
1310 129 1370 157 LtB.
1392 128 1410 157 I.

1332 208 1359 235 Ξ.
1381 206 1406 235 3.
1428 206 1467 235 Ad
1488 206 1558 235 illud
1580 207 1655 244 quod
1676 207 1805 236 obiicitur
1821 208 1957 236 secundo:
1980 211 2034 236 aut
2053 210 2095 237 est

1253 252 1359 290 duplex
1374 253 1528 289 processio,
1549 253 1615 290 quia
1637 253 1743 290 duplex
1764 254 1902 282 emanatio
1923 253 1966 282 vel
1987 254 2095 291 duplex

1254 299 1393 332 modus⁶;
1415 299 1579 334 dicendum,
1601 300 1675 337 quod
1697 308 1751 328 non
1783 300 1952 329 sufficienter
1983 300 2097 338 dividit;

1253 346 1335 374 debet
1355 346 1430 374 enim
1451 346 1565 374 tertium
1586 347 1746 375 membrum
1767 347 1884 381 addere,
1905 347 2021 382 scilicet,
2043 350 2096 376 aut

1252 392 1317 428 quia
1338 391 1445 429 duplex
1466 392 1567 421 modus
1588 392 1711 427 dicendi,
1726 401 1780 421 non
1795 393 1972 430 aequivocus.
1994 394 2025 422 Et
2046 402 2096 431 per

1254 438 1305 467 hoc
1326 441 1401 475 patet
1422 446 1542 475 sequens
1569 439 1604 468 de
1635 439 1747 468 homine
1774 439 1848 476 picto
1869 442 1896 468 et
1916 447 1998 474 vero,
2030 440 2096 477 quia

1252 485 1290 513 ibi
1309 493 1364 513 non
1385 488 1427 513 est
1447 485 1586 522 analogia,
1609 485 1657 514 sed
1678 485 1869 522 aequivocatio
1891 493 1972 522 pura.

1330 532 1356 560 [ι.
1378 531 1416 560 Ad
1438 531 1508 560 illud
1529 531 1604 568 quod
1625 531 1754 560 obiicitur
1776 531 1888 566 ultimo,
1910 532 1985 569 quod
2008 539 2097 569 respe-

1252 580 1313 607 ctus
1342 577 1455 606 additus
1485 586 1540 606 non
1571 581 1701 607 numerat
1731 580 1798 612 etc.;
1828 578 1998 612 dicendum,
2020 579 2099 616 quod

1251 627 1394 662 respectus
1418 624 1531 655 additus
1544 624 1669 653 subiecto
1691 633 1746 653 non
1770 628 1901 654 numerat
1925 625 2096 659 subiectum

1250 670 1325 699 unde
1340 678 1395 698 non
1416 670 1518 699 dicitur
1539 671 1659 708 Spiritus
1673 673 1786 700 sanctus
1801 671 1908 708 duplex
1919 672 1938 705 ⁷,
1960 671 2026 708 quia
2044 671 2097 708 spi-

1251 720 1330 745 ratur
1351 720 1379 746 et
1398 717 1558 754 inspiratur.
1586 717 1639 746 Sed
1664 717 1776 754 quando
1807 720 1952 755 respectus
1982 717 2097 746 additur

1249 763 1461 801 significationi
1482 763 1615 797 termini,
1632 767 1698 792 tunc
1712 772 1825 793 necesse
1846 767 1896 799 est,
1912 764 1992 792 illum
2015 764 2098 793 aliter

1250 814 1277 839 et
1291 810 1371 839 aliter
1386 810 1453 844 dici3
1468 813 1495 838 et
1510 810 1532 839 si
1548 811 1583 839 sit
1598 813 1742 847 respectus
1763 819 1818 839 non
1833 811 1992 840 distrahens
2006 828 2045 832 —
2059 811 2096 839 ita

1250 857 1325 894 quod
1347 865 1401 885 non
1423 857 1503 885 iaciat
1525 857 1637 886 omnino
1659 857 1799 886 diversam
1815 857 2042 894 significationem
2058 874 2098 877 -—

1251 903 1300 932 sed
1320 903 1356 932 ad
1376 903 1453 932 illam
1472 903 1633 937 ordinatus,
1655 903 1719 932 facit
1740 903 1896 940 analogiam
1911 903 1939 931 in
1954 903 2073 932 termino
2086 903 2096 917 ⁸

1251 953 1278 978 et
1297 957 1449 978 numerum
1470 950 1626 978 secundum
1647 949 1707 978 clici
1726 952 1753 978 et
1773 949 1857 978 etiam
1882 957 2032 978 numerum
2055 957 2096 978 se-

1251 996 1376 1025 cundum
1397 1004 1463 1024 esse.
1486 996 1562 1025 Unde
1584 996 1606 1025 si
1629 996 1680 1025 hoc
1694 1004 1795 1025 nomen
1815 996 1992 1025 illuminatio
2013 996 2095 1033 signi-

1251 1042 1346 1072 ficaret
1367 1045 1460 1074 actum
1482 1043 1593 1072 lucendi
1614 1042 1780 1071 absolutam
1812 1046 1839 1071 et
1859 1046 1953 1072 actum
1984 1042 2096 1071 lucendi

1251 1093 1474 1126 comparatam,
1507 1089 1547 1118 sol
1569 1089 1718 1126 dupliciter
1744 1089 1886 1118 diceretur
1917 1089 2094 1124 illuminare,

1251 1139 1278 1165 et
1298 1138 1371 1165 esset
1391 1136 1557 1164 illuminatio
1578 1136 1644 1168 solis
1665 1136 1775 1172 gemina
1783 1147 1791 1170 3
1812 1136 1861 1165 sed
1883 1138 1976 1165 tamen
2007 1135 2096 1173 magis

1251 1182 1363 1219 proprie
1385 1182 1422 1210 ibi
1443 1185 1516 1211 esset
1537 1182 1685 1219 geminatio
1710 1182 1739 1210 in
1760 1182 1879 1210 dicendo
1901 1190 1987 1219 quam
2008 1182 2035 1210 in
2057 1190 2096 1210 es-

1250 1229 1345 1257 sendo.
1370 1229 1445 1257 Unde
1466 1229 1609 1266 Magister⁹
1630 1229 1718 1265 magis
1738 1229 1852 1266 proprie
1873 1228 2051 1265 loqueretur,
2072 1228 2096 1257 si

1251 1276 1366 1305 dic-eret:
1393 1275 1533 1312 processio
1558 1275 1677 1312 Spiritus
1701 1275 1788 1304 sancti
1803 1274 1904 1304 dicitur
1929 1274 2096 1312 dupliciter,

1251 1329 1336 1359 quam
1357 1330 1421 1350 cum
1443 1321 1527 1356 dicit,
1549 1322 1624 1358 quod
1646 1324 1687 1350 est
1708 1321 1833 1358 gemina,
1855 1321 1921 1358 quia
1941 1329 1996 1350 non
2023 1320 2097 1353 cadit

1251 1369 1288 1397 ibi
1309 1369 1422 1405 proprie
1444 1368 1601 1405 geminatio.

1072 1528 1361 1565 SGHOLION.

414 1646 428 1667 l.
446 1645 532 1666 Ponere
548 1645 571 1666 in
589 1649 712 1666 numerum
729 1649 783 1665 cum
800 1643 843 1664 alio
861 1642 923 1664 idem
940 1644 974 1664 est
999 1647 1026 1664 ac
1043 1641 1152 1669 distingui
1170 1643 1195 1663 ut

349 1692 386 1707 res
403 1691 415 1707 3
433 1691 465 1706 re.
482 1683 611 1706 Notandum
628 1686 720 1710 autem⁷
742 1681 806 1710 quod
831 1682 887 1703 haec
904 1681 1024 1709 utriusque
1042 1680 1195 1708 processionis

350 1724 462 1746 distinctio
479 1729 534 1745 sane
551 1725 584 1745 est
601 1721 753 1749 intelligenda.
771 1721 827 1742 Nam
844 1720 977 1747 temporalis
994 1720 1110 1747 processio
1126 1719 1195 1741 inclu-

349 1763 381 1785 dit
398 1766 513 1784 aeternam
531 1765 553 1784 et
569 1761 633 1783 addit
648 1767 719 1789 super
735 1766 787 1782 eam
805 1760 827 1781 in
844 1759 929 1786 Spiritu
947 1761 1024 1780 sancto
1047 1763 1132 1779 novam
1156 1758 1193 1779 ha-

348 1801 476 1823 bitudinem
495 1800 632 1828 (secundum
650 1800 762 1821 rationem
779 1798 928 1826 intelligendi)
946 1797 976 1819 ad
988 1799 1115 1819 creaturam
1126 1814 1130 1824 ,
1143 1802 1194 1818 con-

349 1840 447 1862 notando
465 1840 565 1868 aliquem
582 1839 667 1861 realem
685 1838 791 1860 enectum
810 1837 832 1859 in
850 1838 912 1864 ipsa,
931 1842 973 1864 per
995 1842 1065 1864 quem
1081 1839 1116 1858 est
1133 1841 1192 1857 nova

348 1879 427 1901 relatio
444 1878 511 1900 realis
528 1878 549 1899 in
567 1880 670 1900 creatura
689 1876 718 1899 ad
735 1877 845 1904 Spiritum
863 1877 975 1898 sanctum.
998 1874 1051 1896 lnde
1075 1875 1192 1903 sequitur,

348 1917 411 1946 quod
428 1916 524 1939 termini
539 1917 634 1938 istarum
652 1916 827 1943 processionum
844 1914 992 1936 essentialiter
1009 1913 1122 1941 differunt,
1140 1913 1193 1941 quia

348 1958 438 1978 aeterna
455 1955 572 1983 processio
590 1960 634 1976 non
652 1955 744 1982 respicit
760 1954 803 1975 nisi
821 1953 945 1975 terminum
962 1955 1092 1979 aeternum,
1106 1954 1194 1979 tempo-

348 1995 401 2017 ralis
417 2000 473 2016 vero
490 1995 598 2021 importat
614 1996 744 2020 respectum
762 1992 790 2014 ad
809 1992 935 2014 terminum
944 1991 1101 2019 temporalem.
1115 1990 1160 2012 Sed
1170 1992 1192 2012 in

348 2032 448 2056 essentia
464 2033 558 2054 istarum
576 2032 750 2059 processionum
769 2036 813 2052 non
831 2030 874 2052 alia
890 2032 924 2052 est
949 2029 1075 2051 differentia
1101 2030 1143 2051 nisi
1160 2035 1192 2051 se-

347 2070 450 2093 cundum
466 2070 577 2092 rationem
593 2069 748 2097 intelligendi,
761 2071 786 2090 ut
796 2068 855 2091 bene
867 2068 964 2095 explicat
978 2067 1085 2090 Richard.
1097 2073 1110 2089 3
1123 2067 1190 2095 Med,

1251 1641 1287 1663 liic
1304 1646 1323 1663 a.
1343 1641 1363 1662 i,
1380 1647 1402 1669 q.
1420 1641 1440 1662 2.
1452 1652 1484 1656 —
1495 1640 1527 1662 De
1544 1640 1626 1668 triplici
1644 1639 1713 1662 modo
1731 1639 1835 1661 dicendi:
1850 1639 1955 1667 univoco,
1968 1640 2097 1668 aequivoco

1251 1681 1272 1701 ct
1289 1679 1386 1706 analogo
1404 1678 1443 1701 csr.
1461 1684 1531 1706 supra
1549 1678 1570 1700 d.
1591 1678 1610 1700 fl.
1628 1684 1648 1700 a.
1667 1678 1687 1700 3.
1706 1684 1727 1706 q.
1746 1677 1765 1699 4·
1784 1679 1806 1699 et
1823 1677 2096 1700 Scholion.—Adintel-

1251 1718 1367 1745 ligentiam
1385 1718 1537 1740 conclusionis
1554 1718 1651 1740 multum
1677 1718 1741 1739 iuvat
1765 1717 1831 1739 solut.
1853 1717 1882 1739 ad
1908 1716 1936 1745 43
1962 1717 2002 1739 cfr.
2027 1717 2095 1739 etiam

1250 1757 1307 1778 infra
1325 1756 1347 1778 d.
1367 1756 1401 1778 «¹5.
1420 1763 1442 1784 p.
1461 1756 1488 1784 ll,
1507 1759 1527 1778 el
1546 1756 1567 1778 d.
1588 1756 1623 1777 46.

1314 1795 1336 1817 ll.
1355 1794 1439 1817 Omnes
1464 1795 1551 1823 antiqui
1567 1794 1699 1816 Scholastici
1720 1794 1741 1816 in
1767 1794 1914 1816 conclusione
1938 1793 2094 1822 concordant,

1250 1835 1344 1861 excepto
1362 1833 1435 1861 AEgid.
1454 1833 1493 1861 ii„
1510 1833 1549 1862 qui
1567 1834 1647 1861 nogat,
1665 1832 1710 1854 dici
1728 1838 1796 1860 posse
1808 1832 1981 1860 processionem
1993 1838 2044 1854 esse
2056 1837 2096 1859 ge-

1250 1874 1336 1895 minam
1362 1873 1398 1895 vel
1423 1872 1546 1900 duplicem.
1574 1872 1595 1894 S.
1622 1872 1719 1899 Tliom.,
1740 1872 1777 1893 liic
1802 1878 1824 1900 q.
1844 1871 1863 1893 1.
1882 1877 1902 1893 a.
1929 1871 1958 1898 2;
1984 1870 2005 1893 S.
2032 1870 2046 1893 1.
2072 1877 2095 1900 q.

1251 1911 1287 1933 43.
1304 1917 1324 1933 3.
1343 1912 1363 1933 2.
1381 1911 1418 1933 ad.
1436 1911 1456 1932 3.
1473 1922 1505 1927 ——
1522 1910 1545 1932 B.
1563 1909 1663 1937 Albert.,
1682 1910 1718 1932 hic
1735 1916 1754 1931 a.
1774 1909 1796 1931 7.
1815 1910 1841 1937 93
1859 1909 1880 1931 S.
1907 1915 1929 1937 p.
1955 1909 1970 1930 1.
1988 1911 2015 1931 tr.
2032 1908 2054 1930 7.
2072 1915 2094 1937 q.

1250 1950 1287 1972 32.
1305 1956 1336 1971 m.
1354 1950 1375 1972 2.
1393 1956 1412 1971 a.
1431 1950 1451 1971 2.
1466 1949 1567 1971 —Petn
1585 1955 1597 1971 a
1616 1949 1682 1976 Tar.,
1701 1949 1738 1971 liic
1754 1954 1776 1977 q.
1798 1948 1818 1970 i.
1839 1954 1858 1970 a.
1880 1947 2064 1970 4.—Rici1ard.
2082 1954 2093 1970 a

1250 1989 1319 2016 Med.,
1338 1989 1375 2011 hic
1391 1995 1410 2010 3.
1430 1989 1449 2010 l.
1468 1995 1490 2017 q.
1508 1989 1529 2010 2.
1549 1999 1580 2004 —
1596 1987 1670 2015 AEgid.
1689 1988 1722 2015 R.‚
1740 1987 1777 2009 hic
1795 1987 1815 2009 ¹l.
1833 1987 1905 2014 princ.
1923 1993 1944 2015 q.
1963 1987 1984 2009 2.
2001 1998 2033 2003 -
2049 1986 2094 2009 Du-

1248 2027 1324 2055 rand.⁷
1343 2028 1379 2049 liic
1396 2033 1417 2055 q.
1437 2027 1457 2049 2.
1474 2039 1506 2043 —
1522 2027 1615 2054 Dionys.
1633 2026 1722 2054 Carth.,
1740 2026 1777 2048 iiic
1794 2032 1816 2054 q.
1835 2026 1855 2047 i,
1874 2028 1926 2053 post
1943 2025 2004 2048 med.

411 2387 418 2401 ¹
436 2388 511 2410 Lectio
528 2387 579 2409 Vat.
596 2385 672 2409 dicere
689 2392 731 2414 pro
749 2385 795 2409 dici
811 2386 935 2413 castigatur
951 2391 997 2413 ope
1013 2391 1068 2407 mse.
1086 2387 1108 2407 et
1119 2384 1154 2407 ed.
1170 2385 1189 2406 t.

349 2426 418 2448 Paulo
435 2428 485 2448 ante
503 2425 553 2448 cod.
572 2425 601 2446 W
617 2424 658 2448 sed
673 2430 722 2447 non
738 2425 789 2447 loco
806 2425 829 2446 et
844 2429 899 2447 non.

410 2464 420 2478 ’ὲ
436 2464 486 2486 Vat.
504 2466 582 2486 contra
599 2470 654 2486 mss.
672 2466 694 2485 et
710 2463 746 2485 ed.
765 2463 773 2484 rl
795 2463 877 2485 omittit
893 2463 921 2485 et.
939 2461 1010 2484 Codd.
1028 2461 1069 2483 LO
1086 2460 1192 2491 qemina-

348 2502 380 2525 tio
396 2503 446 2525 loco
463 2501 605 2525 numeratio.

409 2541 419 2555 3
436 2541 486 2563 Vat.
503 2547 557 2563 cum
574 2540 624 2563 cod.
642 2546 668 2562 cc
685 2543 776 2568 praeter
792 2540 862 2562 fidem
880 2540 1035 2568 antiquiorum
1052 2545 1107 2561 mss.
1120 2542 1142 2560 ct
1153 2538 1190 2561 ed.

350 2581 358 2601 ἐ
380 2580 439 2601 male
455 2580 537 2602 omittit
554 2579 622 2602 dicta.

411 2618 420 2633 ⁴
437 2619 466 2640 lta
484 2624 538 2640 cum
555 2618 591 2640 ed.
612 2619 618 2640 l
640 2624 721 2640 omnes
738 2618 805 2640 codd.
816 2636 821 2646 ,
839 2618 890 2640 licet
902 2618 971 2646 aliqui
983 2620 1007 2639 ut
1018 2617 1123 2639 KOVX
1135 2617 1191 2639 salso

349 2658 422 2684 prima
439 2658 490 2679 vice
507 2663 549 2684 pro
566 2656 599 2679 sic
617 2657 693 2684 legant
708 2655 784 2684 sicut,
807 2656 848 2678 sed
865 2656 915 2678 Vat.
940 2656 1034 2678 omnino
1060 2655 1191 2683 perturbate

348 2695 409 2718 sicut
425 2695 514 2719 dictum
530 2696 565 2718 est
580 2702 622 2723 pro
639 2695 673 2718 sic
690 2694 777 2718 dictam
789 2694 854 2717 etsie
866 2696 880 2717 i.
892 2701 912 2717 e.
925 2694 1051 2722 procedere
1063 2700 1109 2716 uno
1121 2694 1191 2716 modo

349 2734 436 2756 dictum
453 2738 475 2756 et
492 2735 562 2756 altero
579 2735 656 2756 modo.
674 2734 723 2756 Mox
741 2734 808 2756 codd.
821 2737 842 2756 et
854 2733 907 2756 edd.
920 2740 964 2755 non
982 2734 1123 2755 conveniunt
1133 2733 1191 2755 inter

349 2779 374 2795 se
391 2773 498 2800 ponendo
515 2772 604 2802 duplex*
620 2772 814 2801 loco-daplz'citer
830 2775 852 2794 et
868 2773 919 2794 vice
936 2778 1010 2794 versa.

411 2811 421 2826 ⁵
439 2811 460 2833 ln
479 2812 528 2833 Vat.
546 2814 568 2833 et
584 2811 635 2834 cod.
653 2817 679 2833 cc
696 2812 773 2833 minus
790 2813 841 2838 apte
858 2811 968 2832 omittitur
984 2811 1079 2838 autem,
1093 2809 1156 2838 quod
1168 2810 1190 2831 in

349 2850 398 2872 aliis
415 2850 482 2872 codd.
501 2852 523 2871 ct
539 2850 574 2871 ed.
596 2850 602 2871 1
625 2849 728 2871 habetur.
746 2849 795 2871 Mox
813 2850 835 2870 in
853 2849 958 2876 plurimis
974 2848 1041 2871 codd.
1054 2851 1075 2871 et
1093 2854 1131 2870 sex
1143 2848 1191 2875 pri-

350 2889 393 2910 mis
410 2888 463 2910 edd.
481 2891 531 2916 post
548 2888 589 2911 sed
605 2888 748 2910 desideratur
764 2887 863 2910 verbum
881 2889 921 2910 est.

1307 2384 1317 2398 6
1334 2384 1475 2406 Praecedens
1500 2384 1626 2412 propositio
1643 2384 1727 2406 clarius
1744 2384 1890 2406 exhiberetur
1907 2384 1954 2406 sic:
1980 2383 2091 2407 obiicitur

1246 2422 1365 2446 seczmdo:
1382 2424 1416 2446 est
1431 2422 1521 2453 dupleiz·
1541 2422 1676 2452 processio,
1704 2422 1761 2452 qaia
1786 2424 1831 2445 aut
1853 2422 1942 2452 duplex
1967 2422 2086 2446 emanatio

1246 2463 1289 2485 aut
1305 2461 1393 2491 duplex
1409 2461 1510 2490 modas,·
1526 2461 1720 2484 consentientibus
1736 2464 1812 2484 tamen
1824 2468 1878 2484 cum
1891 2462 1940 2484 Vat.
1953 2461 2093 2484 editionibus

1245 2503 1267 2523 et
1283 2501 1401 2523 codicibus
1418 2500 1530 2528 (excepto
1547 2500 1597 2522 cod.
1615 2500 1648 2527 H,
1667 2501 1706 2528 qui
1724 2503 1776 2528 post
1793 2500 1830 2523 vel
1846 2501 1928 2528 repetit
1948 2500 2023 2530 quia)
2037 2500 2092 2522 nihil

1247 2540 1396 2561 mutavimus.

1309 2578 1318 2592 ⁷
1336 2578 1386 2600 Vat.
1403 2580 1480 2600 eontra
1493 2578 1572 2605 plures
1584 2577 1651 2599 codd.
1664 2580 1688 2600 ut
1700 2577 1715 2599 F
1725 2577 1770 2599 ΤΧ
1779 2577 1797 2599 Y
1809 2577 1939 2607 dupliciter.
1952 2578 2021 2600 Paulo
2033 2578 2090 2599 infra

1246 2617 1268 2638 in
1286 2617 1390 2644 margine
1407 2616 1456 2638 cod.
1475 2616 1493 2637 T
1511 2622 1522 2637 a
1540 2616 1667 2643 posteriore
1684 2622 1754 2638 manu
1775 2620 1827 2644 post
1852 2616 1948 2639 termini
1967 2616 2091 2644 glossando

1247 2655 1339 2682 ponitur
1355 2655 1383 2677 ut
1398 2653 1503 2677 videlicet
1519 2653 1574 2683 quia
1593 2653 1708 2676 terminiis
1725 2653 1750 2677 in
1766 2660 1816 2677 ima
1828 2654 1867 2677 siti
1877 2653 2047 2684 siqniftcatz'one
2058 2655 2092 2677 est

1246 2692 1385 2720 absolutas,
1405 2693 1429 2715 in
1445 2693 1494 2715 alia
1510 2693 1659 2722 respectivas.

1309 2731 1318 2746 ⁸
1335 2732 1397 2753 Multi
1415 2731 1480 2753 codd.
1499 2734 1524 2753 ut
1541 2731 1865 2760 ABCDEFGIPQRSTU
1891 2735 1932 2754 etc.
1959 2737 2012 2754 cum
2037 2731 2089 2754 edd.

1251 2771 1256 2792 1
1271 2789 1276 2798 ‚
1295 2772 1323 2798 2,
1342 2771 1355 2792 3
1373 2771 1422 2792 loco
1439 2770 1463 2792 in
1482 2770 1581 2793 terinino
1599 2774 1686 2798 ponunt
1704 2771 1728 2793 in
1745 2770 1827 2799 tertio,
1846 2771 1875 2793 de
1892 2777 1938 2799 quo
1961 2771 2001 2793 cfr.
2019 2776 2090 2797 supra

1247 2809 1269 2831 d.
1288 2810 1308 2831 i.
1326 2816 1346 2831 a.
1365 2810 1385 2831 3.
1403 2816 1425 2837 q.
1447 2809 1464 2830 l.
1482 2809 1511 2831 ad
1532 2811 1558 2837 t,
1576 2812 1598 2831 et
1614 2810 1671 2832 infra
1689 2810 1711 2832 d.
1730 2810 1766 2831 35.
1792 2816 1814 2838 q.
1841 2810 1858 2832 1.
1884 2810 1905 2831 in
1932 2815 1995 2836 corp.
2021 2808 2091 2831 Paulo

1246 2849 1297 2869 ante
1314 2847 1349 2869 ed.
1370 2847 1377 2868 t
1400 2846 1468 2869 illam
1485 2853 1527 2874 pro
1544 2846 1620 2869 illam.

1309 2886 1319 2900 ⁹
1336 2885 1380 2908 Ct'r.
1399 2887 1428 2908 lit.
1447 2886 1562 2914 Magistri,
1581 2887 1617 2908 hic
1635 2893 1653 2908 c.
1674 2887 1693 2909 vl.
1712 2888 1733 2908 in
1753 2887 1822 2908 initio.
