2253 3317
917 142 999 171 Disr.
1021 142 1039 170 1.
1062 142 1167 170 DussiA.
1881 144 1918 173 43

253 222 428 250 RESPONnEo:
451 220 622 255 Dicendum,
643 220 718 257 quod
739 221 817 257 prior
838 223 879 249 θεῖ
900 220 1018 257 cognitio

175 269 245 305 signi
266 276 350 305 quam
372 268 428 302 rei,
450 270 579 304 respectu
600 267 680 296 cuius
701 270 742 296 est
757 267 884 304 signum3
899 267 948 296 sed
963 274 1018 294 non

174 318 298 352 oportet,
320 314 395 351 quod
416 315 506 343 omnis
527 314 576 342 rei.
599 314 675 342 Unde
703 314 761 351 ipse
789 314 880 350 primo
908 313 964 350 agit
984 313 1019 341 de

175 361 278 395 rebus,
299 368 420 397 quarum
441 363 615 389 sacramenta
634 368 689 388 non
711 363 776 389 sunt
797 361 882 396 signa.

536 446 603 474 Due.
627 447 656 474 V.

253 525 321 553 Item
335 524 455 558 videtur,
467 524 542 561 qnod
555 524 607 552 ista
622 524 721 552 divisio
732 532 841 553 rerum:
857 523 943 551 Aliae
952 527 1021 551 εἶιηῖ

176 571 281 609 quibus
301 569 462 607 fruendum
488 572 548 604 etc.,
568 570 602 598 sit
629 570 702 598 male
729 571 868 607 assignata
890 572 1021 606 respectu

176 617 265 645 divisi
272 640 278 652 ,
300 616 365 653 quia
387 616 509 644 divisum
530 615 684 652 simplicius
709 618 750 644 est
776 615 966 644 dividentibus
994 618 1021 643 et

176 662 365 692 dividentibus
393 661 499 698 aliquid
520 664 561 689 est
578 661 585 674 ¹
608 669 755 689 commune
768 672 775 695 ;
799 661 847 690 sed
869 661 926 689 Deo
950 660 1021 688 nihil

176 712 218 738 est
239 708 394 745 simplicius
415 716 465 737 nec
480 710 521 736 est
535 708 641 744 aliquid
657 715 804 736 commune
822 708 879 736 Deo
900 710 927 736 et
949 714 1022 736 crea-

176 759 275 785 turae:
299 763 365 791 ergo
387 758 438 783 etc.

255 802 435 830 RESPONoEo:
458 801 622 834 Dicendum,
644 801 719 837 quod
747 803 789 829 est
817 799 916 829 divisio
937 799 1022 828 nnius

177 847 334 876 communis
355 847 510 876 secuudum
532 855 635 874 nomen
657 850 771 875 tantum
782 857 792 880 ;
813 849 840 875 et
861 847 899 875 sic
921 849 963 875 est
983 846 1022 874 di-
1049 837 1051 852 ¹

176 894 246 922 visio
267 893 431 930 aequivoci3
457 896 498 921 est
523 893 577 921 alia
608 893 708 921 divisio
740 893 895 921 communis
927 900 1024 921 secun-

178 939 247 968 dum
267 947 370 967 uomcn
390 941 417 967 et
431 947 493 966 rem
504 949 514 972 ;
528 941 555 967 et
574 939 642 967 haec
657 941 699 967 est
720 939 818 967 divisio
832 938 959 972 univoci;
982 940 1023 966 est
1050 934 1052 944 ¹

179 987 264 1015 etiam
285 986 367 1015 tertia
387 986 480 1014 medio
501 986 607 1019 modo,-
634 989 662 1014 et
689 986 741 1014 ista
762 988 803 1014 θεῖ
824 985 952 1022 analogi,
973 985 1022 1013 ubi

177 1041 233 1062 non
259 1036 300 1062 est
322 1033 506 1062 communitas
531 1032 686 1061 secundum
709 1032 844 1061 unitatem
868 1035 984 1060 naturae
998 1032 1023 1066 ²,

179 1080 227 1109 sed
250 1080 404 1109 secundum
426 1079 637 1108 similitudinem
666 1079 871 1116 proportionis,
900 1081 927 1107 et
955 1079 1024 1107 haec

180 1127 364 1156 communitas
384 1129 426 1155 θεῖ
446 1127 569 1155 rationis.

1049 741 1051 768 l

535 1212 602 1240 Dt'ss.
624 1212 666 1241 Vl.

256 1291 324 1319 Item
338 1290 450 1319 videtur
465 1290 538 1318 mala
554 1290 652 1318 divisio
668 1292 804 1326 quantum
819 1289 855 1318 ad
875 1289 1023 1317 membra.-
1052 1315 1054 1334 ξ

178 1337 291 1366 videtur
306 1337 381 1365 enim
389 1359 396 1369 ,
407 1336 482 1373 quod
496 1336 609 1364 tertium
620 1336 780 1365 membrum
791 1336 826 1365 sit
837 1336 1023 1373 superfluum.
1052 1336 1054 1360 ἰ

179 1383 261 1412 Omni
282 1383 356 1411 enim
377 1390 407 1411 re
428 1385 477 1411 aut
491 1385 532 1411 est
545 1382 691 1416 utendum,
710 1385 758 1410 aut
773 1382 941 1411 fruendum:
958 1390 1024 1418 ergo

179 1430 294 1459 tertium
315 1429 470 1466 superfluit.

256 1476 339 1510 Item,
354 1476 426 1504 sicut
445 1477 486 1503 θεῖ
502 1483 555 1509 res,
572 1482 643 1511 quae
659 1474 762 1502 fruitur
778 1477 805 1503 et
819 1474 917 1508 utitur,
932 1474 969 1502 ita
984 1477 1026 1502 est
1053 1493 1055 1514 ᾖ

179 1530 234 1557 res,
246 1530 302 1559 qua
321 1521 474 1550 fruendum
489 1524 530 1549 est
544 1524 571 1549 et
585 1520 732 1553 utendum,
752 1523 783 1548 ut
798 1520 942 1549 Christus:
958 1528 1025 1557 ergo
1053 1515 1054 1520 ¹

180 1577 236 1606 qua
263 1569 369 1597 ratione
397 1568 534 1606 ponitur³
562 1568 676 1596 tertium
705 1567 881 1602 membrum,
911 1567 1026 1596 deberet
1053 1571 1055 1591 l

179 1615 242 1653 poni
266 1618 407 1652 quartum.

258 1661 434 1689 Rssspomsso:
458 1660 554 1689 Omnis
575 1668 629 1694 res,
651 1668 723 1697 quae
744 1663 785 1689 θεῖ
799 1663 900 1689 natura
914 1660 1024 1697 aliqua,

180 1710 229 1737 aut
250 1708 291 1736 est
311 1707 401 1744 finis;
421 1710 448 1736 et
469 1707 507 1736 sic
529 1710 570 1736 est
591 1715 655 1742 res,
687 1715 743 1744 qua
774 1703 926 1735 fruendum
938 1718 945 1741 3
977 1709 1026 1735 aut

180 1754 322 1782 deducens
344 1753 384 1782 acl
403 1753 511 1790 fiotem;
532 1756 559 1781 et
580 1754 619 1781 sic
640 1756 682 1781 θεῖ
706 1760 770 1787 res,
793 1761 848 1789 qua
868 1753 1006 1781 utendum
1018 1764 1025 1787 3

180 1803 229 1829 aut
250 1800 290 1829 act
310 1800 396 1837 finem
415 1800 606 1837 perocnienffi
627 1802 655 1828 et
677 1800 715 1828 sic
735 1802 777 1828 est
790 1807 851 1833 res,
873 1807 945 1836 quae
960 1800 1026 1828 frui-

181 1851 229 1875 tur
251 1850 277 1876 et
292 1847 397 1881 utitur,
418 1849 450 1875 ut
471 1847 569 1875 homo:
591 1849 618 1875 et
639 1847 677 1874 sic
699 1846 874 1883 accipiuntur
890 1846 1025 1874 membra.

180 1894 212 1922 Et
232 1897 274 1922 est
295 1894 347 1922 ista
369 1893 468 1922 divisio
490 1893 556 1922 satis
585 1893 751 1921 conveniens
782 1892 848 1921 huic
879 1892 1024 1927 scientiae,
1053 1925 1054 1937 χ

181 1940 247 1977 quia
268 1947 333 1968 cum
355 1939 493 1976 theologia
514 1940 549 1967 sit
569 1939 604 1967 de
624 1938 753 1967 Creatore
775 1941 802 1966 et
822 1938 857 1966 de
872 1938 1024 1972 creaturis,
1053 1939 1054 1949 ³

180 1986 248 2015 utile
269 1989 319 2020 θεῖ,
340 1988 372 2014 ut
393 1986 538 2022 theologus
563 1986 675 2019 doceat,
703 1985 843 2022 quomodo
870 1985 954 2013 homo
975 1993 1026 2022 per

181 2033 250 2061 alias
272 2040 317 2061 res
338 2032 434 2061 tendat
454 2033 481 2060 in
502 2032 599 2060 Deum.

1428 220 1495 249 DUB.
1515 220 1567 249 VII.

1151 290 1221 318 -Item
1236 290 1387 327 opponitur
1403 291 1438 319 de
1453 291 1505 319 hoc
1527 291 1602 328 quod
1624 291 1707 319 dicit:
1724 292 1792 325 Res,
1814 291 1920 328 quibus

1074 334 1257 372 fh·z‹enclzm2;
1272 336 1338 373 quia
1353 337 1375 365 si
1387 336 1395 351 ⁴
1410 339 1467 365 tres
1482 339 1547 365 sunt
1563 344 1608 365 res
1623 344 1673 374 per
1695 344 1724 365 se
1746 341 1773 365 et
1800 345 1855 365 non
1870 345 1920 374 per

1076 383 1219 417 accidens,
1241 386 1268 412 et
1287 391 1304 411 a.
1326 383 1486 412 diversitate
1508 392 1604 412 rerum
1626 386 1667 412 θεῖ
1694 384 1841 412 diversitas
1863 385 1920 413 sive

1076 430 1435 467 multiplicitasfruitionis:
1462 438 1528 467 ergo
1543 431 1615 459 sicut
1636 433 1701 459 sunt
1722 433 1779 459 tres
1800 438 1861 465 res,
1883 431 1922 459 sic

1077 480 1159 505 erunt
1174 480 1231 506 tres
1245 477 1399 506 fruitiones.

1155 524 1232 558 Item,
1247 526 1304 552 tres
1318 524 1429 552 articuli
1444 527 1517 559 sunt,
1533 524 1615 561 quia⁵
1627 524 1661 553 de
1676 525 1767 554 tribus
1781 526 1922 562 personIs:

1077 578 1144 607 ergo
1158 579 1175 599 a
1189 570 1273 605 simili
1292 573 1319 600 et
1333 573 1390 600 tres
1405 571 1559 600 fruitiones.

1156 617 1335 646 RESPONDEO:
1359 618 1437 653 Quod
1460 627 1506 646 res
1526 618 1661 655 accipitur
1679 619 1723 648 hic
1739 619 1926 647 communiter

1078 663 1113 691 ad
1135 663 1282 691 essentiam
1305 666 1332 692 et
1346 671 1494 700 personam
1509 668 1623 701 propter
1638 666 1682 693 sui
1697 666 1923 702 generalitatem3

1078 711 1105 736 et
1119 709 1184 745 quia
1200 711 1325 737 sumtum
1337 709 1347 723 ⁶
1360 712 1402 738 est
1416 710 1469 738 hoc
1484 710 1653 739 vocabulum
1668 720 1714 739 res·
1736 712 1771 739 ab
1792 714 1857 740 actu
1871 712 1926 740 ani-

1080 762 1158 788 mae,
1180 754 1242 783 ideo
1264 758 1321 783 tres
1343 755 1476 784 dicuntur
1497 765 1561 789 res,
1589 757 1655 793 quia
1686 760 1742 786 tres
1774 765 1925 794 personae,

1080 800 1129 828 sed
1150 804 1243 829 tamen
1264 809 1326 829 unct
1347 810 1409 836 res,
1431 802 1497 839 quia
1522 811 1578 830 una
1609 803 1717 832 bonitas
1747 808 1789 833 est
1817 804 1845 832 in
1876 805 1926 833 eis.

1079 848 1149 884 Quia
1170 856 1236 885 ergo
1258 856 1315 876 una
1336 848 1459 881 bonitas,
1482 849 1544 878 ideo
1559 853 1586 878 et
1600 859 1656 879 una
1670 851 1780 885 fruitio,
1796 852 1925 888 quamvis

1055 926 1060 927 ⁷
1078 897 1136 922 tres
1157 902 1210 922 res.
1232 911 1270 914 —
1291 895 1322 923 Et
1343 895 1472 931 qnoniam
1488 896 1634 924 articulus
1649 897 1715 925 dicit
1735 897 1833 934 quida
1847 901 1927 935 parte

1079 940 1188 969 animae
1209 941 1419 978 distinguentis,
1445 942 1549 971 scilicet
1576 943 1747 978 intellectus,
1775 947 1803 972 et
1829 944 1925 972 fruitio

1079 987 1192 1023 respicit
1215 987 1302 1024 ipsam
1317 988 1326 1002 ⁷
1347 988 1470 1016 divinam
1492 989 1641 1018 essentiam
1662 992 1689 1018 et
1720 990 1871 1019 bonitatem
1900 993 1928 1019 et

1078 1034 1210 1062 unionem
1231 1034 1347 1063 affectus
1368 1036 1571 1070 communiter,
1595 1036 1656 1065 ideo
1677 1037 1772 1065 fruitio
1798 1040 1839 1066 θεῖ
1859 1045 1925 1065 una.

1428 1121 1495 1150 DUB.
1516 1122 1581 1150 VIII.

1159 1198 1227 1226 Item
1249 1198 1379 1227 obiicitur
1400 1199 1435 1227 de
1456 1199 1508 1227 hoc
1530 1199 1605 1236 quod
1634 1200 1717 1228 dicit:
1744 1200 1854 1234 Onmis,
1877 1201 1929 1238 qui

1080 1242 1214 1280 fruitur,
1246 1245 1359 1279 militm
1394 1246 1460 1282 quia
1495 1246 1606 1274 videtur
1642 1246 1759 1281 falsum,
1796 1247 1928 1283 quoniam

1082 1289 1159 1317 stulti
1173 1289 1182 1304 ⁸
1213 1290 1339 1319 homines
1367 1291 1494 1320 similiter
1515 1295 1542 1320 et
1565 1292 1669 1321 bestiae
1690 1292 1839 1327 fruuntur,
1862 1293 1929 1329 quia

1081 1337 1196 1371 propter
1211 1343 1240 1363 se
1255 1335 1429 1365 delectantur
1445 1337 1472 1365 in
1484 1338 1656 1371 delectabili,
1668 1339 1717 1367 sed
1729 1347 1783 1367 non
1799 1342 1927 1367 utuntur.

1082 1380 1116 1408 Sz‘
1126 1381 1225 1414 dieas,
1241 1382 1316 1418 quod
1332 1382 1435 1411 dicitur
1447 1383 1609 1412 translative
1620 1395 1627 1418 3
1638 1392 1725 1421 quare
1737 1392 1791 1413 non
1801 1385 1928 1413 similiter

1053 1457 1054 1464 ἵ
1082 1427 1250 1456 transfertur
1272 1428 1391 1457 verbum
1413 1429 1532 1457 utendi?

1161 1475 1339 1504 Rssspmwsso:
1368 1476 1415 1504 Uti
1434 1477 1567 1514 importat
1588 1478 1745 1506 libertatem
1772 1478 1798 1506 in
1820 1486 1871 1507 sua
1885 1486 1928 1515 ge-

1081 1522 1170 1550 nerali
1183 1523 1351 1559 acceptione,
1367 1523 1395 1551 in
1411 1524 1523 1561 speciali
1539 1525 1671 1562 importat
1692 1525 1850 1554 libertatem
1864 1534 1928 1555 cum

1082 1568 1215 1597 relatione
1237 1569 1272 1597 ad
1298 1570 1395 1605 aliud;
1422 1569 1490 1607 frui
1517 1571 1648 1608 importat
1679 1572 1836 1601 libertatem
1864 1580 1928 1601 cum

1082 1615 1279 1650 delectatione3
1300 1619 1327 1645 et
1347 1616 1410 1645 licet
1431 1624 1481 1645 nec
1503 1617 1618 1646 libertas
1638 1625 1688 1646 nec
1710 1618 1819 1647 collatio
1834 1618 1843 1633 ⁹
1865 1626 1926 1647 con-

1082 1662 1174 1690 veniat
1197 1662 1303 1696 brutis,
1325 1663 1453 1692 convenit
1468 1664 1508 1692 eis
1523 1666 1615 1692 tamen
1631 1664 1784 1693 delectatio.
1807 1665 1870 1693 Ideo
1884 1665 1930 1693 utt'

1082 1708 1160 1736 nullo
1182 1709 1265 1737 modo
1280 1709 1408 1738 convenit
1422 1710 1529 1744 brutis3
1549 1708 1617 1746 frui
1637 1714 1731 1739 autem
1747 1712 1875 1739 convenit
1889 1712 1928 1739 eis

1082 1755 1176 1792 aliquo
1198 1756 1295 1790 modo,
1319 1756 1382 1785 licet
1404 1757 1556 1794 improprie
1572 1758 1598 1785 ¹⁰.

1441 1849 1508 1878 Dun.
1530 1849 1572 1878 IX.

1160 1941 1227 1970 Item
1249 1942 1362 1971 videtur
1383 1943 1455 1972 male
1477 1944 1570 1973 dicere
1580 1968 1587 1979 ,
1602 1945 1676 1981 quod
1692 1945 1723 1973 in
1738 1944 1850 1974 homine
1863 1955 1927 1983 spes

1079 1988 1214 2024 ponenda
1234 1996 1293 2016 now.
1314 1992 1369 2023 θεῖ,
1391 1989 1482 2026 quia¹¹
1508 1990 1542 2018 de
1564 1990 1643 2019 beata
1666 1991 1778 2028 Virgine
1800 1994 1928 2020 cantatur

1088 2033 1170 2067 Vita,
1193 2034 1311 2062 dulcedo
1333 2038 1359 2063 et
1378 2043 1442 2072 spes
1464 2035 1499 2064 ab
1518 2036 1653 2070 Ecclesia,
1674 2045 1746 2074 quae
1767 2046 1822 2075 non
1840 2040 1924 2066 errat.

243 2140 251 2155 ¹
269 2141 421 2163 Praeferimus
437 2141 557 2163 lectionem
567 2147 622 2163 mss.
632 2134 654 2163 et
662 2140 715 2163 cdd.
725 2141 732 2162 *l
744 2159 749 2168 ,
763 2142 788 2169 2,
807 2141 820 2163 3
830 2141 919 2164 lectioni
931 2142 981 2164 Vat.
995 2141 1026 2165 cli-

180 2178 258 2202 vz'sum
268 2174 332 2202 debet·
339 2185 387 2202 esse
399 2180 448 2201 loco
461 2178 553 2209 aliquid
568 2180 613 2207 cst,
631 2182 710 2206 utpote
722 2179 831 2201 subnexis
840 2180 1023 2202 conformiorem.

244 2217 254 2232 2
271 2218 301 2240 Ex
318 2218 365 2240 sere
382 2217 490 2240 omnibus
506 2224 561 2240 mss.
575 2221 601 2240 et
617 2218 652 2240 ed.
682 2218 706 2246 l,
727 2218 752 2246 2,
771 2218 784 2239 3
801 2218 978 2240 emendavimus
993 2219 1025 2240 in-

182 2257 357 2285 terpolationem
374 2257 437 2280 Vat:
455 2258 488 2280 θεῖ
505 2257 575 2280 lerlla
590 2256 666 2279 medio
678 2257 760 2285 modo,
778 2258 801 2280 et
810 2257 856 2280 ista
867 2259 902 2280 est
912 2257 1023 2288 analo-qi,

180 2296 242 2319 sicut
257 2295 302 2318 ἰεῖα
318 2296 363 2323 est,
381 2295 422 2318 ubi
437 2301 486 2318 mm
502 2297 537 2318 est
553 2296 711 2319 communitas
728 2297 855 2319 creaturae
878 2298 899 2319 el
917 2296 1026 2320 Creatori

181 2333 312 2357 secundum
328 2335 431 2356 naturae
444 2333 658 2364 parlicipult'onem,
672 2333 718 2356 secl.
732 2334 819 2357 Deinde
836 2336 857 2357 in
876 2335 920 2358 fine
931 2342 1024 2363 respon-

181 2374 252 2396 sionis
269 2373 336 2395 codd.
354 2373 448 2394 DIXY
464 2379 490 2395 ee
515 2373 603 2395 addunt
619 2374 641 2395 et
664 2380 708 2403 per
733 2373 776 2397 hoc
799 2375 862 2403 patet
888 2374 1022 2404 responsio,

181 2412 238 2442 quia
255 2411 348 2435 obiectio
365 2411 470 2441 procedit
486 2412 512 2434 [Ie
529 2411 640 2435 diuisione
656 2412 752 2435 univoci
760 2421 769 2440 ,·
782 2412 838 2436 haec
850 2414 930 2436 autem
942 2413 1023 2437 clivulo

181 2453 216 2475 est
231 2450 335 2480 unaloqi.
353 2451 426 2473 Placet
442 2452 498 2474 haec
515 2451 607 2479 additio⁷
620 2454 698 2480 utpote
715 2452 835 2474 continens
847 2453 1023 2480 applicationem

181 2490 294 2518 principii.
313 2489 357 2512 err.
375 2495 445 2517 supra
458 2496 476 2511 a.
496 2490 516 2511 3.
534 2496 555 2518 q.
578 2490 595 2512 1.
616 2490 645 2512 ad
667 2491 684 2512 l.

243 2528 253 2543 ³
270 2528 446 2556 Resragantihus
462 2534 517 2551 mss.
536 2532 557 2551 ct
574 2529 609 2551 ed.
632 2530 654 2557 l,
673 2529 742 2552 habet
758 2530 808 2551 Vat.
825 2529 898 2559 ponit.
915 2529 971 2552 Cod.
992 2530 1024 2552 dd

181 2568 264 2590 omittit
288 2568 315 2589 ul
332 2566 439 2590 Christus
460 2570 482 2590 et
498 2568 581 2590 deiude
606 2569 660 2596 legit
683 2574 741 2598 erqo
766 2568 861 2591 tertium
886 2569 1022 2599 superfluit,

182 2606 219 2630 vel
235 2612 283 2636 qua
301 2605 398 2629 ratione.

244 2643 253 2658 4
270 2644 435 2672 Supplevimus
451 2650 478 2666 ex
495 2651 549 2667 mss.
566 2648 588 2667 et
604 2645 641 2667 ed.
660 2646 668 2667 sl
689 2645 716 2668 si.
734 2646 804 2668 Paulo
820 2648 872 2674 post
889 2645 940 2668 cod.
957 2646 975 2667 R
993 2645 1025 2668 ad

181 2682 341 2706 diversitatem
357 2683 406 2705 loco
424 2688 439 2705 a
456 2682 594 2706 (aversitate.

244 2721 253 2736 ⁵
270 2721 353 2744 Contra
370 2721 437 2743 codd.
455 2722 536 2743 omittit
553 2721 603 2743 Vat.
620 2722 682 2751 quia.

245 2759 254 2774 6
270 2760 321 2782 Vat.
339 2763 416 2782 contra
433 2765 488 2782 mss.
506 2762 528 2782 et
544 2759 596 2782 edd.
619 2761 642 2788 l,
660 2761 686 2789 2,
713 2762 726 2783 3
751 2762 886 2784 assumtum
908 2763 930 2783 ct
954 2761 1023 2789 paulo

184 2799 241 2821 infra
258 2801 310 2827 post
328 2799 407 2821 lamen
423 2798 486 2820 addit
502 2804 575 2827 aeque
591 2797 653 2821 bene.

244 2836 254 2851 ⁷
271 2836 325 2859 Fide
342 2837 389 2858 scre
406 2837 510 2858 omnium
534 2836 600 2858 codd.
627 2840 648 2859 ct
673 2837 724 2860 edd.
755 2838 780 2866 l,
799 2838 825 2865 2,
852 2838 864 2859 3
891 2838 1023 2860 suffecimus

182 2875 258 2905 ipsam
275 2879 297 2898 et
313 2876 382 2904 paulo
400 2876 456 2898 infra
474 2881 516 2903 pro
533 2875 627 2905 effectus
643 2878 764 2904 posuimus
780 2877 885 2907 affectus.

1144 2143 1153 2158 ⁸
1170 2143 1241 2166 Codd.
1260 2144 1318 2166 inter
1334 2151 1359 2166 se
1375 2151 1420 2167 non
1438 2146 1592 2173 conveniunt3
1611 2152 1664 2167 nam
1682 2146 1730 2174 alii,
1750 2149 1775 2169 ut
1791 2146 1926 2169 ACGKLOR

1081 2182 1191 2205 SUVWX
1209 2186 1251 2205 etc.
1269 2189 1322 2205 cum
1339 2183 1375 2205 ed.
1398 2184 1403 2205 1
1425 2184 1474 2206 loco
1492 2184 1559 2207 stalli
1575 2187 1664 2212 ponunt
1676 2184 1757 2213 multi,
1775 2187 1814 2214 qui
1832 2189 1854 2209 et
1874 2186 1926 2208 dein

1080 2221 1127 2243 fere
1144 2227 1224 2244 omnes
1241 2223 1348 2244 omittunt
1363 2222 1471 2246 similiter
1483 2224 1505 2245 el
1515 2222 1611 2251 bosnae,
1630 2224 1686 2246 dum
1704 2231 1716 2246 e
1733 2228 1811 2248 contra
1839 2226 1875 2248 alii
1900 2229 1924 2248 ut

1080 2259 1120 2281 FlI
1133 2260 1160 2286 (T
1174 2266 1185 2281 a
1198 2260 1299 2282 secunda
1311 2267 1380 2283 manu
1392 2262 1526 2289 correctus),
1544 2263 1635 2284 omissis
1652 2262 1730 2285 verbis
1742 2263 1809 2286 stulti
1820 2263 1925 2287 homines

1080 2298 1188 2321 simililer
1204 2299 1232 2327 et,
1252 2300 1350 2321 retinent
1361 2298 1457 2328 bestiae,
1476 2300 1551 2329 (codd.
1573 2301 1591 2322 H
1612 2301 1630 2323 T
1652 2300 1749 2330 brula);
1768 2302 1820 2324 edd.
1836 2302 1856 2325 4.
1870 2303 1893 2331 5,
1912 2304 1925 2325 6

1080 2337 1130 2359 loco
1142 2336 1212 2359 multi
1229 2337 1313 2360 habent
1324 2337 1389 2360 mali.
1402 2338 1479 2361 Verba
1491 2339 1624 2367 Augustini,
1637 2341 1658 2361 in
1669 2340 1754 2369 quibus
1765 2340 1863 2363 obiectio
1875 2342 1926 2363 fun-

1080 2375 1153 2403 datur,
1167 2379 1233 2398 sunt:
1251 2376 1277 2399 Et
1293 2376 1336 2398 frui
1354 2377 1448 2405 quidem
1466 2377 1517 2399 cibo
1534 2381 1556 2400 et
1568 2378 1669 2407 qualibet
1682 2379 1795 2407 corporali
1808 2380 1925 2407 voluptate

1080 2421 1124 2436 non
1142 2414 1199 2436 adeo
1217 2415 1317 2437 absurde
1334 2416 1491 2438 existimantur
1508 2420 1530 2439 et
1546 2417 1645 2445 bestiae;
1663 2419 1695 2440 uti
1713 2421 1789 2440 autem
1803 2419 1879 2447 aliqua
1899 2425 1924 2441 re

1081 2459 1125 2474 non
1143 2456 1218 2480 potest
1235 2454 1276 2475 nisi
1294 2454 1391 2481 animal,
1409 2454 1471 2482 quod
1489 2455 1583 2477 rationis
1599 2458 1633 2477 est
1650 2456 1771 2484 particeps.
1790 2456 1852 2478 Scire
1864 2463 1925 2479 nam-

1051 2505 1053 2515 .
1079 2498 1132 2519 que,
1145 2497 1191 2519 quo
1203 2491 1306 2520 quidque
1323 2492 1470 2514 referendum
1488 2493 1527 2520 sit,
1541 2499 1585 2515 non
1597 2493 1677 2516 datum
1689 2497 1723 2516 est
1735 2495 1829 2516 rationis
1846 2500 1925 2522 exper-

1080 2529 1154 2557 tibus,
1172 2529 1213 2551 scd
1231 2536 1306 2558 neque
1323 2531 1379 2558 ipsis
1396 2530 1544 2553 rationalibus
1561 2531 1634 2553 stultis
1652 2532 1698 2559 (83.
1716 2532 1758 2560 Qq.
1781 2539 1804 2560 (1.
1822 2532 1877 2561 30.)⁴

1142 2567 1152 2582 ⁹
1169 2568 1334 2590 Substituimus
1350 2575 1377 2590 ex
1395 2569 1500 2596 plurimis
1522 2575 1577 2591 ῐηεε.
1601 2573 1625 2592 ut
1646 2569 1924 2593 ACFGHIKOSTUV

1079 2606 1163 2628 WXZ
1180 2610 1222 2629 etc.
1240 2610 1262 2629 et
1278 2607 1314 2629 ed.
1334 2608 1341 2629 l
1363 2607 1458 2631 collatio
1476 2615 1518 2636 pro
1537 2608 1638 2635 relano,-
1657 2609 1707 2631 cod.
1719 2610 1737 2631 R
1756 2610 1809 2637 legit
1821 2609 1923 2633 delectio.

1080 2645 1149 2667 Paulo
1166 2652 1235 2673 supra
1254 2646 1304 2668 cod.
1324 2645 1342 2668 Ο
1359 2649 1411 2674 post
1427 2646 1542 2669 relatione
1560 2647 1623 2669 addit
1639 2647 1675 2670 vel
1692 2647 1824 2671 collatione.

1143 2684 1161 2698 ¹⁰
1178 2684 1222 2707 Csr.
1240 2687 1336 2713 August.
1354 2686 1396 2708 loc.
1414 2686 1462 2714 cit.;
1481 2687 1575 2714 insuper
1592 2687 1615 2708 B.
1633 2687 1730 2715 Athen„
1749 2688 1785 2710 hic
1802 2694 1821 2710 a.
1841 2688 1876 2710 t7.
1895 2688 1924 2711 ad

1080 2723 1101 2744 ⁴2.
1117 2734 1149 2738 —
1167 2722 1261 2751 Thom,
1280 2723 1316 2745 hic
1333 2729 1355 2752 q.
1375 2724 1394 2745 l.
1413 2730 1432 2745 a.
1451 2724 1472 2746 sl.
1490 2727 1512 2747 et
1529 2725 1550 2746 S.
1573 2725 1587 2746 I.
1605 2725 1628 2746 ll.
1646 2731 1668 2753 q.
1687 2726 1723 2747 Ἠ.
1741 2732 1761 2747 a.
1775 2726 1795 2748 2.
1807 2738 1838 2742 —
1851 2727 1923 2754 Scot,

1080 2761 1116 2783 hic
1134 2768 1155 2790 q.
1175 2761 1195 2783 5.
1212 2773 1244 2777 —
1260 2761 1378 2790 Richard.‚
1397 2763 1433 2785 hic
1450 2769 1469 2785 a.
1489 2764 1509 2785 2.
1528 2770 1549 2792 q.
1568 2764 1588 2785 2.
1606 2775 1638 2779 -—
1654 2764 1711 2786 Pctr.
1730 2770 1742 2786 a
1761 2765 1826 2793 Tan,
1847 2766 1884 2787 hic
1901 2772 1922 2794 q.

1081 2800 1101 2821 Ξ.
1120 2806 1139 2821 a.
1159 2800 1179 2822 3.

1142 2838 1159 2852 ¹¹
1178 2838 1227 2866 Ope
1244 2839 1311 2861 codd.
1329 2843 1352 2862 et
1367 2840 1403 2862 ed.
1431 2840 1436 2861 t
1463 2841 1615 2868 expunximus
1640 2842 1774 2869 particulam
1800 2843 1833 2870 el,
1852 2849 1922 2871 quam

1080 2876 1130 2899 Vat.
1148 2878 1212 2905 ponit
1228 2881 1281 2905 post
1298 2878 1361 2907 quia.
