2253 3317
206 519 323 542 Quadruplex

210 542 323 565 comparatio

210 565 278 583 Clu-isti
299 564 323 582 ad

212 588 296 611 ¹angelos.

206 1585 293 1608 Quaestio
307 1584 334 1603 in-

218 1608 282 1626 cidens
296 1608 312 1626 ¹.

205 1817 294 1840 Quaestio
307 1817 334 1834 in-

219 1839 283 1858 cidens
295 1840 312 1858 2.

341 159 395 186 *28ss
1025 154 1274 183 SEN'l'ENTlAHUM
1297 153 1355 182 ΜΒ.
1379 154 1395 181 l.

340 235 414 262 Eum
435 234 486 271 qm?
506 233 618 261 modico
639 240 729 270 quam
744 231 848 269 Angyelzt
863 231 1029 260 intimi-atus
1044 235 1098 265 est,
1114 231 1181 260 dicit

337 280 446 308 Glossa:
476 279 601 307 «Natura
622 279 762 307 humanae
784 278 897 312 inentis,
917 278 1030 315 qualem
1053 278 1180 307 Christus

337 327 483 357 assumsit.
504 333 575 362 quae
590 325 668 353 nullo
682 328 794 362 peccato
808 325 898 361 potuit
923 325 1080 362 depravari,
1105 325 1181 353 solus

338 373 413 401 Deus
433 373 521 401 maior
541 374 620 400 est».
642 372 722 404 Item,
744 371 825 399 heata
847 371 937 408 Virgo,
962 380 1034 408 quae
1055 374 1097 401 est
1111 379 1181 408 pure

338 421 478 449 creatura.
500 421 542 446 est
556 425 641 454 super
655 425 752 445 omnes
766 417 883 453 Angelos
898 418 1034 446 exaltata:
1050 425 1117 454 ergo
1131 421 1182 446 etc.

416 464 588 492 Responnno:
611 463 774 497 Dicendum,
796 463 871 500 quod
893 467 935 492 est
956 463 1031 500 loqui
1051 463 1086 492 de
1107 463 1183 492 Chri-

338 513 380 538 sto
402 510 428 538 in
450 510 656 547 comparatione
670 509 706 538 ad
721 509 838 546 Angelos
851 512 988 547 quantum
1003 510 1038 538 ad
1053 513 1183 547 quatuor,

339 556 442 585 seilicet
463 558 599 592 quantum
620 555 655 584 ad
675 555 809 592 qratiam
830 558 858 584 et
878 558 1016 592 quantum
1037 556 1073 584 ad
1100 559 1184 584 uatu-

340 611 406 631 ram
427 602 531 630 mentis
552 605 579 630 et
600 604 737 639 quantum
770 601 804 630 ad
837 605 980 630 naturam
1002 602 1136 639 emporis
1158 604 1185 630 θῖ

340 652 476 685 quantum
492 648 526 677 ad
541 652 652 677 statum
670 648 887 685 passibilitatts.
904 649 1046 685 Quantum
1060 649 1096 677 ad
1116 650 1186 686 qra-

341 695 414 724 tiam
435 698 476 724 est
497 694 660 732 simpliciter
681 695 785 728 maior;
807 697 945 732 quantum
974 695 1010 723 ad
1042 698 1184 723 statueram

338 741 441 770 mentis
476 741 574 770 saltem
609 749 663 769 non
695 741 746 769 fuit
778 741 884 774 minor,
906 741 987 778 quia,
1013 741 1086 770 sicut
1117 741 1184 770 dicit

340 788 435 816 Glossa
448 787 473 815 ¹:
501 788 613 816 «Minor
632 787 742 824 Angelis
764 787 816 816 fuit
837 795 964 825 corpore,
978 796 1034 816 non
1054 791 1147 816 mente
1159 799 1185 820 »ς

340 837 476 871 quantum
497 833 532 862 ad
551 837 695 861 manuam
709 833 843 870 corporis
857 834 948 862 minor
967 833 1034 868 fuitg
1049 836 1187 870 quantum

340 883 434 909 autem
448 880 482 909 ad
497 883 608 908 statum
620 879 629 893 ²
642 879 849 917 passibilitatis
864 880 915 909 fuit
929 880 1020 909 minor
1035 883 1062 909 et
1076 880 1186 909 modico

341 926 503 957 minoratus,
524 926 590 963 quia
611 928 700 955 status
714 926 904 963 passibilitatis
919 926 946 954 in
961 929 1065 955 statum
1081 926 1186 963 gloriae

340 975 367 1001 et
388 973 501 1001 honoris
522 972 606 1009 paulo
626 976 689 1010 post
709 973 915 1001 convertendus
937 973 1028 1001 erat³.

702 1065 767 1093 Drss.
788 1066 828 1093 IV.

420 1158 486 1187 item
508 1159 654 1195 quaeritur
676 1159 710 1187 de
725 1159 777 1187 hoc
792 1159 866 1196 quod
882 1159 949 1187 dicit
963 1159 1092 1193 Hilarius,
1112 1158 1187 1196 quod

343 1205 433 1233 Pater
454 1208 495 1233 est
514 1205 612 1233 maior
638 1204 731 1238 Filio,
763 1205 829 1242 quia
856 1204 879 1233 si
901 1212 1001 1233 verum
1033 1208 1075 1233 est
1112 1204 1187 1242 quod

342 1252 417 1286 dicit,
438 1259 503 1280 eum
524 1251 598 1280 idem
619 1252 654 1280 sit
675 1252 702 1279 in
723 1251 780 1280 Deo
809 1251 958 1288 sapientia,
984 1251 1121 1288 potentia,
1144 1251 1189 1279 ho-

343 1298 414 1327 nitas
435 1301 462 1326 et
483 1298 659 1335 magnitudo:
689 1306 756 1335 ergo
778 1298 818 1326 si‘
842 1298 931 1326 maior
953 1301 1010 1332 est,
1031 1301 1059 1326 et
1080 1301 1122 1326 est
1143 1306 1189 1335 po-

343 1345 443 1373 tentior
457 1348 485 1373 et
499 1344 649 1381 sapientior
663 1347 690 1373 et
704 1344 812 1373 melior.
827 1345 1004 1378 Praeterea,
1020 1344 1047 1372 in
1062 1344 1118 1373 Deo
1133 1352 1187 1372 non

343 1393 384 1418 est
398 1390 561 1427 magnitudo
581 1390 678 1421 molis.
699 1390 749 1419 sed
770 1390 894 1419 virtutis:
916 1398 983 1427 ergo
998 1390 1020 1419 si
1041 1390 1122 1419 Pater
1147 1393 1189 1419 est

344 1436 442 1470 maior,
467 1439 509 1465 est
528 1436 684 1473 potentior3
706 1436 782 1473 quod
803 1440 877 1466 stare
905 1445 959 1465 non
980 1439 1079 1474 potest.
1102 1437 1189 1470 Item,

346 1482 442 1510 maior
457 1485 506 1511 aut
527 1483 593 1511 dicit
606 1483 774 1517 esseuticmz,
790 1486 838 1511 aut
852 1483 1004 1511 notionem.
1020 1483 1079 1511 Non
1099 1491 1188 1511 essen-

347 1528 432 1562 tiam,
447 1528 513 1565 quia
523 1528 643 1557 essentia
657 1531 721 1557 sunt
736 1528 881 1565 aequales3
897 1528 918 1557 si
934 1528 1091 1561 notionem,
1107 1536 1189 1565 quae-

346 1582 388 1603 ro:
410 1577 517 1611 quam?
538 1574 571 1603 St
592 1578 623 1603 tu
637 1575 736 1608 dicas,
751 1575 827 1612 quod
841 1575 1052 1612 paternitatem;
1067 1578 1188 1603 contra:

345 1620 515 1657 comparatio
536 1621 693 1649 secundum
709 1621 801 1649 maius
821 1624 848 1649 et
861 1621 870 1634 ⁵
902 1621 995 1649 minus
1023 1628 1078 1649 non
1103 1623 1189 1650 atten-

346 1667 423 1695 ditur
442 1666 495 1695 nisi
516 1667 544 1695 in
565 1667 878 1704 comparticipantihus,
899 1667 975 1696 unde
997 1675 1051 1695 non
1073 1667 1187 1696 dicitur:

346 1720 452 1750 cygnus
472 1715 514 1741 est
533 1712 623 1741 albior
644 1721 744 1747 corvo;
776 1713 824 1742 sed
846 1713 929 1742 Filius
960 1721 1015 1741 non
1046 1716 1088 1742 est
1118 1721 1190 1742 com-

345 1759 514 1797 participans
540 1760 749 1796 paternitatem:
775 1767 842 1796 ergo
860 1763 911 1788 etc.
933 1760 1004 1787 Item
1024 1759 1188 1796 quaeritur:

346 1812 433 1842 quare
445 1805 455 1818 ⁶
476 1813 531 1833 non
553 1805 656 1834 dicitur
679 1805 766 1834 maior
785 1805 891 1843 Spiritu
912 1807 1032 1834 sancto?

424 1852 600 1881 REsPONnEo:
623 1852 793 1887 Dicendum,
815 1852 890 1889 quod
906 1852 934 1880 in
949 1852 1029 1881 Patre
1044 1854 1086 1880 est
1100 1854 1192 1880 aucto—

346 1897 414 1927 ritas
428 1901 557 1935 respectu
572 1898 630 1926 Filii
649 1901 676 1927 et
690 1898 810 1935 Spiritus
824 1898 921 1933 sancti,
937 1898 964 1926 in
979 1897 1045 1926 Filio
1059 1900 1189 1935 respectu

347 1944 466 1981 Spiritus
487 1944 586 1978 sancti,
607 1947 634 1973 et
655 1944 718 1973 ideo
739 1944 765 1972 in
788 1944 867 1973 Patre
881 1944 971 1972 maior
991 1944 1141 1973 auctoritas
1162 1947 1189 1973 et

413 2359 419 2373 ¹
437 2359 505 2387 Apud
521 2360 637 2387 Lyranum
653 2359 695 2382 loc.
708 2360 755 2381 cit.:
770 2359 842 2382 Minor
858 2365 915 2387 ergo
926 2359 1019 2387 Angelis
1031 2365 1136 2388 corpore,
1149 2365 1193 2382 non

351 2401 433 2421 mente.
450 2398 546 2421 Maiores
562 2401 637 2421 tamen
649 2398 729 2426 Angeli
740 2401 762 2420 et
773 2399 878 2421 homines
895 2398 996 2427 (homine
1002 2398 1022 2426 5³)
1034 2398 1078 2420 dici
1090 2400 1193 2427 possunt,

351 2437 404 2465 qula
415 2437 514 2459 maiores
530 2439 583 2459 sunt
599 2437 698 2459 hominis
715 2443 818 2465 corpore.
837 2437 932 2459 Maiores
948 2438 1001 2459 sunt
1017 2440 1039 2459 et
1049 2438 1137 2465 animo,
1147 2437 1189 2460 sed

354 2476 377 2497 in
394 2481 422 2497 eo
438 2478 526 2498 tanturn
544 2475 607 2504 quod
623 2476 709 2504 peccati
726 2476 843 2503 originalis
869 2476 950 2498 merito
974 2481 1059 2503 corpus
1079 2479 1192 2504 aggravat

351 2514 427 2541 ipsum
444 2514 562 2541 animum;
580 2513 621 2535 sed
638 2514 682 2535 hoc
699 2519 744 2535 non
761 2514 783 2535 in
800 2513 890 2536 Christo
907 2516 948 2536 etc.

412 2552 423 2566 ²
439 2552 500 2574 Licet
516 2552 609 2580 plurimi
627 2551 694 2574 codd.
712 2557 766 2574 cum
782 2552 832 2574 Vat.
850 2554 872 2574 et
888 2552 925 2574 ed.
938 2553 946 2574 ν1
960 2551 1059 2575 Habeant
1066 2553 1189 2580 naturam,

351 2591 503 2619 praeterimus
520 2594 595 2614 tamen
612 2591 732 2614 lectionem
749 2591 817 2614 codd.
834 2590 921 2619 LMO,
938 2593 1018 2619 utpote
1038 2597 1099 2620 quae
1120 2597 1193 2614 mem-

350 2627 399 2651 bris
415 2628 534 2651 divisionis
550 2635 563 2651 a
580 2630 602 2651 S.
620 2628 717 2651 Doctore
733 2630 840 2657 superlus
857 2630 937 2657 positis
954 2629 1085 2657 respondet.

413 2666 424 2682 ³
440 2667 484 2690 Csr.
502 2668 526 2690 B.
542 2667 635 2696 Albert.,
652 2668 689 2690 liic
701 2674 720 2690 a.
734 2668 769 2690 ⁴2.
778 2680 810 2684 —
819 2668 841 2690 S.
854 2668 945 2696 Tuom„
962 2669 998 2691 hic
1009 2674 1086 2697 expos.
1099 2671 1151 2692 text.
1163 2680 1194 2686 —-

352 2705 410 2728 petr.
428 2712 441 2728 a
458 2706 525 2734 Tar.⁷
543 2706 580 2728 hic
597 2712 619 2735 q.
638 2706 646 2728 i
668 2712 689 2729 a.
705 2706 727 2735 7,
739 2709 761 2729 et
777 2712 855 2734 expos.
873 2709 924 2729 text.
936 2706 1081 2729 —Ricnard
1099 2713 1112 2729 a
1128 2707 1194 2735 Med„

354 2744 390 2766 hic
408 2750 429 2772 q.
448 2744 468 2765 6.
485 2755 517 2760 —
533 2744 607 2772 AEgid.
626 2744 664 2772 R.‚
681 2745 718 2767 hic
735 2745 795 2767 circa
812 2745 842 2767 lit.
858 2756 891 2761 —
907 2745 999 2773 Dionys.
1016 2744 1099 2774 Carth.⁷
1118 2746 1154 2768 liic
1171 2751 1193 2774 q.

354 2781 375 2804 3.
393 2782 416 2804 in
433 2782 486 2805 fine.

416 2819 425 2834 ⁴
442 2820 530 2848 Suppie
546 2826 600 2843 cum
616 2821 732 2850 aliquibus
749 2827 803 2844 mss.
821 2825 846 2845 ut
861 2821 965 2845 FHWY
982 2828 1009 2845 aa
1025 2822 1058 2845 hb
1074 2822 1153 2846 Pater.

415 2857 425 2872 ⁵
441 2858 495 2881 Fide
512 2860 666 2888 antiquiorum
683 2866 738 2882 mss.
755 2863 778 2883 et
794 2860 830 2883 ed.
849 2861 857 2882 ·1
879 2860 1040 2884 substituimus
1051 2861 1133 2884 etioco
1144 2861 1194 2884 aut.

353 2895 422 2918 Paulo
439 2896 496 2919 infra
513 2896 548 2919 ed.
568 2897 576 2918 ¹¹
598 2897 796 2928 comparticipum
813 2898 882 2921 Patri
892 2898 917 2922 in
927 2898 1067 2929 paternitate
1079 2905 1122 2927 pro
1133 2904 1195 2923 com-

1238 231 1327 259 maior
1341 230 1508 264 fecunditas;
1530 233 1557 259 et
1571 230 1637 267 quia
1654 231 1764 260 nullum
1779 238 1879 260 nomen
1900 231 1936 259 ita
1951 232 2082 268 competit

1238 277 1273 306 ad
1294 276 1509 314 exprimendam
1523 276 1732 311 auctoritatem,
1748 277 1820 305 sicut
1834 277 1885 305 hoc
1908 285 2008 306 nomen
2023 285 2083 306 mct-

1236 331 1330 360 quus:
1346 322 1408 351 ideo
1429 322 1495 351 dicit
1515 322 1650 357 Hilarius,
1665 323 1740 360 quod
1756 323 1834 351 Pater
1849 326 1891 351 est
1905 323 1993 351 maior
2008 323 2082 352 Filio.

1240 370 1280 398 Ex
1301 369 1353 398 hoc
1374 371 1470 406 patent
1490 369 1609 403 obiecta,
1630 369 1696 406 quia
1710 369 1808 397 maior
1832 377 1886 397 non
1909 369 1976 398 dicit
1994 378 2084 398 essen-

1240 416 1326 450 tiam,
1342 415 1414 445 sicut
1434 415 1556 452 potentia
1570 418 1598 444 et
1612 415 1761 452 sapientia,
1783 415 1832 444 sed
1847 415 1913 444 dicit
1926 416 2078 444 notionem.

1240 462 1267 490 Si
1281 469 1415 499 quaeras:
1431 464 1533 498 quam?
1548 461 1622 496 dico,
1637 462 1712 498 quod
1727 461 1794 490 dicit
1807 462 1947 490 notionem
1962 470 2084 490 commu-
2093 469 2121 488 Aa
2130 469 2225 496 quaestio-

2109 497 2141 511 nes
2155 492 2212 511 incid.

1240 509 1327 543 niter,
1349 508 1398 537 sed
1420 511 1513 537 tamen
1534 508 1561 536 in
1583 508 1689 537 ratione
1717 508 1859 545 principii,
1880 508 1952 537 sicut
1983 508 2084 537 subau-

1240 555 1353 584 ctoritas
1384 555 1411 583 in
1443 554 1549 583 ratione
1580 554 1774 589 emanantis73
1795 557 1822 583 et
1849 554 1914 583 hinc
1935 557 1985 589 est,
2007 554 2082 592 quod

1240 601 1321 630 Pater
1342 601 1445 630 dicitur
1466 601 1555 629 maior
1575 600 1656 635 Filio,
1678 601 1743 637 quia
1765 600 1815 629 etsi
1837 603 1956 637 uterque
1984 599 2085 628 habeat

1240 647 1381 676 notionem
1402 647 1430 675 in
1451 647 1557 676 ratione
1572 646 1714 684 principii,
1735 647 1814 675 Pater
1829 649 1922 675 tamen
1937 646 1964 674 in
1979 646 2085 675 ratione

1241 694 1370 731 principii
1391 693 1534 728 tantum8,
1559 696 1586 722 et
1606 693 1668 722 ideo
1688 693 1752 730 plus
1767 693 1851 722 habet
1866 693 1900 722 de
1921 692 2027 721 ratione
2040 700 2088 721 au-

1242 740 1390 775 ctoritatis3
1411 740 1531 777 Spiritus
1551 742 1646 769 autem
1670 742 1783 768 sanctus
1814 739 1920 768 nullius
1952 746 2086 776 personae

1242 789 1283 815 est
1304 786 1489 823 principium,
1510 788 1537 814 et
1559 785 1621 814 ideo
1642 793 1695 813 nou
1718 787 1897 822 comparatur
1918 785 1959 814 eis
1990 792 2086 814 secun-

1242 832 1310 861 dum
1332 832 1517 860 maioritatem
1530 831 1550 859 ⁹.

1609 925 1673 953 Dun.
1696 925 1727 953 V.

1323 1019 1388 1047 item
1410 1018 1556 1055 quaeritur
1577 1018 1612 1046 de
1626 1018 1679 1046 hoc
1693 1017 1769 1055 quod
1784 1017 1865 1046 dicit:
1881 1017 1977 1045 Maior
1992 1017 2090 1055 itaque

1244 1064 1359 1092 <tonans
1379 1068 1429 1098 est,
1450 1064 1500 1092 sed
1520 1064 1619 1092 minor
1639 1067 1691 1093 etc.
1723 1064 1840 1093 Videtur
1861 1063 1936 1092 enim
1967 1063 2089 1098 falsum„

1244 1111 1310 1148 quia
1337 1118 1515 1148 quocumque
1546 1111 1630 1140 modo
1660 1110 1813 1148 accipiatur
1844 1109 1958 1144 maior,
1987 1109 2089 1139 dicitur

1244 1157 1360 1185 relative
1375 1157 1410 1186 ad
1425 1157 1575 1185 minorem:
1592 1164 1659 1194 ergo
1673 1156 1695 1185 si
1711 1159 1753 1185 est
1767 1163 1871 1193 ponere
1886 1156 1994 1184 Patrem
2009 1156 2092 1185 maio-

1245 1211 1317 1234 rem,
1339 1206 1381 1232 est
1401 1211 1505 1240 ponere
1527 1203 1627 1232 Filium
1647 1202 1793 1231 minorem.
1825 1202 1907 1236 Item,
1938 1202 2018 1231 Pater
2054 1202 2093 1231 di-

1245 1250 1318 1278 citur
1339 1250 1442 1284 maior,
1464 1250 1530 1287 quia
1551 1249 1635 1278 habet
1655 1249 1850 1278 auctoritatem
1872 1257 1958 1286 supra
1978 1248 2089 1278 Filium:

1244 1304 1311 1333 ergo
1332 1304 1396 1325 cum
1428 1296 1511 1324 Filius
1544 1296 1646 1324 habeat
1677 1295 1926 1324 suhauctoritatem
1960 1297 2090 1332 respectu

1245 1342 1349 1377 Patris,
1370 1342 1453 1371 debet
1475 1342 1528 1371 dici
1550 1342 1650 1370 minor.
1725 1344 1737 1357 *

1323 1388 1497 1417 Respounao:
1513 1388 1677 1423 Dicendum,
1692 1388 1767 1425 quod
1782 1388 1852 1417 nihil
1866 1388 1992 1426 impedit,
2003 1396 2091 1426 quare

1245 1434 1329 1463 Filius
1349 1442 1404 1463 non
1425 1434 1535 1463 dicatur
1556 1434 1647 1463 minor
1675 1434 1755 1463 Patre
1783 1434 1889 1463 ratione
1921 1434 2094 1464 subauctori-

1244 1481 1323 1515 tatis,
1346 1481 1417 1510 sicut
1438 1481 1517 1510 Pater
1538 1481 1627 1510 maior
1641 1481 1669 1516 ¹⁰,
1691 1481 1742 1510 nisi
1758 1481 1824 1518 quia
1844 1481 1956 1510 nomina
1977 1481 2094 1518 indigni—

1246 1528 1309 1556 tatis
1331 1527 1359 1555 in
1380 1524 1513 1556 Deo'non
1535 1527 1637 1556 debent
1661 1527 1697 1556 ad
1718 1535 1803 1556 usum
1834 1527 1921 1562 trahi;
1952 1527 1996 1556 vel
2027 1527 2094 1565 quia

1246 1574 1331 1603 sancti
1359 1574 1507 1608 Doctores,
1528 1576 1669 1611 quantum
1690 1576 1826 1611 possunt,
1849 1582 1878 1603 se
1898 1574 2028 1611 elongant
2058 1574 2095 1603 ab

1244 1620 1452 1649 haereticorum
1474 1619 1591 1649 fallacia.
1606 1620 1670 1649 ldeo
1685 1628 1750 1649 cum
1765 1621 1885 1650 Hilarius
1906 1619 2024 1649 dixisset
2046 1619 2091 1649 Pa-

1245 1669 1318 1695 trem
1339 1666 1487 1701 maiorem,
1508 1666 1613 1701 noluit,
1635 1666 1711 1703 quod
1726 1666 1809 1696 Filius
1824 1666 1966 1696 diceretur
1986 1666 2092 1700 minor,

1246 1721 1281 1742 ne
1301 1712 1445 1742 videretur
1467 1712 1514 1741 illa
1535 1713 1679 1742 maioritas
1699 1721 1755 1741 non
1775 1716 1885 1742 tantum
1906 1712 2093 1747 auctoritatis,

1246 1759 1295 1788 sed
1317 1759 1400 1788 etiam
1422 1758 1635 1796 inaequalitatis.
1657 1759 1688 1788 Et
1702 1759 1831 1796 quamvis
1849 1759 1969 1788 Hilarius
1990 1759 2095 1788 diceret

1246 1805 1274 1834 in
1295 1805 1376 1834 Patre
1396 1805 1603 1840 auctoritatem,
1624 1813 1680 1834 non
1700 1808 1794 1834 tamen
1809 1805 1912 1843 legitur
1939 1805 2045 1834 dixisse
2066 1805 2095 1833 in

1247 1851 1313 1880 Filio
1334 1851 1599 1886 subauctoritatem3
1620 1851 1670 1880 sed
1690 1851 1761 1880 illud
1783 1852 1903 1880 verbum
1923 1860 1940 1880 a
1954 1851 2094 1888 magistris

1246 1901 1289 1926 est
1309 1897 1437 1927 additum
1459 1898 1486 1926 in
1507 1898 1738 1927 consuetudinem
1760 1898 1964 1935 disputantium
1977 1898 2002 1925 ¹¹.

1245 2359 1394 2389 participans
1407 2359 1581 2389 paternitatem.
1598 2372 1630 2377 —
1647 2360 1679 2382 De
1696 2361 1738 2383 hac
1755 2361 1841 2383 ratione
1858 2361 1912 2384 vide
1934 2367 2004 2389 supra
2030 2361 2052 2384 d.
2072 2362 2093 2384 8.

1250 2404 1272 2426 p.
1290 2399 1304 2420 l.
1322 2398 1378 2421 dub.
1398 2398 1419 2421 4.

1313 2436 1323 2452 ⁶
1339 2438 1362 2459 ln
1379 2437 1430 2460 cod.
1448 2437 1480 2460 bb
1497 2437 1590 2460 additur
1607 2439 1714 2468 uterque.

1312 2476 1322 2491 ⁷
1339 2476 1397 2498 Vide
1414 2483 1484 2504 supra
1502 2476 1524 2499 d.
1544 2477 1579 2499 13.
1597 2477 1653 2499 dub.
1672 2477 1692 2499 4.
1710 2481 1731 2500 et
1748 2476 1770 2500 d.
1790 2478 1826 2500 ⁴5.
1844 2484 1867 2506 p.
1885 2478 1898 2500 Ι.
1917 2484 1938 2507 q.
1962 2479 1979 2500 l.
1992 2477 2021 2500 ad
2038 2479 2059 2500 2.
2072 2481 2095 2501 et

1251 2515 1272 2543 3,
1284 2521 1311 2537 ac
1327 2515 1383 2537 infra
1396 2515 1418 2537 d.
1432 2515 1468 2537 20.
1486 2521 1505 2537 a.
1526 2516 1545 2538 J·
1563 2522 1585 2544 q.
1604 2516 1624 2537 2.
1642 2515 1672 2538 ad
1690 2515 1710 2543 4,
1728 2519 1751 2539 et
1767 2516 1789 2539 d.
1808 2516 1845 2539 27.
1861 2522 1885 2545 p.
1903 2517 1918 2539 l.
1936 2523 1958 2546 q.
1970 2517 1991 2539 2.
2003 2516 2032 2539 ad
2050 2517 2071 2539 3.

1313 2553 1323 2568 ⁸
1339 2553 1379 2576 Ed.
1399 2554 1407 2575 rt
1429 2553 1492 2576 addit
1508 2553 1607 2582 scilicet,
1627 2560 1675 2577 non
1690 2554 1835 2584 principiali.

1313 2591 1323 2606 ⁹
1340 2592 1370 2615 lta
1387 2593 1523 2615 vetustiores
1540 2592 1607 2615 codd.
1625 2598 1679 2615 curn
1695 2593 1732 2615 ed.
1750 2594 1759 2615 4
1774 2611 1779 2621 ,
1797 2593 1854 2616 dum
1872 2594 1921 2616 Vat.
1943 2599 1997 2616 cum
2020 2600 2097 2617 recen-

1251 2631 1309 2653 tiore
1325 2630 1376 2653 cod.
1393 2637 1419 2653 cc
1435 2630 1601 2654 auctoritatem
1621 2632 1697 2660 ponit,
1722 2631 1764 2654 sed
1784 2638 1922 2661 perperam,
1940 2633 1994 2661 quia
2018 2633 2097 2656 aucto-

1251 2668 1312 2692 ritas
1328 2671 1362 2692 est
1378 2670 1489 2692 terminus
1506 2670 1597 2692 medius
1615 2670 1766 2693 conclusionis
1782 2670 1913 2693 eliciendae.
1931 2669 1986 2693 Cod.
2005 2670 2035 2693 dd
2053 2670 2097 2695 mi-

1251 2707 1395 2736 novitatem,
1414 2707 1474 2730 hene
1490 2710 1513 2730 et
1529 2709 1551 2729 in
1569 2707 1653 2730 eodem
1669 2714 1738 2731 sensu
1756 2715 1810 2732 cum
1827 2709 1877 2731 aliis
1893 2708 1960 2732 codd.

1317 2745 1336 2760 1⁰
1353 2746 1376 2768 ln
1393 2746 1444 2768 cod.
1462 2746 1482 2768 K
1499 2746 1592 2769 additur
1608 2746 1676 2770 Filio.

1316 2783 1333 2798 ¹¹
1352 2784 1403 2806 Vat.
1420 2787 1499 2807 contra
1515 2784 1628 2812 plurimos
1645 2785 1713 2808 codd.
1730 2788 1753 2808 et
1777 2785 1813 2808 ed.
1843 2786 1848 2807 l
1875 2784 2049 2808 consuetudine.
2067 2797 2098 2802 —

1253 2821 1285 2844 De
1303 2822 1347 2844 lioc
1363 2825 1385 2845 et
1401 2822 1547 2850 praecedenti
1565 2823 1637 2846 dubio
1653 2826 1726 2851 agunt
1741 2824 1765 2846 B.
1790 2823 1890 2853 Albert.‚
1907 2824 1944 2846 hic
1965 2830 1986 2847 a.
2012 2824 2057 2852 435
2075 2824 2096 2846 S.

1254 2861 1350 2889 Tuom„
1368 2861 1425 2884 Petr.
1444 2867 1455 2883 a
1474 2861 1526 2884 Tar.
1544 2864 1566 2884 et
1582 2862 1701 2890 menard„
1718 2863 1755 2885 hic
1771 2863 1793 2885 in
1810 2868 1888 2891 expos.
1907 2865 1987 2885 textus.
