2253 3317
349 127 403 155 244
1043 125 1294 155 SENTENTIARUM
1315 126 1375 155 LlB.
1399 126 1415 154 Ι.

643 301 1080 349 COMMENTARIUS
1115 303 1176 350 IN
1210 302 1648 352 DISTINCTIONEM
1681 304 1795 353 XIV.

566 427 610 460 Dc
635 427 793 471 tcmporali
820 427 1011 471 processione
1037 427 1170 472 Spiritus
1197 428 1291 461 sancti
1317 434 1464 473 quantum
1490 429 1529 462 ad
1554 429 1733 475 principium
1758 442 1776 463 a
1801 441 1870 475 quo.

507 544 661 572 Praeterea
697 544 848 581 (liliycnter
880 544 1043 572 nota‘ndzmt
1077 548 1133 577 esc,
1166 544 1243 582 quod
1271 545 1390 581 yemiria
1420 549 1461 573 esc
1492 545 1623 583 Spiritus
1652 545 1750 574 sancti
1775 546 1930 583 processio.

1072 698 1197 728 DIVISIO
1218 699 1356 728 TEXTUS.

422 831 580 859 Terminata
590 833 678 867 parte,
690 838 761 867 quae
776 833 818 859 est
829 831 864 859 de
879 830 1055 867 processione
1066 833 1187 865 aeterna,

343 877 388 906 hic
403 876 498 913 incipit
512 876 633 905 secunda
649 884 729 913 pars,
744 884 815 913 quae
829 880 871 905 est
886 876 920 905 de
935 876 1110 913 processione
1122 879 1188 905 tem-

343 923 440 960 porali.
465 923 493 951 Et
515 922 645 960 quoniam
668 922 695 950 in
717 923 768 951 hac
789 923 965 960 processione
989 926 1031 952 est
1052 923 1105 952 tria
1126 930 1187 952 con-

343 970 482 1001 siderare,
498 969 602 998 scilicet
622 969 806 1006 principium
821 978 840 997 (1,
854 978 910 1007 quo
925 969 1051 1007 procedit
1068 969 1187 1006 Spiritus

343 1020 469 1050 sanctus,
491 1019 518 1044 et
537 1017 642 1045 modus
662 1017 820 1045 seeundum
844 1024 944 1054 quem,
966 1019 993 1045 et
1018 1016 1187 1054 proprietas

339 1071 393 1100 per
405 1063 413 1078 ¹
430 1070 517 1100 quam
533 1066 615 1100 aptus
630 1065 713 1091 natus
727 1067 769 1091 est
780 1063 944 1100 procedere:
961 1063 1023 1091 ideo
1038 1063 1106 1091 haec
1121 1071 1188 1100 pars

342 1109 425 1138 hahet
446 1112 503 1139 tres
523 1112 631 1146 partes,
654 1110 681 1137 in
710 1117 831 1146 quarum
856 1109 958 1146 prima
983 1109 1039 1146 agit
1060 1109 1188 1147 Magister

342 1157 377 1186 de
391 1157 567 1194 processione
583 1156 728 1193 temporali
744 1164 794 1193 per
809 1157 1045 1194 comparationem
1056 1157 1097 1185 ad
1106 1157 1189 1194 prin-

342 1204 452 1240 cipium
473 1212 492 1231 a
507 1212 580 1241 qum
602 1203 629 1231 in
650 1203 779 1231 secunda
800 1203 856 1239 agit
870 1203 904 1231 de
919 1203 979 1240 ipsa
1000 1203 1028 1231 in
1047 1211 1188 1240 compara-

343 1251 416 1279 tione
437 1250 472 1279 ad
487 1250 607 1278 modium
621 1249 784 1278 secumdum
798 1258 895 1287 quem,
911 1250 997 1284 infra,
1013 1249 1187 1278 distinctione

342 1297 449 1326 decima
476 1297 572 1333 quinta
600 1296 673 1325 circa
700 1296 838 1331 medium,
863 1296 913 1325 ihi:
938 1296 994 1324 Hie
1018 1296 1187 1334 quaeritur,

342 1346 442 1371 utrum
467 1342 553 1371 semel
578 1345 693 1370 tamum
720 1342 829 1370 missus
860 1342 938 1376 sit²³;
967 1343 994 1371 in
1023 1342 1109 1370 tertia
1137 1350 1187 1379 per

342 1389 576 1426 comparationem
591 1388 626 1417 ad
639 1388 850 1425 proprietatem
867 1397 921 1426 per
943 1397 1032 1426 quam
1050 1392 1132 1417 natus
1146 1392 1188 1418 est

343 1436 534 1473 temporaliter
548 1436 715 1472 procedere,
737 1439 764 1464 et
779 1436 830 1464 hoc
845 1439 886 1465 est
910 1436 1014 1464 donum
1030 1436 1088 1464 sive
1106 1436 1188 1464 dona-

342 1483 443 1514 bilitas,
458 1482 542 1517 infra,
563 1482 738 1511 distinctione
757 1482 865 1511 decima
879 1485 976 1511 octava
991 1482 1017 1510 in
1038 1481 1186 1519 principio:

342 1529 398 1557 Hie
424 1529 595 1567 quaeritur,
623 1536 691 1556 cum
718 1528 849 1565 Spiritus
868 1531 1003 1561 satietas,
1029 1536 1082 1565 per
1103 1535 1186 1565 quem

343 1575 518 1603 dividunum·
539 1575 625 1603 [Iona.

421 1621 528 1649 Prima
542 1629 607 1658 pars
630 1621 731 1649 iterum
745 1621 829 1649 habet
850 1621 932 1649 duas:
952 1621 978 1649 in
991 1621 1093 1657 prima
1108 1623 1187 1657 parte

342 1668 462 1697 ostendit
473 1668 494 1699 ³,
509 1668 585 1704 quod
598 1668 717 1705 Spiritus
732 1670 844 1696 sanctus
854 1667 1045 1704 temporaliter
1060 1667 1186 1695 mittatur

343 1714 400 1743 sive
427 1714 560 1751 procedat
580 1722 596 1742 a
617 1714 696 1741 Patre
724 1716 751 1742 et
773 1714 850 1748 Filiog
875 1714 1000 1742 seeundo
1028 1714 1186 1750 quaeritur,

342 1764 438 1789 utrum
457 1761 585 1789 mittatur
599 1760 657 1789 sive
672 1760 804 1797 procedat
818 1769 834 1788 3
855 1768 896 1795 se⁵
919 1761 998 1795 infra,
1013 1760 1188 1789 distinctione

342 1808 449 1836 decima
464 1808 561 1844 quinta
583 1807 610 1835 in
625 1807 773 1844 principio:
794 1807 850 1835 Hic
865 1807 1110 1835 considercmdzmz
1133 1810 1186 1840 est,

339 1862 407 1882 cum
438 1853 568 1890 Spiritus
595 1857 717 1881 structus
746 1854 830 1881 detur
858 1853 1023 1882 hominihus
1051 1862 1071 1881 (1,
1098 1853 1188 1881 Patre

339 1904 367 1928 et
389 1900 472 1928 Filio.

420 1947 528 1974 Prima
548 1954 614 1983 pars
635 1949 676 1974 est
697 1947 852 1983 praesentis
866 1946 1049 1975 distinctionis
1063 1949 1090 1974 et
1104 1946 1188 1974 habet

343 1993 413 2021 duas
434 1995 539 2029 partes:
562 1992 589 2020 in
604 1992 695 2028 prima
710 1993 842 2024 ostendit,
857 1992 931 2029 quod
947 1992 1072 2029 procedit
1086 1995 1189 2029 tempo-

342 2040 438 2068 raliter
459 2048 473 2067 a
492 2040 569 2067 Patre
591 2042 618 2067 et
640 2039 717 2067 Filio:
741 2039 766 2067 in
790 2039 911 2068 secunda
934 2039 1043 2075 quaerit
1053 2038 1070 2066 ⁴.
1091 2041 1188 2066 utrum

1244 830 1365 867 Spiritus
1387 832 1500 859 sanctus
1515 830 1598 858 detur
1619 838 1635 858 3
1656 831 1758 859 sanctis
1779 832 1952 867 hominibus,
1972 833 2020 861 ibi:
2036 833 2092 862 Hic

1243 876 1416 914 quaeritur,
1437 879 1540 905 zttritm
1560 880 1587 905 et
1605 876 1703 905 sancti
1728 877 1789 905 viri
1808 878 1874 906 dent
1906 878 1950 906 vel
1976 879 2091 915 possint

1243 924 1316 952 dare
1334 927 1385 953 etc.

1322 970 1350 998 In
1370 969 1471 1007 prima.
1486 971 1589 999 iterum
1604 972 1683 1007 parte
1698 971 1752 999 tria
1777 971 1840 1000 facit
1863 971 2019 1000 secundum
2036 972 2090 1001 tria

1243 1016 1366 1054 capitula
1377 1017 1394 1045 ⁵.
1417 1017 1446 1044 ln
1468 1016 1558 1054 prima
1579 1017 1712 1051 ostendit,
1733 1017 1808 1054 quod
1830 1017 1940 1054 gemina
1965 1020 2006 1046 est
2027 1025 2089 1055 pro-

1244 1063 1331 1092 cessio
1346 1063 1465 1100 Spiritus
1487 1063 1587 1097 sancti;
1602 1064 1629 1092 in
1651 1063 1786 1098 secunda,
1805 1063 1879 1100 quod
1894 1067 2015 1101 utraque
2029 1072 2091 1101 pro>-

1244 1110 1331 1138 003310
1353 1112 1394 1138 est
1408 1118 1424 1137 a
1446 1109 1525 1138 Patre
1546 1112 1573 1138 et
1587 1109 1666 1143 Filio,
1688 1109 1741 1138 ihi:
1764 1109 1805 1138 De
1820 1109 1974 1147 temporali
1992 1112 2091 1138 autem

1240 1155 1424 1192 processione
1436 1156 1516 1184 Beda
1531 1155 1562 1183 in
1584 1154 1704 1184 homilia
1718 1160 1783 1189 etc.;
1798 1156 1825 1184 in
1840 1156 1934 1191 tertia,
1954 1156 2020 1193 quia
2035 1156 2091 1193 Spi-

1244 1202 1316 1231 ritus
1343 1203 1429 1231 sancti
1458 1202 1620 1239 temporalis
1647 1202 1788 1239 processio
1812 1202 1873 1231 eius
1901 1204 1942 1231 est
1963 1201 2090 1237 donatio,

1243 1248 1380 1283 ostendit,
1401 1248 1475 1285 quod
1498 1248 1557 1285 ipse
1578 1248 1697 1285 Spiritus
1719 1251 1831 1277 sanctus
1852 1248 1880 1276 in
1895 1248 2010 1285 propria
2030 1255 2091 1285 per-

1244 1303 1312 1324 sona
1326 1295 1454 1328 donetur,
1469 1303 1523 1323 non
1538 1298 1647 1324 tantum
1662 1295 1690 1323 in
1705 1295 1817 1330 effectu,
1834 1295 1883 1323 ihi:
1904 1294 1979 1323 Sunt
1992 1298 2090 1324 autem

1243 1342 1351 1380 aliqui,
1373 1342 1425 1380 qm
1445 1342 1561 1375 dicunt,
1584 1342 1729 1379 Spiritum
1749 1346 1893 1371 sanctum.

1322 1389 1377 1417 Hic
1399 1389 1570 1427 quaeritur,
1592 1392 1695 1417 utrum
1716 1393 1742 1417 et
1761 1389 1858 1418 sancti
1877 1389 1939 1417 viri
1963 1389 2029 1418 dem
2049 1389 2091 1417 vel

1239 1435 1354 1472 possint
1368 1435 1448 1463 clare.
1465 1435 1534 1464 Haec
1549 1438 1591 1464 est
1604 1435 1733 1463 secunda
1748 1443 1814 1472 pars
1827 1436 1983 1472 praesentis
1997 1436 2091 1464 distin-

1244 1482 1373 1515 ctionisG,
1388 1482 1415 1509 in
1441 1489 1509 1518 (1113,
1530 1484 1641 1509 ostenso
1668 1481 1743 1518 quod
1765 1481 1883 1518 Spiritus
1904 1484 2016 1510 sanctus
2029 1489 2091 1519 pro-

1243 1529 1323 1557 cedat
1350 1527 1541 1564 temporaliter
1567 1528 1623 1556 sive
1652 1527 1772 1556 donetur
1800 1536 1815 1556 a
1847 1528 1926 1556 Patre
1954 1531 1981 1557 et
2008 1528 2089 1562 Filio,

1242 1574 1352 1611 quaerit
1373 1574 1513 1610 Magister,
1529 1576 1625 1602 utrum
1647 1574 1731 1602 detur
1751 1574 1786 1602 ab
1800 1574 1894 1611 aliquo
1909 1577 2004 1603 sancto
2021 1574 2088 1602 viro.

1244 1622 1275 1649 Et
1295 1622 1363 1649 haec
1384 1628 1450 1657 pars
1470 1621 1553 1649 habet
1575 1624 1631 1649 tres
1652 1624 1746 1658 partes
1765 1621 1920 1650 secundum
1942 1621 1995 1649 tria
2018 1628 2090 1658 quae

1243 1668 1371 1696 ostendit.
1398 1667 1488 1695 Primo
1516 1675 1637 1704 namque
1666 1668 1788 1696 declarat
1816 1671 1843 1696 et
1873 1667 1987 1704 prohat,
2015 1667 2090 1704 quod

1243 1715 1363 1751 Spiritus
1396 1717 1509 1743 sanctus
1540 1722 1594 1742 non
1617 1714 1701 1742 detm-
1723 1714 1758 1742 ab
1783 1714 1877 1751 aliquo
1899 1717 1993 1743 sancto
2020 1714 2089 1743 viro.

1243 1761 1370 1790 Secundo
1385 1768 1452 1789 vero
1466 1760 1587 1789 ostendit
1598 1761 1761 1789 auctoritate
1776 1761 1930 1798 Augustini,
1945 1761 2021 1798 quod
2035 1769 2090 1789 non

1242 1811 1331 1845 potest
1353 1807 1439 1841 dari,
1462 1807 1510 1835 ihi:
1536 1808 1571 1835 Ec
1591 1807 1668 1845 quod
1678 1807 1747 1844 plus
1761 1811 1811 1841 esc,
1826 1816 1885 1836 non
1902 1815 1987 1844 posse
2001 1807 2089 1836 etiam

1243 1854 1317 1882 d‘tre
1337 1854 1407 1882 dicit
1429 1857 1479 1883 etc.
1502 1854 1531 1882 ln
1548 1854 1627 1882 tertia
1645 1854 1759 1891 opponit
1779 1854 1814 1883 ad
1829 1853 2009 1888 contrarium,
2024 1854 2087 1890 quia

1244 1901 1355 1929 videtur
1376 1900 1458 1929 datus
1479 1909 1495 1928 3
1524 1900 1623 1934 Paulo,
1645 1900 1697 1929 ihi:
1721 1901 1776 1929 Sed
1796 1899 1864 1929 ltuic
1891 1900 2006 1929 videtur
2026 1909 2091 1929 corte

1244 1946 1375 1974 crarium
1397 1947 1474 1984 quod
1495 1946 1651 1983 Apostolus
1672 1949 1739 1981 etc,
1753 1947 1802 1975 uhi
1823 1947 1917 1981 solvit,
1938 1946 2013 1984 quod
2033 1955 2088 1976 non

1243 1994 1286 2020 est
1306 1992 1389 2020 datus
1410 1992 1445 2020 ab
1467 1992 1542 2029 ipso.
1565 1992 1611 2021 sed
1634 1992 1670 2021 ab
1691 1992 1751 2021 01113
1772 1992 1951 2021 ministerio⁷.

990 2171 1009 2198 Τ
1013 2170 1173 2198 RACTATIO
1199 2170 1440 2206 QUAESTIONUM.

422 2303 461 2331 Ad
485 2302 694 2339 intelligentiam
710 2309 820 2335 eorum,
835 2309 906 2339 quae
921 2301 1053 2330 dicuntur
1070 2302 1095 2329 in
1111 2309 1188 2338 prae-

347 2348 416 2377 senti
438 2349 631 2383 distinctione,
654 2349 710 2377 duo
731 2348 900 2385 pricipaliter
921 2350 1104 2385 quaeruntur.

422 2396 526 2424 Primo
548 2396 694 2432 quaeritur
715 2395 750 2424 de
774 2394 949 2432 processione
974 2394 1118 2432 temporali
1133 2395 1189 2431 Spi-

346 2443 418 2471 ritus
439 2442 534 2471 sancti.

423 2488 553 2517 Secundo
575 2488 609 2517 de
631 2488 690 2516 eius
712 2488 866 2517 donatione.

408 2682 415 2696 1
434 2683 507 2711 Aliqui
525 2682 592 2704 codd.
610 2686 635 2705 ut
652 2683 680 2704 W
691 2683 711 2704 X
722 2683 737 2704 Z
755 2683 891 2706 secundum.

407 2720 416 2734 2
433 2721 498 2748 Vat.,
518 2727 572 2743 mss.
590 2723 612 2743 et
629 2721 665 2743 ed,
686 2722 693 2743 1
716 2720 883 2749 obnitentibus,
901 2723 966 2749 ponit
982 2723 1037 2745 salso
1050 2724 1188 2752 principium

346 2758 368 2780 d.
387 2759 422 2780 116.
441 2759 487 2781 scil-
505 2759 576 2782 Nunc
587 2759 614 2782 de
625 2759 718 2789 Spiritu
729 2761 811 2783 sancto
822 2760 949 2783 videndum
962 2762 996 2784 est
1010 2764 1052 2784 etc.

408 2796 417 2812 ³
434 2797 474 2819 Ed.
493 2798 501 2819 ll
523 2797 660 2821 ostenditur.

407 2834 417 2849 ⁴
434 2835 484 2858 Vat.
502 2836 639 2865 quaeritur,
658 2837 699 2859 sed
717 2840 794 2859 contra
812 2843 866 2860 mss.
883 2841 903 2860 et
921 2839 957 2861 ed.
976 2840 996 2861 ι1.

407 2873 417 2887 ⁵
434 2873 464 2896 Ex
477 2880 531 2896 mss.
541 2878 563 2897 et
571 2875 607 2897 ed.
621 2876 626 2897 1
638 2875 799 2898 substituimus
811 2876 856 2899 triu
868 2877 974 2906 capitula
985 2879 1034 2900 loco
1044 2879 1091 2902 tres
1098 2880 1188 2908 parles.

1322 2300 1462 2336 Quantum
1479 2300 1513 2328 ad
1528 2300 1652 2337 primum
1664 2304 1841 2337 quaeruntur
1855 2302 1920 2330 duo.

1324 2346 1414 2374 Primo
1435 2346 1616 2383 quaeritur²³‚
1637 2350 1734 2375 utrum
1756 2348 1791 2376 sit
1808 2356 1912 2384 ponere
1939 2349 2089 2386 processio-

1245 2400 1309 2421 nem
1325 2393 1508 2430 temporalem
1525 2393 1644 2430 Spiritus
1666 2394 1761 2422 sancti.

1323 2447 1465 2481 Secundo,
1487 2450 1582 2475 utrum
1605 2448 1745 2484 processio
1765 2450 1926 2486 temporalis
1945 2453 2030 2487 ponat
2059 2450 2086 2478 in

1244 2499 1396 2520 numerum
1419 2501 1481 2521 cum
1504 2496 1624 2522 aeterna.

1306 2685 1315 2700 ὅ
1333 2686 1383 2708 Vnt.
1401 2688 1492 2714 praeter
1508 2687 1577 2709 fidcni
1595 2694 1649 2710 mss.
1666 2691 1688 2710 et
1703 2689 1738 2710 ed.
1761 2689 1766 2710 1
1792 2689 1968 2717 praecedentem
1985 2688 2087 2718 proposi·

1245 2726 1330 2748 tionem
1346 2726 1376 2747 ita
1393 2725 1499 2748 exhibet:
1521 2725 1636 2749 Similiter
1656 2727 1759 2750 secunda
1781 2734 1854 2758 pars,
1873 2735 1934 2758 quae
1944 2728 2025 2758 incipit
2039 2728 2086 2752 ibi:

1244 2764 1287 2788 Hic
1298 2764 1424 2794 quaeritur
1434 2766 1518 2788 utrum
1529 2766 1550 2788 et
1561 2765 1638 2789 sancti
1647 2766 1694 2789 viri
1704 2766 1758 2789 derit
1774 2770 1816 2790 etc.

1305 2802 1314 2817 ⁷
1332 2802 1388 2825 Cod.
1406 2803 1425 2825 K
1440 2809 1485 2832 per
1501 2803 1552 2826 eius
1568 2803 1727 2827 ministerium
1736 2813 1744 2833 ,Δ
1763 2805 1813 2827 cod.
1830 2806 1849 2828 Y
1865 2805 1891 2828 iit
1907 2806 1957 2828 loco
1976 2805 2012 2829 ab.

1306 2840 1316 2855 ⁸
1332 2841 1363 2863 Ex
1380 2841 1548 2870 antiquioribus
1565 2848 1619 2865 mss.
1636 2846 1658 2865 et
1674 2843 1710 2865 cd.
1730 2844 1738 2865 1
1754 2844 1915 2872 supplevimus
1925 2843 2007 2867 Pm'mo
2018 2850 2086 2874 quae-

1244 2879 1327 2908 rilur;
1343 2880 1413 2908 aliqui
1430 2880 1497 2902 codd.
1515 2883 1590 2903 tamen
1607 2882 1714 2905 omittunt
1725 2882 1856 2911 quaeritur.
