2253 3317
785 141 868 169 DIST.
891 140 977 169 XXIII.
1000 141 1070 170 ΛΒΤ.
1093 140 1111 168 I.
1133 141 1267 177 QmEST.
1290 141 1306 168 I.
1864 140 1919 174 [105

176 219 252 257 quod
274 218 365 247 solum
380 218 415 247 ad
430 218 524 255 fugam
540 218 745 247 haereticorum
757 221 783 247 et
798 227 851 247 non
868 219 1023 248 secundum

177 265 323 294 veritatem
338 268 365 293 et
380 264 579 302 proprietatem
601 264 710 293 dicatur
720 273 849 302 persona
870 265 898 294 in
913 265 1022 294 divinis.

257 312 282 339 Ξ).
305 310 387 345 11010,
409 311 461 339 1100
481 310 575 348 ipsum
596 310 708 339 videtur
721 311 852 344 ratione,
874 310 940 348 quia
960 319 1024 348 per-

174 366 251 386 sona
272 357 396 386 nominat
416 357 586 394 particulare
607 361 634 386 et
658 365 711 386 non
740 358 953 395 quodcumque,
975 357 1023 386 sed

178 404 320 433 rationalis
334 407 465 437 naturam
490 404 539 433 sed
554 412 571 433 a
594 412 772 442 quocumque
797 408 957 434 removetur
981 413 1025 433 su-

178 450 296 488 perius,
317 453 344 479 et
365 450 498 479 inferius:
531 458 598 487 ergo
626 459 689 480 cum
719 452 745 480 in
774 451 875 480 divinis
906 459 961 480 non
989 451 1024 480 sit

179 497 271 526 dicere
295 496 484 534 particulare
500 497 522 530 ¹,
544 497 672 526 similiter
699 505 749 527 nee
771 498 823 526 erit
851 498 943 526 dicere
963 506 1025 535 per-

177 552 291 572 sonam.

258 590 284 619 3.
299 590 379 625 Item,
394 591 564 628 particulare
579 591 721 620 rationalis
738 593 883 620 creaturae
898 593 939 619 est
953 598 1025 619 com-

179 637 378 676 positissimum
396 637 467 666 inter
481 638 574 666 omnia
588 640 689 667 creata.
702 637 769 666 Nam
784 638 968 675 compositum
983 642 1025 667 est

179 692 216 713 ex
244 684 400 714 substantia
420 684 557 721 corporali
578 687 606 713 et
626 684 777 722 spirituali,
799 688 826 713 et
846 692 947 713 rursus
968 692 1025 713 cor-

178 732 283 769 poralis
308 732 379 760 inter
397 739 494 760 omnes
512 731 624 760 videtur
644 731 779 760 maiorem
798 731 1024 768 compositionem

180 778 295 808 habere:
318 786 384 815 ergo
399 786 463 807 cum
474 787 601 815 persona
624 778 658 807 sit
672 786 773 807 nomen
794 777 984 815 particularis,
998 780 1026 806 et

180 825 232 854 hoc
253 832 362 854 summe
383 825 544 862 compositi,
565 825 634 854 etin
653 825 755 854 divinis
769 828 811 853 est
832 832 942 854 summa
964 825 1026 853 sim-

179 872 302 910 plicitas,
323 875 399 910 patet
423 872 498 909 quod
529 872 555 901 in
578 872 679 901 divinis
700 880 755 901 non
780 871 881 901 dehet²
906 871 958 901 dici
981 879 1027 900 no-

179 926 242 948 men
262 927 414 956 personae.

258 965 285 993 [ι.
312 965 394 1000 item,
427 965 563 994 vocabula
594 968 689 994 nostra
720 965 823 994 debent
856 965 1026 1002 respondere

180 1012 306 1046 Graecis,
328 1015 359 1041 ut
380 1012 473 1041 unitas
494 1012 558 1041 fidei
580 1012 756 1047 ostendatur;
777 1012 827 1041 sed
848 1012 943 1041 Graeci
972 1020 1024 1040 non

180 1061 299 1087 utuntur
314 1058 450 1087 vocabulo
467 1067 615 1096 prosopon
636 1059 662 1087 in
678 1059 791 1093 divinis,
806 1059 881 1096 quod
896 1062 938 1087 est
953 1058 1025 1087 idem

181 1105 256 1143 quod
274 1114 419 1142 persona:
441 1113 508 1143 ergo
529 1113 594 1135 cum
615 1105 667 1143 ipsi
689 1105 820 1143 proprius
842 1105 962 1134 habeant
983 1113 1028 1134 vo-

181 1152 281 1182 cabula
301 1160 385 1190 quam
407 1161 458 1181 nos
470 1152 495 1187 ³,
516 1160 566 1182 nec
587 1161 638 1181 nos
658 1152 794 1181 debemus
815 1152 864 1181 uti.

259 1200 384 1228 CONTRA:
404 1200 426 1227 l.
442 1200 576 1228 Persona
592 1199 694 1228 [licitur
708 1200 788 1236 quasi
800 1208 854 1236 per
867 1208 897 1227 se
907 1208 1027 1233 sonans,

40 1246 241 1275 Fundamentasive
259 1254 312 1283 per
333 1254 362 1274 se
380 1245 511 1279 unitum&
533 1246 581 1275 sed
600 1254 654 1283 per
675 1254 704 1274 se
724 1254 818 1274 runzmt
836 1245 1028 1283 propriissime

180 1292 315 1330 recipitur
337 1293 363 1321 in
385 1293 454 1321 Deo:
477 1300 543 1330 ergo
565 1295 592 1321 et
611 1301 738 1330 persona
766 1292 922 1321 secundum
944 1300 1027 1321 suum

180 1347 289 1369 nomen.

259 1387 285 1415 ⁹2.
307 1386 388 1421 Item,
406 1394 535 1423 persona,
550 1386 653 1415 dicitur
671 1386 777 1416 habens
795 1393 876 1414 suam
897 1388 1027 1414 naturam

180 1434 396 1463 intellectualem
425 1434 460 1462 ab
481 1433 543 1462 aliis
571 1433 745 1468 distinctam3
773 1433 821 1462 sed
848 1433 873 1461 in
903 1433 959 1462 Deo
987 1436 1029 1462 est

180 1489 284 1519 ponere
305 1481 455 1510 habentem
477 1484 607 1510 naturam
629 1480 844 1510 intellectualem
863 1483 890 1509 et
911 1480 946 1509 ab
967 1480 1029 1508 aliis

181 1527 352 1559 distinctam,
378 1528 449 1557 sicut
473 1535 560 1564 supra
580 1530 724 1556 ostensum
745 1529 787 1556 est
813 1527 847 1555 de
869 1527 1029 1564 pluralitate

179 1582 365 1613 personarum
377 1576 399 1603 ⁵:
422 1583 489 1612 ergo
509 1578 560 1604 etc.

261 1621 287 1650 3.
309 1622 389 1656 Item,
407 1630 536 1659 personu-
556 1621 681 1650 nominat
701 1620 769 1649 mihi
790 1621 922 1650 ultimum
944 1621 971 1649 10
986 1628 1030 1657 ge-

181 1675 249 1697 nere
277 1668 419 1697 rationalis
446 1671 577 1702 naturae;
605 1667 654 1696 sed
683 1667 825 1696 rationalis
849 1667 907 1696 sive
927 1667 1030 1696 intelle-

182 1715 282 1744 ctualis
303 1718 404 1744 natura
424 1718 466 1743 est
487 1714 606 1743 nobilior
627 1714 698 1743 inter
726 1714 850 1748 creata⁰‚
872 1716 899 1743 01
920 1722 1028 1748 rursm,

182 1761 313 1790 ultimum
336 1762 363 1790 in
385 1761 432 1790 illa
453 1764 495 1790 est
522 1761 784 1798 completissimum,
806 1761 872 1799 quia
899 1761 923 1789 ei
952 1761 1030 1789 nulla

1081 220 1171 256 potest
1198 218 1258 247 fieri
1286 218 1406 247 additio:
1428 225 1494 255 ergo
1519 218 1541 247 si
1567 217 1703 255 quidquid
1731 217 1921 255 completionis

1080 267 1139 299 est,
1161 264 1321 302 ponendum
1339 266 1381 293 est
1401 264 1429 292 in
1444 264 1500 293 Deo
1522 264 1729 301 propriissime,
1751 267 1827 301 patet
1846 267 1897 293 etc.

1158 312 1184 340 [ι.
1199 311 1279 345 11001,
1290 319 1418 348 persona
1432 311 1499 340 dicit
1512 310 1681 348 dignitatem.
1698 311 1773 339 Unde
1791 310 1818 339 in
1839 311 1922 340 eccle-

1081 358 1197 387 siasticis
1219 365 1353 395 personae
1373 357 1505 386 dicuntur
1534 357 1667 386 habentes
1695 357 1856 394 dignitatem
1876 357 1923 386 ali-

1080 412 1164 441 quam
1193 404 1377 433 notabilen1⁷:
1403 412 1470 441 ergo
1497 412 1560 433 cum
1590 403 1708 441 dignitas
1732 403 1921 441 propriissime

1081 451 1116 480 sit
1144 451 1171 479 10
1193 451 1265 485 Deo,
1293 459 1394 480 001000
1419 459 1563 488 personae
1592 450 1783 487 propriissime
1812 451 1837 478 10
1866 450 1922 479 1)οο

1080 498 1240 535 ponendum
1261 501 1311 526 est.

1397 599 1606 620 CONCLUSM).

1085 684 1190 713 Nomen
1211 693 1354 721 personae
1368 684 1565 713 eonvem'enter
1586 689 1610 714 et
1622 685 1743 722 proprie
1763 685 1792 713 in
1815 685 1923 713 (livinis

1160 731 1271 759 (licitur
1286 731 1327 759 (td
1346 731 1574 768 siqm'fiectndant
1590 731 1801 760 distinctionem
1816 735 1841 760 et
1860 740 1925 769 pro-

1157 777 1312 814 prietatem
1333 777 1546 807 nobilissimam.
1565 779 1792 816 suppositorum.

1165 872 1337 901 1105000011οῑ
1366 872 1531 907 Dicendum,
1559 872 1634 910 quod
1662 880 1790 909 persona
1817 872 1852 901 de
1879 872 1922 901 sui

1083 918 1188 947 ratione
1210 918 1276 947 dicit
1296 919 1493 956 suppositum⁸
1513 919 1674 948 distinctum
1698 919 1867 956 proprietate
1887 919 1923 947 ad

1083 965 1245 1002 dignitatem
1260 966 1424 1002 pertinente.
1438 966 1468 994 Et
1482 966 1534 994 hoc
1549 968 1624 1003 patet
1638 966 1665 994 in
1677 973 1729 994 sua
1742 965 1924 1004 etyinotoyta,

1082 1014 1109 1040 et
1131 1012 1158 1040 in
1178 1011 1381 1050 aequipollenti
1399 1020 1458 1041 suo.

1161 1059 1190 1087 ln
1211 1058 1399 1096 etymoloyia„
1421 1059 1487 1096 quia
1512 1067 1631 1096 persona
1651 1059 1753 1088 dicitur
1773 1059 1852 1096 quasi
1870 1067 1924 1096 per

1083 1114 1112 1134 se
1126 1105 1247 1134 011111119-
1263 1106 1313 1134 Per
1328 1114 1357 1135 se
1371 1109 1464 1134 autem
1479 1114 1567 1134 unum
1584 1106 1696 1143 proprie
1709 1106 1811 1135 dicitur
1825 1114 1924 1140 unum,

1084 1152 1159 1190 quod
1180 1155 1221 1181 est
1238 1152 1350 1181 0100100
1374 1152 1534 1181 distinctum
1559 1153 1595 1181 ab
1615 1153 1676 1182 aliis
1700 1156 1727 1182 et
1748 1153 1774 1181 in
1800 1161 1829 1182 se
1860 1153 1927 1181 indi-

1084 1199 1215 1228 stinctum
1230 1199 1260 1227 ¹⁰.
1282 1200 1430 1233 Rursum,
1451 1207 1570 1236 persona
1584 1199 1686 1228 dicitur
1700 1208 1716 1228 a
1726 1200 1926 1237 personando,

1085 1246 1163 1283 quasi
1185 1254 1202 1274 a
1223 1254 1251 1275 se
1272 1246 1441 1280 resonando;
1461 1254 1592 1275 resonare
1612 1250 1704 1275 autem
1727 1246 1829 1275 dicitur
1852 1246 1926 1283 quod

1086 1293 1113 1321 in
1128 1300 1195 1321 sono
1210 1293 1381 1329 praeeminet
1399 1292 1475 1326 aliis;
1490 1296 1518 1321 et
1531 1293 1593 1322 ideo
1607 1301 1735 1330 personet
1749 1293 1852 1322 dicitur
1865 1301 1928 1330 sup-

1085 1340 1206 1377 positum
1235 1339 1396 1368 distinctum
1425 1339 1531 1368 habens
1559 1340 1735 1376 dignitatem,
1767 1343 1794 1369 et
1822 1340 1927 1368 ratione

1085 1386 1171 1414 huius
1191 1385 1344 1422 dignitatis,
1366 1393 1429 1414 cum
1452 1385 1566 1414 deberet
1585 1393 1636 1423 per
1650 1389 1779 1414 naturam
1800 1385 1926 1415 vocabuli

1085 1432 1139 1461 dici
1157 1441 1302 1470 persona,
1323 1433 1477 1469 penultima
1504 1436 1647 1470 correpta,
1669 1433 1771 1461 dicitur
1794 1441 1927 1470 persona,

1085 1479 1239 1516 penultima
1259 1479 1432 1516 producta¹¹.

1164 1526 1295 1555 Similiter
1316 1526 1386 1554 ratio
1406 1526 1490 1555 huius
1511 1526 1718 1563 significationis
1738 1526 1873 1564 accipitur
1893 1526 1928 1555 ab

1085 1573 1288 1611 aequipollenti
1308 1574 1335 1602 in
1356 1573 1451 1611 lingua
1476 1573 1591 1609 Graeca,
1614 1573 1688 1611 quod
1709 1576 1751 1602 est
1767 1581 1923 1610 prosopon.

1085 1619 1163 1656 Apud
1186 1620 1303 1649 Graecos
1323 1628 1462 1657 prosopon
1483 1620 1643 1654 dicebatur,
1664 1620 1736 1649 sicut
1749 1622 1845 1648 narrat
1866 1619 1929 1648 Boe-

1086 1666 1162 1695 thius
1175 1666 1210 1700 12,
1232 1666 1315 1695 homo
1336 1666 1473 1701 larvatus,
1495 1667 1541 1704 qui
1564 1666 1677 1704 quidem
1693 1666 1798 1695 solebat
1818 1666 1878 1695 fieri
1901 1666 1926 1694 in

1086 1713 1248 1750 tragoediis;
1269 1716 1295 1742 et
1317 1713 1368 1742 hoc
1390 1713 1473 1742 siebat
1493 1716 1608 1751 propter
1625 1714 1764 1742 011οε000
1785 1713 1855 1741 ratio
1869 1716 1928 1742 erat

1085 1760 1119 1789 ad
1149 1760 1277 1789 distinete
1306 1761 1573 1798 repraesentandum
1601 1769 1679 1795 eum,
1708 1761 1742 1789 (10
1769 1769 1824 1798 quo
1846 1760 1928 1790 tiebat

248 1933 254 1948 ¹
273 1932 317 1956 Cfr.
344 1939 414 1961 supra
433 1932 455 1955 d.
477 1933 510 1955 19.
527 1939 550 1961 p.
569 1933 591 1955 ll.
615 1939 637 1962 q.
661 1934 682 1955 Ξ.
699 1945 731 1949 -
747 1933 797 1955 Mox
823 1933 958 1961 lectionem,
984 1939 1029 1962 qua

184 1972 279 2001 ponitur
295 1971 432 2001 simpliciter
450 1972 499 1994 loco
516 1971 632 2000 similiter,
658 1978 764 2001 quaeque
781 1973 802 1994 in
820 1978 875 1995 mss.
893 1976 915 1995 ct
931 1972 984 1995 edd.
1005 1973 1010 1994 l
1025 1991 1030 2000 ,

185 2012 214 2040 2,
233 2011 245 2033 3
264 2011 453 2034 communissima
471 2013 520 2039 est,
538 2012 615 2033 minus
633 2011 739 2033 idoneam
751 2011 893 2039 iudicamus,
906 2012 947 2033 nisi
960 2010 1031 2033 verba

184 2049 322 2080 simpliciter
338 2056 380 2073 nec
397 2052 518 2072 sumantur
534 2056 577 2078 pro
594 2049 691 2073 omnino
707 2056 750 2074 nec
767 2056 807 2073 seu
825 2049 891 2073 nullo
907 2049 984 2073 modo.

247 2089 257 2104 2
275 2089 329 2111 Fide
347 2089 502 2118 antiquiorum
520 2095 574 2111 mss.
592 2091 615 2111 et
631 2088 667 2111 ed.
686 2090 694 2111 rl
724 2089 886 2112 substituimus
905 2088 969 2112 debet
990 2094 1032 2117 pro

186 2129 283 2158 oportet.

248 2167 258 2182 ³
276 2167 325 2190 Vat.
342 2172 396 2189 eum
414 2173 460 2189 uno
478 2167 578 2189 alterove
596 2169 682 2189 tantum
700 2167 779 2190 codice
797 2168 833 2190 1110
856 2168 938 2196 repetit
960 2167 1031 2190 verba

186 2207 208 2229 et
223 2212 272 2229 non
288 2206 398 2228 utuntur.
416 2206 484 2228 l‘aulo
507 2208 558 2228 ante
576 2206 627 2228 eod.
646 2206 664 2228 V
683 2209 734 2234 post
751 2207 854 2230 utun-tur
870 2206 935 2229 addit
946 2206 996 2235 hoc,
1011 2209 1033 2229 et

187 2245 238 2268 cod.
256 2244 274 2267 Ο
292 2246 356 2273 ponit
371 2251 415 2274 per
429 2244 499 2275 prius
516 2245 566 2267 loco
580 2244 701 2274 proprius.

250 2283 259 2298 ⁴
278 2284 328 2306 Vat.
345 2286 368 2306 et
385 2284 497 2306 recentior
514 2284 566 2306 cod.
584 2290 610 2306 cc
627 2290 684 2307 nna.
702 2284 757 2306 Dein
775 2284 812 2307 ed.
828 2283 842 2306 *l'
860 2288 909 2313 post
932 2284 973 2308 sed
996 2284 1034 2307 ad-

187 2323 262 2351 iungit
278 2328 327 2346 esse
342 2329 385 2352 per
401 2328 425 2345 se
442 2322 489 2346 sive
499 2342 505 2351 ,
525 2323 582 2345 dum
600 2330 612 2346 e
629 2325 707 2346 contra
720 2323 770 2346 cod.
784 2324 802 2346 Τ
815 2323 917 2346 brevitor
927 2323 971 2347 Ιιοο
983 2324 1032 2346 loco

184 2368 229 2392 per
245 2368 270 2385 se
286 2368 363 2385 unum
381 2361 455 2384 habet.

250 2401 260 2416 ⁵
276 2401 331 2423 Dist.
350 2402 370 2423 2.
388 2408 410 2430 q.
430 2402 450 2423 2.
468 2414 499 2418 —
516 2402 585 2424 Paulo
602 2405 653 2424 31110
670 2402 716 2424 lide
734 2402 859 2425 multorum
876 2408 930 2425 mss.
949 2406 973 2425 ut
990 2402 1032 2424 FG

188 2440 206 2462 H
216 2440 222 2461 l
233 2440 248 2461 Ρ
258 2440 277 2468 Q
287 2440 301 2461 S
312 2440 330 2461 T
342 2440 360 2462 V
370 2440 399 2461 W
409 2440 430 2462 X
447 2443 489 2463 cte.
506 2444 529 2463 et
545 2441 581 2463 ed.
600 2441 608 2462 *l
631 2443 682 2469 post
706 2440 890 2464 intellectualem
907 2441 1033 2463 adiecimus

189 2479 325 2507 particulam
343 2480 379 2506 et,
397 2485 467 2508 quam
486 2479 536 2502 eod.
555 2480 569 2501 S
586 2480 654 2502 etiam
672 2479 755 2502 eodem
773 2480 843 2502 modo
855 2480 877 2502 in
891 2481 970 2502 maiori
983 2486 1033 2508 pro-

189 2518 302 2546 positione
320 2517 417 2541 exliibet.
435 2518 491 2540 Dein
509 2519 611 2541 nonnulli
630 2518 697 2541 codd.
715 2522 737 2541 ut
751 2519 769 2541 T
780 2519 809 2541 W
822 2520 844 2541 in
856 2520 939 2541 minori
956 2518 1034 2542 distin-

189 2558 253 2580 ctum
271 2563 314 2585 pro
331 2556 472 2580 distinctam.

251 2595 261 2610 θ
279 2595 334 2619 Cod.
353 2602 379 2618 aa
397 2597 519 2624 praemittit
537 2595 625 2619 onmia.
642 2596 711 2619 Paulo
736 2597 793 2619 insra
810 2597 957 2619 communior
979 2603 1033 2619 mss.

189 2637 211 2657 et
227 2634 281 2657 edd.
301 2635 309 2657 1
323 2653 328 2663 ,
347 2635 375 2663 2,
394 2635 407 2656 3
426 2635 491 2657 lectio
508 2636 573 2663 ponit
588 2635 652 2665 quod
667 2641 710 2664 pro
726 2635 846 2665 quidquid.

251 2673 261 2688 ⁷
278 2673 300 2696 ln
319 2673 446 2696 Comment.
463 2680 534 2702 super
552 2674 674 2702 loannem,
692 2680 711 2697 c.
732 2675 755 2703 1,
769 2675 806 2697 23.
822 2681 843 2697 n.
857 2674 894 2697 50.
906 2674 1033 2703 (Supplem.

151 2745 156 2749 ¹
190 2713 283 2741 Bonelli,
301 2715 355 2735 torn.
374 2713 398 2741 l.)
415 2713 437 2735 S.
450 2713 535 2735 Bonav.
553 2714 597 2735 ait:
623 2713 742 2736 Personae
762 2713 846 2742 dignae
867 2716 890 2736 et
909 2714 1035 2736 eminentes

190 2758 302 2780 personae
320 2751 489 2775 ecclesiasticae
507 2755 624 2774 vocantur.
641 2764 673 2768 —
689 2753 739 2775 Vat.
757 2753 861 2781 aliaeque
881 2752 934 2775 cdd.
952 2754 974 2774 in
993 2753 1035 2775 hoc

190 2793 334 2819 argumento,
351 2791 410 2813 sicut
434 2794 456 2813 et
471 2790 528 2813 infra
545 2791 567 2812 in
585 2797 648 2819 corp.
666 2794 762 2820 quaest.‚
783 2792 862 2819 legunt
880 2790 981 2815 ecclesiis
993 2797 1035 2819 pro

190 2829 368 2857 ecclesiasticis;
382 2830 474 2858 plurimi
487 2829 554 2852 codd.
572 2833 666 2858 propter
686 2829 883 2853 abbreviationem
901 2830 966 2853 verbi
983 2833 1036 2853 sunt

190 2868 314 2896 ambiguae
330 2868 447 2896 lectionis;
460 2868 527 2890 codd.
539 2868 557 2890 H
575 2874 601 2890 00
619 2874 672 2890 eum
690 2868 725 2891 ed.
745 2869 753 2891 *l
775 2869 796 2891 in
815 2875 877 2897 corp.
895 2872 983 2898 quaest.
1000 2874 1037 2892 ec-

191 2906 326 2930 clesiasticis
346 2907 405 2929 clare
425 2906 533 2930 exhibent
550 2908 676 2935 scriptum,
695 2914 754 2937 quae
772 2908 837 2930 lectio
854 2910 874 2930 ct
893 2910 998 2930 contextu
1016 2910 1036 2930 et

1088 1933 1217 1956 definitione
1243 1940 1269 1957 ex
1294 1932 1463 1956 Commentario
1488 1939 1559 1961 super
1584 1933 1642 1955 loau.
1669 1932 1738 1955 modo
1761 1932 1825 1955 allata
1843 1935 1863 1955 et
1881 1933 1930 1955 iure

1087 1974 1197 1996 canonico
1214 1973 1369 1996 confirmatur.

1150 2011 1160 2027 ⁸
1177 2012 1199 2034 ln
1217 2012 1294 2034 multis
1312 2018 1365 2034 mss.
1384 2012 1447 2034 deest
1465 2011 1629 2041 suppositum,
1646 2011 1687 2034 sed
1712 2012 1788 2034 minus
1813 2017 1930 2039 congrue;

1089 2050 1125 2073 ed.
1147 2051 1152 2072 1
1175 2050 1232 2081 quid
1256 2057 1298 2079 pro
1324 2050 1481 2080 suppositum.
1499 2050 1548 2072 Mox
1566 2050 1616 2072 Vat.
1634 2054 1712 2073 contra
1738 2056 1792 2072 mss.
1817 2053 1837 2072 et
1862 2049 1899 2072 ed.
1921 2051 1926 2071 l

1090 2095 1212 2118 perperam
1226 2089 1350 2118 pertinens
1366 2095 1408 2117 pro
1422 2088 1559 2118 pertinente.
1576 2101 1608 2105 —
1623 2089 1681 2111 lnsra
1698 2088 1721 2111 (1.
1739 2088 1775 2111 25.
1793 2095 1813 2111 a.
1835 2089 1851 2111 1.
1870 2095 1891 2117 q.
1910 2089 1930 2110 ²2.

1089 2128 1118 2151 ad
1137 2128 1157 2151 4.
1176 2129 1247 2151 allatis
1265 2128 1338 2151 tribus
1356 2128 1527 2150 definitionibus
1544 2134 1655 2156 personae
1672 2130 1777 2157 quartam
1794 2127 1897 2155 adiungit
1909 2128 1930 2149 S.

1089 2167 1173 2190 Doctor
1190 2168 1224 2190 his
1241 2167 1332 2189 verbis:
1350 2168 1367 2189 A
1386 2167 1501 2195 magistris
1518 2167 1625 2189 delinitur
1642 2167 1689 2189 sie:
1707 2172 1804 2194 persona
1817 2167 1931 2194 051111011-

1089 2208 1155 2230 stasis
1172 2207 1277 2229 distincta
1295 2207 1435 2234 proprietate
1452 2205 1481 2228 ad
1499 2205 1639 2228 nobilitatem
1656 2206 1789 2233 pertinente.

1152 2245 1208 2268 91111
1230 2245 1252 2267 S.
1276 2245 1391 2273 15100105,
1418 2245 1436 2267 51
1461 2245 1542 2267 audias
1560 2245 1583 2267 B.
1601 2244 1701 2272 Albe1·t.‚
1719 2245 1741 2266 S.
1762 2250 1784 2272 p.
1811 2244 1825 2266 1.
1851 2247 1877 2266 tr.
1899 2244 1931 2266 10.

1090 2292 1111 2314 q.
1130 2285 1166 2307 list.
1184 2291 1215 2307 m.
1237 2285 1254 2313 l,
1272 2285 1313 2307 sed
1330 2284 1391 2307 idem
1410 2285 1431 2306 in
1449 2283 1588 2312 Comment,
1607 2284 1621 2306 1.
1639 2284 1699 2306 Sent.
1717 2283 1739 2305 d.
1758 2283 1794 2305 23.
1812 2289 1832 2305 a.
1850 2284 1871 2305 2.
1889 2284 1932 2305 hoc

1090 2324 1176 2346 Simoni
1194 2324 1332 2346 Tornacensi
1345 2323 1460 2345 adscribit.
1472 2335 1504 2339 —
1516 2323 1565 2345 Vat.
1583 2326 1660 2345 contra
1673 2323 1718 2344 sere
1730 2328 1810 2345 omnes
1827 2322 1894 2344 codd.
1911 2325 1930 2343 et

1089 2363 1125 2385 ed.
1141 2363 1147 2385 1
1162 2368 1212 2385 unu
1222 2381 1228 2390 ‚
1242 2362 1283 2385 sed
1300 2363 1376 2385 minus
1393 2362 1458 2384 bene.

1153 2401 1172 2416 ¹⁰
1189 2402 1294 2428 Aristot.,
1313 2401 1340 2423 V.
1358 2401 1454 2429 Metaph.
1472 2403 1522 2423 text.
1545 2401 1577 2422 ll.
1596 2400 1644 2428 (tv.
1662 2406 1681 2422 e.
1699 2400 1754 2428 6.):
1772 2400 1933 2422 Universaliwr

1091 2447 1190 2470 namque
1207 2444 1365 2469 quotcumque
1382 2446 1426 2462 non
1445 2439 1529 2462 liabent
1544 2439 1692 2467 (livisionem,
1710 2442 1822 2468 quatenus
1834 2445 1878 2461 non
1897 2439 1933 2460 liu-

1090 2481 1156 2509 bent,
1168 2484 1262 2503 eatenus
1280 2485 1352 2502 unum
1371 2479 1485 2502 dicuntur.
1503 2479 1528 2501 lit
1546 2479 1573 2501 X.
1592 2482 1643 2501 text.
1662 2480 1682 2501 9.
1700 2479 1755 2506 (lx.
1767 2485 1786 2501 c.
1799 2479 1820 2501 3.
1831 2480 1837 2507 )
1848 2484 1854 2501 z
1866 2478 1932 2506 Quod

1091 2526 1147 2542 vero
1161 2518 1299 2542 indivisibile
1316 2521 1353 2540 aut
1372 2524 1415 2540 non
1434 2518 1548 2545 divisum,
1566 2524 1645 2540 unum.
1663 2517 1723 2540 Libr.
1748 2518 1779 2539 lll.
1797 2517 1863 2545 Phys.
1881 2520 1931 2540 text.

1091 2558 1128 2580 68.
1141 2557 1174 2586 (ε’.
1185 2557 1207 2579 7.
1216 2558 1238 2586 ):
1251 2557 1363 2586 Quoniam
1381 2563 1453 2579 unum
1470 2559 1503 2579 est
1520 2556 1672 2584 indivisibile,
1685 2556 1850 2586 quodcumque
1861 2563 1932 2579 unum

1090 2598 1125 2620 sit.
1142 2609 1174 2613 —
1194 2596 1264 2619 Paulo
1285 2596 1341 2618 intra
1359 2598 1411 2624 post
1434 2595 1505 2625 quusi
1525 2597 1707 2618 communiorem
1732 2602 1786 2618 mss.
1811 2598 1833 2618 et
1857 2596 1893 2618 ed.
1923 2597 1928 2617 1

1092 2637 1211 2658 lectionem
1237 2635 1373 2658 exhibemus
1389 2634 1548 2657 substituendo
1565 2641 1579 2658 a
1597 2641 1621 2658 se
1637 2635 1687 2657 loco
1701 2641 1746 2664 per
1761 2640 1785 2658 se
1793 2643 1802 2662 ,·
1815 2635 1871 2658 sorte
1888 2641 1933 2657 me-

1092 2675 1135 2697 lius
1151 2675 1265 2703 legeretur
1276 2680 1345 2703 aper
1355 2679 1386 2697 se.
1405 2674 1460 2696 Dein
1477 2674 1546 2702 aliqui
1564 2673 1631 2695 codd.
1649 2679 1702 2695 cum
1714 2673 1750 2695 ed.
1764 2674 1772 2695 =l
1788 2672 1873 2696 eminet
1884 2673 1933 2695 loco

1091 2713 1240 2744 praeeminet.

1155 2752 1172 2766 ¹¹
1191 2752 1252 2774 Haec
1268 2751 1406 2780 etymologia
1425 2752 1523 2774 nominis
1533 2756 1635 2780 persona.
1646 2751 1762 2773 invenitur
1773 2751 1795 2773 in
1807 2750 1893 2778 1300111,
1905 2750 1933 2773 de

1093 2791 1140 2814 Una
1157 2796 1255 2819 persona
1271 2794 1294 2813 et
1312 2790 1403 2813 duabus
1425 2791 1512 2812 naturis
1528 2789 1625 2818 Christi,
1643 2796 1663 2812 c.
1681 2790 1702 2818 3,
1720 2790 1754 2812 1115
1772 2789 1864 2812 verbis:
1882 2789 1934 2811 Per-

1092 2836 1148 2853 sona
1165 2835 1221 2852 vcro
1239 2829 1297 2852 dicta
1315 2832 1349 2852 est
1366 2836 1377 2851 a
1395 2829 1552 2857 personando,
1566 2829 1710 2851 circumflexa
1722 2828 1855 2857 penultima.
1867 2828 1934 2856 Quod

1092 2869 1111 2890 si
1128 2870 1223 2890 acuatur
1240 2868 1417 2896 antepenultima
1429 2885 1434 2895 ,
1452 2870 1530 2896 aperte
1548 2873 1559 2889 a
1577 2873 1634 2890 sono
1651 2866 1710 2890 (licta
1728 2866 1850 2890 videbitur.

1156 2907 1175 2921 Π
1192 2907 1244 2929 1.ο(·.
1262 2908 1297 2929 cit.

1947 876 1995 899 Quid
2024 876 2047 893 511

1936 904 2021 923 persona.

1949 1064 2002 1082 Patet
2026 1068 2048 1081 ex

1937 1087 2053 1110 etymologia.

1941 1530 2030 1549 Similiter
2042 1529 2065 1547 ab

1972 1553 2066 1576 aequipol-

1968 1577 2019 1595 lenti.

2149 1526 2161 1543 Q
