2253 3317
14 295 16 304 „„
15 260 16 286 ᾼᾼ
11 242 17 254 2
12 138 21 223 ᾼᾉῑ-ῌᾼ

54 271 153 290 Dissinctio
163 272 180 290 5.

51 596 150 615 Conclusio
159 597 177 615 Ξ)

0 747 10 756 ,J
49 736 148 754 conclusio
162 737 179 754 o.

68 759 143 785 1111111111
158 760 180 777 li-

68 788 85 809 111
114 788 147 806 pro
161 788 180 801 a-

69 808 125 824 hone.

54 1271 57 1274 Α
68 1247 94 1273 De
103 1253 170 1271 propo-

44 1273 111 1290 sitione
116 1276 171 1294 nega-

45 1294 86 1312 tiva.

71 1808 171 1834 Epitogus„

769 97 850 125 DIST.
873 97 936 126 Vlll.
959 97 985 126 P.
1007 98 1026 126 l.
1047 98 1119 126 ΛΒΤ.
1141 99 1158 126 1.
1181 99 1315 135 QUAEST.
1330 99 1368 128 ll.

273 175 331 204 Non
352 175 444 203 solum
464 176 579 211 propter
611 174 750 203 defectum
777 174 964 212 praesentiae
977 177 981 180 ’
994 183 1039 212 po-

195 226 248 251 test
268 222 384 259 cogitari
403 221 509 258 aliquid
531 229 586 249 non
607 228 680 255 esse,
696 221 745 250 sed
759 221 843 250 etiam
864 224 979 258 propter
994 221 1039 250 de-

193 270 297 298 fectum
317 267 490 301 evidentiae,
512 267 578 304 quia
602 275 656 296 non
671 270 712 296 est
733 267 847 296 evidens
868 267 899 295 in
919 276 964 301 se,
985 276 1036 297 nec

193 318 235 344 est
256 315 370 344 evidens
392 314 423 342 in
440 314 602 351 probando.
625 314 677 343 Sed
693 314 779 343 divini
797 322 858 343 esse
879 315 982 343 veritas
996 317 1038 343 est

194 362 308 391 evidens
329 364 356 390 et
377 362 409 389 m
428 369 458 389 se
478 364 506 389 et
528 360 558 389 in
576 361 739 397 probando.
762 361 798 389 In
817 369 863 394 se,
885 361 951 398 quia
965 361 1037 389 sicut

195 408 329 445 principia
360 407 552 444 cognoscimus
583 407 612 435 in
649 410 787 444 quantum
810 408 942 436 terminos
956 407 983 441 ¹,
1009 410 1036 435 et

193 455 259 492 quia
280 463 364 483 causa
395 454 546 491 praedicati
578 454 720 482 clauditur
752 454 780 482 in
801 454 941 488 subiecto,
973 454 1036 482 ideo

193 510 223 531 5θ
238 502 305 539 ipsis
326 504 391 530 sunt
405 501 559 535 evidentia3
575 500 613 529 sic
628 504 655 529 et
669 501 697 528 in
711 501 862 537 proposito.
877 500 945 528 Nam
960 500 1035 529 Deus

192 549 251 577 slve
286 556 397 577 summa
431 547 534 576 veritas
574 550 616 575 est
647 547 739 584 ipsum
768 554 846 581 esse,
878 555 934 583 quo
965 547 1035 575 nihil

191 595 292 623 melius
313 594 427 631 cogitari
447 596 553 630 potest:
590 601 656 630 ergo
687 601 742 621 non
772 596 863 630 potest
887 601 942 621 non
973 601 1034 622 esse

191 649 241 670 nec
262 640 375 678 cogitari
398 648 452 668 non
473 648 542 669 esse.
572 639 764 668 Praedicatum
786 639 859 668 enim
891 639 1033 678 clauditur

190 688 218 716 in
239 687 371 716 subiecto.
393 687 447 715 Nec
469 689 575 715 tantum
598 686 682 715 habet
706 686 875 715 evidentiam
897 694 932 714 ex
946 686 955 698 “·’
987 693 1032 721 se,

190 735 238 763 sed
260 734 343 763 etiam
365 742 399 762 eat·
417 733 603 770 probatione,
635 733 766 770 quoniam
789 733 913 761 divinam
935 733 1033 761 verita-

190 784 245 810 tem
266 788 326 810 θ55θ
355 780 455 817 probat
476 783 504 809 et
524 779 664 809 concludit
685 780 775 808 omnis
798 780 905 808 veritas
936 783 963 807 et
982 788 1033 808 ua-

189 833 260 857 tum
281 830 387 862 creata,
409 827 474 864 quia
496 827 516 855 si
539 829 581 855 θεῖ
602 835 651 855 ens
672 834 722 863 per
744 826 984 863 participationem
1005 829 1032 855 et

188 875 224 904 ab
244 875 311 909 alio,
333 879 374 903 est
394 881 443 902 ens
464 881 514 911 per
536 873 685 902 essentiam
706 876 733 902 et
754 881 808 901 non
829 873 864 901 ab
885 873 948 902 alio.
971 868 1036 901 Pross

188 921 235 950 bat
264 921 348 950 etiam
380 921 468 958 ipsam
500 923 527 948 et
558 920 699 948 concludit
730 920 820 948 omnis
841 920 1031 957 fintettiyentta

187 972 284 1001 reeta,
306 967 371 1004 quia
392 967 468 995 omni
489 966 598 995 animae
620 967 682 995 eius
696 966 815 1002 cognitio
827 969 868 994 est
884 967 1029 1003 impressa,

186 1017 213 1043 et
243 1013 333 1042 omnis
364 1013 483 1050 cognitio
512 1016 554 1041 θεῖ
584 1020 634 1050 per
665 1012 762 1049 ipsam.
796 1012 896 1040 Probat
926 1013 1029 1041 iterum

186 1062 275 1098 ipsam
307 1063 335 1088 et
365 1059 505 1088 concludit
529 1059 618 1087 omnis
635 1059 797 1096 propositio
828 1058 1029 1097 assit-matina,-

185 1108 276 1137 omnis
296 1107 370 1136 enim
391 1107 454 1135 talis
475 1106 582 1143 aliquid
603 1106 696 1143 ponit3
717 1109 744 1134 θῖ
757 1106 852 1143 aliquo
873 1106 963 1143 posito
984 1114 1030 1143 po-

185 1155 261 1183 nitur
282 1162 397 1188 veru1n3
418 1157 445 1182 et
470 1161 537 1182 vero
568 1153 658 1190 posito
678 1153 792 1189 ponitur
814 1153 934 1187 veritas,
956 1161 1028 1190 quae

183 1203 226 1230 est
246 1208 330 1229 causa
351 1200 441 1229 omnis
466 1199 524 1228 veri
538 1199 556 1227 ³.
588 1199 740 1236 Propositio
771 1202 865 1228 autem
890 1200 1027 1237 ozeyctcivct

182 1256 238 1276 non
259 1248 342 1276 infert
363 1247 451 1284 ipsam
474 1246 525 1275 nisi
557 1246 725 1283 sophistice,
752 1249 783 1274 ut
814 1246 919 1275 dicunt.
951 1246 1027 1275 Unde

183 1302 220 1323 ex
240 1294 294 1323 hoc
314 1294 390 1331 quod
410 1297 452 1322 est
481 1292 556 1322 rntln't
576 1302 644 1326 esse,
666 1293 711 1322 vel
731 1292 845 1321 nullam
875 1293 1026 1321 veritatem

182 1349 257 1375 esse,
273 1349 327 1369 non
342 1340 474 1377 contingit
495 1340 662 1369 concludere
677 1347 727 1368 nec
746 1339 857 1374 inferre,
879 1340 1025 1368 veritatem

182 1395 251 1416 esse.
273 1387 343 1416 Haec
370 1387 445 1416 enim
473 1387 640 1424 propositio:
673 1385 747 1414 niltz't
777 1385 874 1421 esse⁴,
905 1386 1026 1415 destruit

181 1442 293 1462 omnem
313 1434 467 1462 veritatem.
490 1434 522 1462 Et
536 1434 598 1462 ideo
613 1434 648 1462 ad
664 1434 753 1470 ipsam
767 1441 822 1462 non
837 1433 965 1470 sequitur
979 1433 1026 1461 ali-

180 1488 237 1517 qua
257 1479 417 1515 affirmatio,
439 1483 466 1509 et
487 1480 555 1509 haec
576 1483 618 1509 θεῖ
638 1480 720 1508 salsa:
743 1480 765 1509 si
790 1480 859 1508 nihil
883 1483 933 1514 est,
955 1479 1025 1508 nihil

180 1535 241 1556 esse
262 1530 304 1556 est
324 1534 432 1555 verum.
465 1527 495 1555 Et
517 1527 539 1555 si
560 1527 685 1561 dicatur,
713 1527 788 1564 quod
816 1527 906 1555 omnis
927 1534 1025 1563 propo-

181 1573 243 1602 sitio
274 1573 356 1602 infert
387 1574 509 1608 dictum,
541 1581 640 1602 verum
666 1576 726 1607 est,
759 1573 808 1602 sed
831 1573 852 1602 si
874 1573 944 1601 nihil
966 1576 1023 1607 est,

180 1620 258 1649 nulla
278 1620 431 1657 propositio
451 1624 493 1649 θεῖ
513 1628 564 1649 nec
584 1620 700 1657 aliquid.
727 1620 897 1657 Augustinus
928 1623 1023 1649 autem

180 1668 235 1696 tale
254 1670 453 1704 argumentum
474 1676 527 1695 non
550 1667 614 1696 facit
644 1667 843 1704 approbando,
865 1667 913 1696 sed
937 1668 1024 1704 inqui-

179 1714 275 1743 rendo.

256 1761 470 1790 Concedendum
491 1764 533 1789 est
554 1761 657 1797 igitur,
679 1761 753 1797 quod
767 1764 844 1789 tanta
857 1764 899 1789 θεῖ
919 1761 1022 1790 veritas

178 1807 264 1836 divini
279 1815 349 1841 esse,
364 1807 439 1844 quod
455 1815 519 1835 cum
534 1814 651 1836 assensu
665 1815 719 1835 non
735 1809 825 1844 potest
839 1807 952 1843 cogitari
967 1815 1021 1835 non

1885 105 1936 133 155

1095 183 1155 204 esse
1184 176 1235 205 nisi
1264 181 1378 214 propter
1400 178 1584 215 ignorantiam
1615 180 1774 217 cogitantis,
1796 181 1843 217 qui
1866 181 1940 218 igno-

1094 224 1152 255 rat,
1175 222 1247 260 qaid
1266 226 1308 251 θεῖ
1328 224 1403 260 quod
1417 233 1468 262 per
1487 233 1586 254 nomen
1609 226 1656 255 Dei
1669 227 1678 241 ⁵
1699 226 1809 255 dicitur.
1834 228 1864 256 Et
1878 235 1938 256 con—

1094 268 1234 297 cedendae
1256 272 1321 297 sunt
1352 271 1472 300 rationes
1503 272 1539 300 ad
1570 272 1637 307 hoc,
1660 272 1723 301 licet
1743 273 1852 310 aliquae
1883 273 1938 302 sint

1094 315 1268 351 sophisticae.

1174 362 1198 389 l.
1219 362 1259 390 Ad
1280 362 1350 391 illud
1370 372 1437 400 ergo
1458 365 1533 401 quod
1554 365 1684 394 obiicitur
1699 366 1728 394 in
1749 367 1935 395 contrarium:

1093 407 1121 435 ln
1144 411 1252 436 tantum
1273 410 1430 446 praevaluit
1455 414 1512 445 etc;
1544 412 1711 447 dicendum,
1733 413 1809 450 (111011
1840 414 1937 442 Dama-

1092 461 1192 483 scenus
1214 455 1338 492 loquitur
1352 457 1386 485 de
1401 458 1581 494 cogitatione.
1602 467 1674 496 quae
1689 460 1764 488 venit
1784 460 1820 488 ab
1841 468 1937 489 excae-

1092 501 1213 535 catione;
1235 503 1310 539 quod
1331 507 1407 540 patet
1428 512 1463 532 ex
1486 505 1545 542 ipso
1567 506 1652 534 verbo
1674 506 1749 534 eius.
1775 514 1839 535 cum
1869 506 1935 535 dicit

1090 547 1215 576 malitia..

1168 597 1194 623 z).
1216 596 1348 625 Similiter
1369 597 1404 625 ad
1426 597 1496 626 illud
1518 598 1553 627 de
1574 599 1657 633 idolo,
1679 599 1840 634 dicendum,
1857 602 1933 637 quod

1089 642 1151 670 ideo
1172 645 1247 670 errat
1258 642 1275 677 ⁶,
1297 643 1363 680 quia
1383 644 1511 681 ignorat,
1542 645 1614 682 quid
1637 645 1687 679 sit;
1709 646 1784 674 unde
1810 654 1864 674 non
1891 654 1933 675 co-

1090 688 1165 724 gitat,
1186 689 1276 717 Deum
1297 698 1351 718 non
1373 698 1433 719 esse
1454 691 1481 719 111
1502 691 1664 720 universali.

1168 735 1193 763 3.
1216 736 1254 764 Ad
1276 736 1347 765 illud
1361 737 1437 773 quod
1458 737 1602 772 obiicitur,
1623 738 1699 774 quod
1720 738 1859 767 intellecto
1876 739 1935 768 Deo

1088 790 1142 810 non
1164 790 1239 817 esse,
1270 787 1387 820 possunt
1417 784 1491 812 alia⁷
1515 784 1647 821 intelligi3
1669 785 1834 819 dicendum,
1856 786 1932 822 quod

1088 828 1218 857 Boethius
1240 828 1364 865 loquitur
1385 830 1419 858 de
1434 830 1591 864 intellectu,
1612 838 1667 867 quo
1689 839 1739 868 per
1760 832 1933 869 impossibile

1086 875 1192 912 aliquid
1213 876 1382 912 cogitamus,
1404 877 1453 905 sed
1475 885 1529 905 nou
1551 878 1728 906 assentimus.

1165 923 1191 950 [ι.
1213 922 1252 951 Ad
1273 922 1343 951 illud
1368 923 1443 959 quod
1474 923 1618 958 obiicitur,
1640 924 1715 960 quod
1736 925 1860 953 maxime
1881 933 1931 954 nos

1087 968 1164 1003 latet,
1186 972 1261 1006 patet
1275 969 1434 1006 responsio,
1455 970 1519 1006 quia
1533 970 1541 983 ³
1561 970 1685 999 maxime
1700 979 1750 999 nos
1766 971 1844 1003 latet,
1859 971 1933 1009 qaid

1086 1018 1139 1050 est,
1159 1015 1208 1044 sed
1230 1018 1323 1043 tamen
1345 1015 1468 1044 maxime
1489 1019 1573 1053 patet,
1594 1016 1622 1044 si
1642 1020 1690 1045 est.

1165 1063 1189 1090 5.
1211 1062 1250 1090 Ad
1280 1062 1352 1091 illud
1382 1063 1457 1099 quod
1489 1063 1635 1098 obiicitur,
1667 1064 1735 1101 quid
1756 1068 1798 1092 est
1819 1064 1928 1099 dicere,

1085 1108 1209 1137 divinam
1232 1108 1377 1137 veritatem
1398 1117 1452 1137 non
1475 1117 1556 1146 posse
1577 1110 1690 1147 cogitari
1712 1118 1767 1138 non
1789 1114 1870 1139 esse?
1892 1111 1932 1140 di—

1084 1155 1217 1187 cendum,
1249 1156 1325 1192 quod
1357 1156 1408 1184 hoc
1430 1159 1473 1185 est
1493 1157 1602 1191 dicere,
1625 1157 1723 1194 quod⁹
1743 1158 1845 1194 aliquis
1874 1167 1929 1187 non

1084 1204 1174 1238 potest
1195 1202 1329 1237 credere,
1351 1203 1426 1239 quod
1447 1203 1521 1232 Deus
1543 1212 1597 1231 non
1623 1204 1672 1238 sit,
1695 1204 1849 1233 dummodo
1869 1207 1930 1233 uta-

1084 1251 1130 1276 tur
1151 1249 1266 1277 ratione.
1288 1249 1347 1277 Non
1368 1249 1406 1277 sic
1428 1249 1462 1278 de
1488 1250 1637 1283 creaturis;
1659 1250 1724 1287 quia
1746 1251 1795 1279 etsi
1819 1254 1927 1279 certum

1082 1298 1140 1330 est,
1162 1303 1248 1323 unam
1269 1298 1428 1324 creaturam
1449 1304 1510 1325 esse
1531 1300 1705 1333 praesentem
1728 1297 1792 1332 uni,
1814 1306 1868 1325 non
1890 1300 1927 1326 ta—

1082 1349 1146 1369 men
1167 1342 1313 1376 omnibus,
1345 1342 1410 1378 quia
1441 1350 1494 1370 non
1516 1345 1558 1371 est
1584 1343 1697 1372 virtutis
1717 1346 1825 1378 tantae,
1846 1346 1877 1372 ut
1898 1352 1927 1373 se

1081 1387 1212 1416 omnibus
1232 1388 1330 1417 offerat
1351 1389 1520 1426 aequaliter,
1542 1389 1614 1418 sicut
1634 1390 1727 1426 prima
1747 1390 1858 1419 veritas.

1161 1436 1186 1464 6.
1208 1435 1246 1464 Ad
1268 1435 1338 1464 illud
1360 1436 1436 1473 quod
1457 1436 1602 1471 obiicitur,
1624 1437 1697 1473 quod
1726 1437 1859 1474 contingit
1880 1445 1929 1466 ex·

1080 1482 1203 1518 primere
1235 1482 1368 1518 contingit
1388 1485 1415 1510 et
1436 1482 1557 1518 cogitare
1565 1493 1572 1516 ς
1594 1482 1759 1516 dicendum,
1781 1483 1856 1519 quod
1881 1491 1928 1520 po·

1080 1530 1133 1555 test
1153 1527 1241 1564 accipi
1262 1528 1383 1564 cogitare
1395 1528 1571 1565 qenai-aliter
1585 1536 1637 1565 pro
1657 1531 1721 1557 actu
1743 1529 1843 1557 mentis
1867 1529 1927 1557 sive

1080 1574 1200 1603 errantis
1231 1575 1289 1603 sive
1320 1583 1392 1609 non,
1422 1575 1480 1603 sive
1511 1575 1686 1604 assentientis
1716 1575 1774 1604 sive
1806 1584 1876 1609 non;
1898 1579 1925 1604 et

1079 1624 1144 1649 tunc
1152 1624 1194 1649 est
1206 1621 1275 1649 illud
1288 1629 1400 1655 verum;
1412 1622 1456 1650 vel
1468 1630 1519 1658 pro
1531 1622 1695 1659 cogitatione
1706 1631 1773 1650 cum
1785 1631 1927 1656 assensit,-

1079 1670 1106 1696 et
1133 1668 1172 1696 sic
1193 1671 1235 1696 θεῖ
1255 1668 1373 1702 falsum,
1395 1669 1461 1705 quia
1482 1669 1665 1706 dignitatibus
1696 1670 1829 1706 contingit
1860 1678 1922 1698 con-

1079 1714 1217 1743 tradicere
1238 1717 1375 1751 quantum
1396 1715 1431 1743 ad
1452 1715 1579 1744 exterius
1594 1716 1743 1750 rationem,
1759 1724 1813 1744 non
1829 1719 1922 1744 tamen

1078 1764 1214 1797 quantum
1236 1761 1270 1789 ad
1293 1761 1425 1795 interius,
1447 1765 1478 1790 111
1499 1762 1565 1790 dicit
1586 1762 1770 1799 Philosophus
1793 1763 1819 1791 in
1840 1763 1923 1791 *libro

1077 1808 1265 1836 Posteriorum
1277 1808 1306 1835 ¹⁰.

939 1919 1147 1955 SCHOLION.

238 2035 252 2056 l.
271 2035 377 2062 Quaestio
395 2034 450 2055 haec
467 2033 514 2055 sere
531 2032 638 2055 coincidit
654 2038 708 2054 cum
726 2032 773 2059 illa,
792 2038 852 2060 quae
864 2032 1018 2054 communiter

175 2074 208 2096 sic
225 2073 371 2101 exprimitur,
389 2075 467 2094 utrum
485 2072 558 2094 Deum
575 2077 626 2093 esse
648 2072 676 2093 sit
698 2077 740 2098 per
756 2077 780 2093 se
798 2073 885 2093 notum.
903 2071 1016 2093 Nihilomi-

175 2118 232 2139 nus,
251 2114 274 2134 ut
291 2111 350 2133 bene
366 2111 504 2139 intelligatur
521 2116 586 2132 mens
603 2110 625 2132 S.
643 2110 760 2137 Doctoris,
786 2109 912 2131 observare
937 2110 1015 2137 iuvat,

175 2150 238 2179 quod
255 2153 326 2173 status
343 2150 489 2179 quaestionis,
506 2152 527 2171 et
539 2152 706 2177 consequenter
722 2149 790 2170 etiam
808 2149 881 2170 forma
898 2149 1017 2171 solutionis

237 2276 243 2289 ¹
257 2275 355 2303 Supple:
367 2275 535 2302 cognoscimus.
548 2275 649 2301 Aristot.‚
662 2275 676 2296 Ι.
688 2274 772 2296 Poster.
785 2281 804 2297 c.
817 2275 837 2296 3.
851 2275 923 2303 (iuxta
937 2275 1013 2297 transl.
1042 2277 1043 2282 ¹

174 2314 288 2341 Boethii):
305 2313 445 2341 Principium
462 2314 568 2335 scientiae
585 2319 635 2335 csse
647 2312 766 2341 quoddam
778 2313 886 2341 dicimus,
905 2314 927 2335 in
944 2320 1014 2342 quan-

174 2356 221 2374 tum
239 2353 348 2374 terminos
365 2353 533 2380 cognoscimus.

235 2391 244 2405 ‘²
261 2391 291 2413 Ex
308 2390 474 2419 antiquioribus
491 2396 545 2412 mss.
563 2393 585 2413 ct
601 2390 638 2412 ed.
659 2391 664 2412 1
686 2390 846 2413 substituimus
863 2397 893 2414 ez
912 2398 953 2419 pro
965 2391 997 2414 ιή.

234 2429 244 2444 ³
261 2429 383 2457 Quomodo
400 2430 455 2451 hacc
470 2430 527 2452 ratio
546 2430 573 2452 sit
593 2429 749 2457 intelligenda,
763 2429 816 2451 vide
828 2436 897 2458 supra
910 2430 1012 2453 tundam.

174 2469 194 2490 5.
212 2471 235 2490 ct
251 2469 272 2490 6.

235 2506 244 2521 ⁴
262 2507 312 2529 Vat.
329 2514 383 2529 cum
400 2508 451 2530 cod.
469 2514 507 2536 cc,
525 2508 573 2530 aliis
598 2508 665 2530 codd.
683 2510 704 2530 et
724 2508 760 2530 ed.
790 2508 795 2529 1
826 2508 994 2535 refragantibus
1006 2526 1011 2536 ,

172 2547 212 2568 est.
230 2546 333 2567 Proxime
350 2549 483 2574 sequentem
501 2547 680 2574 propositionem
691 2565 696 2574 ,
714 2553 773 2575 quae
798 2553 810 2568 a
830 2547 878 2568 Vat.
904 2550 1012 2574 corrupte

172 2587 195 2606 ct
210 2585 288 2606 inutile
305 2584 438 2612 exhibetur,
456 2588 612 2608 restauramus
624 2591 668 2613 ope
680 2591 734 2607 mss.
747 2588 768 2607 et
780 2585 817 2607 ed.
832 2586 838 2607 1
855 2586 963 2613 ponendo
979 2585 1012 2615 as-

172 2622 276 2653 firmatz'o
288 2624 338 2645 loco
350 2622 502 2652 affirmativa,
516 2623 569 2645 dein
579 2623 643 2652 falsa
655 2629 697 2651 pro
709 2629 773 2651 vera,
787 2626 809 2645 et
820 2623 928 2646 addendo
939 2624 1011 2646 rerba

173 2662 232 2684 nihil
248 2668 296 2684 esse
313 2668 387 2690 usque
404 2661 425 2684 st
440 2661 500 2684 nihil
515 2663 554 2685 est.
578 2662 649 2684 Codd.
673 2664 694 2684 10
720 2669 747 2684 eo
772 2665 859 2684 tantum
884 2663 1010 2690 dissident,
1039 2673 1041 2676 >

172 2701 235 2729 quod
252 2701 288 2722 alii
305 2700 389 2722 habent
406 2699 506 2728 clicatm3
525 2701 562 2722 alii
578 2707 631 2722 cum
649 2701 684 2723 ed.
707 2701 711 2722 1
733 2701 803 2729 dicat,
823 2702 859 2723 alii
876 2701 947 2724 dicas.

233 2739 243 2753 5
260 2740 351 2761 Plurimi
369 2739 436 2761 codd.
454 2745 507 2761 cum
524 2739 560 2761 ed.
582 2740 587 2760 1
609 2740 715 2762 omittunt
732 2739 780 2762 Dei.

233 2778 242 2792 θ’
259 2779 360 2806 Supple:
378 2778 480 2800 idolatra.

233 2817 242 2831 ⁷
258 2817 312 2839 Fide
328 2818 478 2840 vetustiorum
496 2823 550 2839 mss.
568 2821 590 2839 et
606 2817 642 2839 cd.
664 2818 668 2838 1
690 2819 843 2845 expunximus
854 2819 890 2840 hic
903 2825 946 2840 uon
958 2821 1010 2845 apte

172 2857 274 2878 additum
292 2862 346 2879 [²880.

1073 2034 1216 2061 aliquatenus
1232 2034 1339 2056 distin-unt
1357 2040 1368 2056 a
1386 2034 1519 2062 quat-stione
1544 2035 1615 2062 posita
1641 2035 1662 2056 in
1688 2035 1760 2056 torma
1787 2035 1919 2062 supradicta

1072 2074 1095 2094 et
1110 2072 1159 2094 cius
1177 2073 1295 2094 solutione.
1313 2073 1410 2095 Sanctus
1426 2074 1487 2094 enim
1505 2073 1606 2101 loquitur
1623 2074 1659 2094 111(Δ
1676 2073 1761 2095 directe
1779 2074 1807 2096 de
1824 2075 1918 2096 veritate

1073 2110 1145 2132 divini
1162 2117 1212 2133 esse
1235 2114 1257 2133 et
1273 2114 1361 2133 tantum
1378 2111 1487 2133 indirecte
1505 2112 1534 2134 de
1552 2114 1628 2134 nostra
1645 2113 1777 2139 cognitione
1803 2109 1870 2134 huius
1887 2113 1919 2135 di-

1073 2150 1120 2171 vini
1137 2156 1199 2177 esse;
1218 2151 1252 2172 illa
1271 2156 1327 2172 xero
1344 2151 1385 2172 alia
1403 2151 1508 2179 quaestio
1526 2151 1657 2172 immediau¹
1683 2155 1717 2173 est
1734 2151 1762 2172 111·
1780 2155 1856 2173 nostra
1882 2158 1918 2174 co-

1133 2274 1142 2289 8
1159 2275 1208 2297 Vat.
1226 2278 1304 2297 contra
1322 2281 1376 2297 mss.
1394 2278 1413 2296 vt
1432 2274 1467 2296 ed.
1490 2275 1494 2296 1
1517 2275 1586 2304 qamt.

1132 2313 1142 2327 9
1158 2314 1325 2342 Supplevimus
1341 2320 1367 2336 ex
1385 2320 1439 2336 mss.
1457 2314 1530 2335 DGH
1541 2314 1557 2335 t<
1568 2314 1586 2336 Τ
1598 2314 1640 2336 YZ
1658 2321 1683 2336 aa
1703 2315 1734 2336 bb
1757 2321 1783 2337 ee
1801 2316 1819 2336 ῙΤ
1837 2319 1859 2337 et
1876 2316 1912 2338 cd.

1041 2351 1042 2354 ’
1074 2353 1078 2374 Ι
1101 2352 1171 2374 verba
1189 2352 1232 2375 hoc
1249 2353 1284 2374 est
1299 2352 1376 2375 dicere
1393 2352 1462 2381 quod.
1481 2353 1530 2374 Mox
1548 2352 1598 2374 cod.
1617 2353 1637 2374 X
1661 2353 1765 2382 [tonitru-e
1790 2354 1840 2376 loco
1866 2360 1914 2377 crc-

1069 2391 1130 2414 dere.
1148 2392 1217 2413 Paulo
1234 2392 1290 2413 intra
1308 2398 1335 2413 cx
1352 2391 1403 2413 cod.
1422 2392 1439 2413 T
1458 2391 1585 2413 adiecimus
1600 2393 1768 2421 praesentettt;
1785 2393 1869 2415 deinde
1886 2400 1913 2415 ex

1040 2417 1042 2426 *
1069 2430 1151 2452 eodem
1169 2430 1247 2452 codice
1266 2430 1314 2452 loco
1334 2429 1437 2452 rei-itatis
1455 2431 1575 2457 posuimus
1594 2430 1702 2458 rii-tutis,
1727 2437 1786 2459 1111111·
1809 2432 1874 2453 tectio
1891 2435 1912 2453 et

1069 2469 1090 2490 iu
1108 2475 1132 2490 se
1150 2468 1276 2490 distinctior
1292 2471 1326 2490 est
1342 2472 1364 2490 ct
1382 2469 1402 2490 in
1421 2474 1484 2496 corp.
1503 2472 1544 2490 art.
1563 2468 1600 2493 (de
1625 2468 1715 2497 defi’ctu
1735 2470 1893 2498 praesentiae)
1904 2489 1909 2498 ‚

1069 2508 1177 2529 insinuari
1195 2507 1295 2529 videtur.

1132 2543 1151 2559 ¹⁰
1167 2546 1227 2567 Libr.
1245 2546 1259 2568 l.
1277 2552 1296 2567 c.
1315 2546 1335 2567 S.
1354 2546 1392 2572 (c.
1415 2546 1467 2573 10.)
1486 2546 1545 2568 iuxta
1569 2547 1667 2568 tinuslat.
1685 2547 1788 2570 Boethii:
1814 2548 1911 2575 Semper

1068 2586 1129 2606 enim
1146 2587 1180 2606 est
1197 2585 1279 2607 instare
1303 2584 1332 2606 ad
1349 2585 1447 2606 exterius
1469 2586 1607 2612 ‹Ji-attonem,
1632 2585 1672 2607 sed
1695 2585 1724 2607 ad
1746 2586 1841 2608 interius
1863 2592 1911 2608 ora-

1068 2622 1152 2645 tionem
1171 2629 1214 2645 uon
1232 2629 1325 2650 semper
1342 2620 1407 2651 (πρὸς
1424 2620 1462 2644 τὸν
1480 2621 1522 2649 ’ἔξω
1538 2622 1622 2652 λόγον,
1636 2622 1690 2652 πρός
1703 2621 1740 2644 τὸν
1757 2621 1802 2645 ἐ’ὃω
1819 2622 1907 2653 λόγον),

1067 2662 1112 2684 Csr.
1138 2663 1159 2684 S.
1179 2663 1280 2684 Thomas
1302 2663 1323 2683 iu
1347 2661 1473 2684 Commeut.
1497 2669 1567 2689 super
1589 2663 1649 2684 hunc
1672 2663 1765 2690 locum⁷
1788 2663 1837 2684 lect.
1868 2664 1908 2690 19,

1068 2702 1106 2724 ubi
1132 2704 1154 2723 et
1178 2702 1200 2722 111
1226 2701 1369 2723 translatione
1395 2702 1485 2729 antiqua
1511 2703 1532 2722 et
1558 2701 1579 2722 10
1605 2700 1774 2723 Commentario
1798 2702 1848 2728 ipso
1867 2707 1908 2729 pro

1039 2733 1040 2736 Ἴ
1067 2739 1197 2762 orationem
1215 2745 1307 2766 semper
1324 2738 1421 2761 habetur
1445 2738 1568 2761 rationem.
1591 2751 1622 2754 —
1640 2739 1688 2760 Vat.
1714 2740 1841 2766 transponit
1857 2745 1907 2761 con-

1068 2782 1100 2801 tra
1117 2784 1210 2800 sensum
1227 2777 1352 2799 verborum
1370 2778 1494 2799 Aristotelis
1505 2777 1621 2800 rationem
1633 2781 1684 2799 ante
1695 2777 1856 2801 contradicere
1867 2796 1871 2803 ,
1886 2781 1907 2800 ct

1068 2818 1136 2845 paulo
1148 2819 1198 2839 autc
1210 2823 1252 2844 pro
1264 2817 1287 2839 et
1296 2816 1330 2839 sic
1342 2816 1410 2838 habet
1421 2817 1484 2844 little,
1499 2822 1525 2838 ac
1537 2819 1587 2844 post
1600 2815 1753 2845 dtqnz'tatitzus
1765 2817 1828 2839 addit
1839 2816 1863 2839 id
1873 2818 1907 2839 est

1065 2854 1264 2885 propositionibus
1279 2861 1323 2884 per
1339 2861 1363 2877 se
1379 2854 1447 2882 noeis,
1467 2855 1508 2877 sed
1526 2858 1616 2882 praeter
1632 2855 1701 2877 tidem
1719 2861 1772 2877 mss.
1790 2858 1812 2877 et
1828 2856 1865 2877 cd.
1888 2856 1906 2877 11
