2253 3317
166 231 311 260 fluxerunt
336 230 527 263 Sacramenta,
549 228 618 257 dum
645 228 709 257 inde
733 228 817 257 fluxit
842 228 955 265 sanguis
983 231 1010 257 et

167 286 276 315 aqua».

166 371 286 399 habetur
314 370 425 399 Genesis
453 369 575 398 secundo
590 370 609 404 ¹,
631 369 681 398 ubi
707 369 825 403 dicitur,
856 369 931 406 quod
959 368 1011 405 fla-

166 417 232 444 vius
254 416 456 454 eyrediebatur
478 416 511 444 de
533 416 592 444 loco
613 416 790 453 voluptatis,
812 416 863 453 qui
883 415 949 444 ‘inde
970 415 1011 443 di-

168 463 278 491 oiditur
300 463 331 491 in
351 466 479 500 quatuor
501 462 616 499 capita:
647 471 751 491 nomen
768 462 863 499 primi
884 461 1010 496 Phison,

166 517 269 537 nomen
288 509 410 537 secundi
433 507 547 542 Geton,
568 517 672 537 nomen
695 509 773 537 tertii
801 508 899 545 Tigris
920 511 946 536 et
965 516 1012 536 no-

0 578 3 604 5
166 564 231 584 men
261 556 365 593 quarti
392 554 564 592 Euphrates.
593 555 708 583 Fluvius
729 554 781 583 iste
802 554 948 591 egrediens
977 553 1012 582 de

0 602 296 641 'Appfifflmaaparadiso
327 605 369 631 est
400 603 485 631 totius
516 601 579 630 libri
612 601 698 630 huius
730 600 854 629 materia.
885 600 1011 636 Quatuor

27 641 156 660 4¹ihf⁰⁵³³¹ff
167 648 245 677 fluvii
273 656 309 677 ex
337 649 389 677 isto
416 649 600 685 procedentes
621 650 686 676 sunt
714 647 849 684 speciales
877 646 1011 675 materiae

167 697 288 730 quatuor
309 694 464 728 librorum,
498 694 569 723 sicut
600 694 679 722 facile
710 695 801 730 potest
826 695 931 729 aptare,
963 692 1010 728 qui

167 740 376 777 praedictorum
397 740 543 768 nominum
564 739 806 776 interpretationes
821 739 882 767 vult
900 738 1014 774 diligen-

168 788 210 814 ter
231 793 372 822 exponere
386 785 404 813 ².
426 786 527 814 Phison
547 786 623 815 enim
643 785 844 822 interpretatur
870 785 926 813 oris
956 792 1015 813 mu-

167 831 250 866 tatio,
279 835 306 860 et
327 832 355 860 in
386 832 438 861 hoc
459 831 631 869 significatur
659 838 844 868 personarum
866 830 1012 859 emanatio.

169 878 245 906 Sicut
265 878 339 906 enim
361 886 397 907 ex
418 886 466 907 ore
488 878 625 907 materiali
640 878 766 915 procedit
780 879 900 907 verbum
921 881 948 907 et
962 879 1015 916 spi-

168 925 256 959 ritus,
277 925 315 953 ita
335 933 372 954 ex
403 933 451 954 ore
482 925 569 954 Patris
590 925 674 954 Filius
694 928 723 954 et
744 925 863 962 Spiritus
885 929 1014 960 sanctus,

170 971 351 1001 Ecclesiastici
365 972 499 1009 vigesimo
514 975 613 1009 quarto
626 972 650 1000 ³:
667 973 726 1009 Epo
741 981 776 1000 ex
799 981 848 1001 ore
870 972 1017 1001 Altissimi

166 1017 286 1055 prodii,
304 1018 502 1055 primoyenita
532 1022 598 1046 ante
627 1026 739 1046 omnem
760 1022 940 1047 ereaturam.
962 1018 1016 1047 Hoc

170 1064 236 1093 dicit
256 1064 315 1101 ipse
330 1064 425 1099 Filius,
448 1065 496 1101 qui
517 1068 558 1093 est
579 1065 703 1094 Verbum
725 1068 751 1093 et
766 1065 905 1102 Sapientia
919 1065 1015 1094 Patris.

171 1111 202 1139 Et
223 1111 250 1139 in
271 1111 414 1139 Psalmo⁴:
443 1111 530 1140 Verbo
559 1111 679 1140 Domini
699 1112 774 1141 caeli
793 1112 909 1148 firmati
929 1116 1015 1141 sant:

170 1162 197 1186 et
214 1158 323 1195 spiritu
344 1158 405 1186 oris
426 1158 488 1186 eius
502 1161 553 1187 etc.
576 1158 671 1187 Gehon
697 1159 897 1196 interpretatur
921 1168 1015 1195 arena,

171 1206 198 1232 et
221 1204 250 1232 in
265 1204 317 1233 hoo
332 1203 503 1241 significatur
517 1212 614 1233 rerum
630 1204 838 1233 mundanarum
858 1205 1014 1242 productio.

171 1250 248 1278 Sicut
268 1250 342 1278 enim
356 1250 525 1279 universitas
540 1252 735 1279 creaturarum
750 1254 930 1287 comparatur
944 1251 1015 1279 mari

171 1299 285 1333 propter
307 1295 522 1333 spatiositatem,
543 1296 577 1324 ita
601 1303 702 1325 arenae
727 1300 842 1333 propter
863 1297 1017 1325 numerosi-

171 1345 272 1376 tatem,
303 1341 485 1370 Ecclesiastici
515 1342 606 1378 primo
624 1341 657 1369 5;
691 1342 823 1370 Arenam
860 1343 956 1371 maris
991 1347 1016 1371 et

168 1387 287 1425 pluviae
304 1391 405 1425 yuttas
425 1388 491 1425 quis
516 1387 736 1416 dinumeravit?
765 1388 855 1425 Tigris
883 1389 1017 1426 interpre-

172 1437 248 1462 tatur
269 1433 383 1470 sagitta,
405 1436 432 1462 et
452 1433 480 1461 in
501 1433 554 1462 hoc
575 1434 748 1470 significatur
770 1434 828 1462 Filii
855 1434 902 1463 Dei
930 1435 1017 1463 incar-

172 1481 255 1509 natio.
276 1481 351 1509 Sicut
372 1480 446 1509 enim
467 1480 495 1509 in
516 1481 615 1517 sagitta
642 1480 750 1509 ferrum
772 1481 953 1510 coniunctum
974 1484 1016 1510 est

173 1527 262 1564 ligno,
284 1527 323 1555 sic
344 1526 372 1555 in
403 1527 512 1555 Christo
539 1527 674 1556 fortitudo
696 1527 848 1556 divinitatis
869 1528 1017 1556 coniuncta

174 1576 215 1602 est
235 1573 359 1602 mollitiei
380 1573 568 1602 humanitatis.
592 1574 622 1602 Et
643 1574 714 1602 sicut
736 1575 834 1611 sagitta
849 1582 885 1603 ex
906 1582 975 1603 arcu
989 1577 1017 1604 et

171 1619 246 1656 ligno
266 1619 341 1647 volat
355 1619 391 1648 ad
405 1619 619 1656 percutiendum
634 1620 819 1655 adversarios,
835 1620 875 1649 sic
889 1620 1017 1649 Christus

172 1665 206 1694 de
226 1672 310 1694 eruce
331 1665 432 1694 saliens
453 1665 587 1702 confregit
601 1666 805 1695 adversarium.
823 1667 894 1696 Haec
910 1670 952 1695 est
969 1665 1017 1695 illa

172 1714 279 1751 sagitta,
294 1714 328 1742 de
342 1721 398 1750 qua
413 1713 515 1741 dicitur
535 1713 628 1749 quarti
647 1713 752 1750 Regum
772 1713 879 1742 decimo
897 1714 979 1742 tertio
991 1714 1014 1742 ⁴³:

172 1761 288 1798 Sagitta
318 1760 424 1788 salutis
454 1759 587 1793 Domini,
609 1764 636 1787 et
654 1760 765 1797 sagitta
785 1760 891 1788 salutis
913 1764 1016 1789 contra

172 1808 301 1846 Syriam.
333 1807 488 1844 Euphrates
519 1806 719 1843 interpretatur
749 1806 880 1843 frugifer,
902 1807 929 1834 in
960 1815 1015 1844 quo

171 1853 343 1891 significatur
374 1853 618 1881 sacramentorum
649 1852 834 1889 dispensatio,
866 1860 939 1889 quae
960 1861 1015 1881 non

171 1903 280 1929 tantum
301 1900 422 1928 animam
443 1902 565 1936 purgant
586 1907 602 1927 a
623 1899 724 1936 culpa,
746 1899 795 1928 sed
816 1899 899 1927 etiam
925 1899 1016 1928 fecun-

172 1947 238 1976 dant
259 1947 286 1975 in
302 1946 398 1983 gratia.
421 1946 501 1982 Quod
523 1945 708 1983 significatum
723 1949 765 1975 est
779 1946 957 1983 Apocalypsis
976 1946 1016 1974 ul-

173 1994 252 2027 timo,
267 1994 275 2007 ⁷
297 1993 345 2021 ubi
361 1993 479 2027 dicitur,
495 1993 571 2030 quod
587 1993 667 2021 iuxta
686 1993 806 2022 fluvium
821 1993 1014 2030 crystallinum

172 2044 237 2069 erat
257 2040 369 2078 ligyrium
401 2039 524 2077 afferens
554 2038 704 2076 fructum,
726 2040 812 2068 caius
831 2038 907 2077 folia
928 2043 1014 2068 erant

173 2087 204 2116 in
224 2087 409 2115 medicinam.

173 2212 294 2240 Aquitani)
313 2210 372 2232 Sent.
387 2210 439 2232 329.
448 2221 480 2226 —
491 2210 560 2232 Paulo
579 2213 630 2233 ante
647 2216 674 2233 ex
693 2210 760 2233 codd.
773 2210 863 2233 ACFG
873 2211 906 2233 Hl
916 2211 934 2233 K
946 2211 962 2233 P
972 2211 990 2233 R
1002 2211 1016 2232 S

175 2250 192 2271 T
204 2249 281 2271 UXY
298 2255 324 2271 aa
341 2248 373 2271 bb
390 2255 417 2271 ee
443 2251 465 2271 et
480 2248 516 2271 ed.
538 2249 543 2270 l
570 2250 691 2277 posuimus
717 2248 778 2273 unde
803 2249 853 2272 loco
878 2250 911 2272 ut.
928 2248 1016 2271 Deinde

180 2288 246 2311 codd.
266 2288 280 2310 S
298 2293 324 2310 aa
341 2287 373 2310 bh
391 2293 444 2310 cum
462 2287 497 2310 ed.
515 2288 519 2309 Ι
550 2289 605 2311 teste
622 2288 756 2318 Augustino
780 2295 823 2317 pro
848 2289 949 2312 testatur
971 2288 1017 2311 Au-

175 2326 298 2356 quatinus,
312 2327 333 2347 in
347 2327 412 2348 cuius
422 2325 501 2349 verbis
512 2326 562 2349 cod.
575 2327 594 2348 M
612 2329 664 2354 post
679 2326 806 2356 fluxerunt
821 2327 884 2349 addit
900 2326 1016 2350 ecclesiae.

237 2364 245 2378 1
264 2364 328 2386 Vers.
348 2363 427 2392 110-14,
446 2363 485 2386 ubi
502 2364 601 2392 Vulgata
618 2367 670 2392 post
685 2364 814 2394 voluptatis
837 2365 900 2388 addit
916 2364 948 2388 ad
963 2364 1018 2387 irri-

176 2403 282 2433 qondam
299 2401 444 2425 Paradisum
461 2406 483 2425 et
499 2404 592 2425 nomina
609 2403 731 2425 fluminum
743 2404 772 2426 ita
784 2407 915 2426 enumerat:
928 2404 1016 2426 Nomen

175 2443 214 2465 uni
236 2442 342 2464 Phison...
365 2445 387 2464 ot
413 2448 498 2464 nomen
523 2442 587 2464 ssuvii
612 2443 707 2465 secundi
724 2443 827 2466 Gehon...
845 2443 933 2466 Nomen
959 2449 1017 2465 vero

175 2481 275 2503 fluminis
300 2481 372 2508 tertii,
391 2480 489 2508 Tigris...
507 2480 599 2504 Fluvius
622 2484 699 2504 autem
722 2485 832 2511 quartus,
851 2482 901 2511 ipse
926 2485 960 2505 est
977 2482 1018 2504 Eu-

177 2521 276 2548 phrates.
294 2520 373 2542 Plures
391 2519 457 2542 codd.
475 2520 560 2542 AFGI
571 2519 653 2542 SWY
670 2523 711 2543 etc.
729 2526 783 2542 cum
800 2520 852 2543 edd.
872 2521 897 2549 11,
916 2521 941 2549 2,
960 2520 986 2549 3,
1004 2520 1017 2542 6

176 2564 258 2580 nomen
277 2558 371 2580 secundi
389 2559 452 2580 fluvii
469 2559 501 2580 sic
517 2558 623 2581 exhibent
640 2557 715 2588 Gyon.
732 2570 764 2574 —
780 2558 849 2581 Paulo
866 2562 917 2581 ante
929 2558 979 2581 cod.
998 2558 1017 2580 Μ

176 2595 307 2620 seeundum
324 2596 374 2618 loco
389 2602 440 2625 per.

239 2638 249 2652 ²
265 2637 320 2660 Cod.
339 2643 365 2659 ee
382 2639 404 2659 et
420 2635 456 2658 ed.
475 2636 483 2657 sl
506 2634 663 2658 considerare.

232 2676 248 2691 ³
265 2676 330 2698 Vcrs.
350 2676 379 2703 5,
396 2674 436 2697 uhi
453 2674 551 2703 Vulgata
564 2673 661 2704 prodivi
676 2680 718 2702 pro
732 2673 818 2704 prodii.

239 2714 248 2729 4
267 2715 312 2743 32,
330 2714 351 2736 6.
608 2714 610 2716 ’

239 2754 248 2769 ⁵
264 2754 329 2776 Vers.
348 2754 375 2781 2,
393 2753 415 2774 in
432 2757 479 2780 quo
501 2754 562 2774 textu
584 2751 634 2773 Vat.
660 2757 713 2773 cum
736 2751 834 2779 Vulgata
857 2754 909 2779 post
937 2752 1018 2780 quttas

177 2793 241 2816 addit
256 2794 278 2816 et
294 2792 341 2816 dies
357 2790 453 2815 saeculi.
470 2803 502 2807 —
518 2790 586 2813 Paulo
604 2794 655 2813 ante
672 2790 832 2813 substituimus
857 2796 883 2812 ex
906 2790 972 2813 codd.
999 2791 1017 2812 A

177 2832 193 2855 C
203 2833 221 2854 G
230 2832 249 2854 H
258 2832 266 2854 1
276 2831 293 2854 Ο
303 2832 321 2854 R
331 2832 346 2854 S
356 2832 374 2853 T
385 2831 402 2853 U
411 2831 431 2853 Y
440 2830 455 2852 Z
472 2829 504 2852 bb
531 2836 557 2852 ee
583 2830 602 2851 ff
624 2832 645 2852 et
670 2828 706 2851 ed.
729 2829 733 2850 l
755 2828 949 2852 numerositatem
974 2834 1017 2856 pro

179 2870 410 2898 innumerositatem,
428 2869 479 2891 licet
496 2872 593 2897 utraque
611 2868 677 2892 lectio
695 2868 716 2889 in
734 2867 796 2890 idem
814 2867 907 2890 recidat.

244 324 283 352 De
304 323 434 352 omnibus
455 323 514 352 istis
535 323 628 352 fluviis
650 323 734 352 simul
756 327 783 352 et
811 331 861 360 per
883 323 1010 352 ordinem
1037 337 1039 340 ·

913 150 1164 180 PROOEMIUM.
1897 152 1913 181 3

1143 228 1213 256 Cum
1241 228 1325 265 igitur
1346 232 1467 266 quatuor
1499 229 1552 258 sint
1574 229 1667 264 fluvii,
1694 232 1814 267 quatuor
1842 233 1907 259 sunt
1932 235 1991 262 Caesa
2014 236 2051 254 sor-

1065 273 1218 302 ssuviorum
1245 273 1401 311 profunda
1435 276 1585 313 praedietis
1620 277 1713 306 fluviis
1748 259 2053 323 correspon-ffijfgfisE-{ss

1068 320 1171 348 slesstia-
1924 328 2026 352 profundo—

1926 357 1973 370 ΙἹΙΓΠ.

1144 365 1316 394 Profundum
1337 370 1471 396 aeternae
1485 370 1679 399 emanationis
1693 374 1734 400 est
1753 371 1911 404 sublimitas
1937 397 2052 416 Profundum

1066 418 1127 440 esse
1148 411 1250 446 divini⁷
1272 412 1306 441 de
1333 421 1389 450 quo
1416 417 1506 451 potest
1536 415 1650 453 intelligi
1678 417 1749 446 illud
1780 419 2053 462 Ecclesia-ssetgsffssssuss·

1067 458 1125 487 stici
1158 459 1276 496 septimo
1289 460 1313 488 ⁸:
1346 461 1415 490 Atta
1442 461 1636 499 profunditas
1651 487 1660 498 ,
1692 465 1757 502 quis
1789 466 1913 495 inveniet
1924 451 1954 463 ma
1969 450 1980 463 a
1997 450 2007 463 Ο
2022 451 2047 463 ¹⁵⁵

1067 505 1154 533 eam?
1175 506 1246 534 Vere
1266 507 1442 543 profunditas
1463 510 1519 538 alta
1533 513 1560 538 et
1574 510 1692 539 altitudo
1706 512 1861 548 profunda,
1876 514 1914 541 ita

1068 557 1099 582 ut
1119 554 1258 583 exclamet
1286 555 1433 592 Apostolus
1455 556 1490 585 ad
1523 557 1658 586 Romanos
1686 559 1856 588 undecimo*³
1887 563 1915 589 et

1068 599 1154 628 dicat:
1180 600 1202 628 O
1223 600 1347 629 altitudo
1363 602 1538 631 divitiarum
1552 604 1717 640 sapientiae
1731 609 1757 634 et
1775 606 1914 635 scientiae

1069 646 1142 679 Dei,
1164 654 1254 684 quam
1275 647 1577 684 incompreltensibilia
1607 654 1677 678 sant
1697 651 1809 680 iudicia
1830 652 1892 680 eius
1907 675 1914 687 ,

1068 695 1095 719 et
1115 692 1326 730 investiyabiles
1348 694 1412 722 viae
1432 695 1511 723 eius!
1537 696 1608 724 Vere
1638 696 1741 725 iudicia
1762 698 1915 736 incompre-
1962 730 1965 731 ⁷

1068 738 1225 773 hensibilia‚
1246 740 1312 776 quia
1332 741 1479 777 profunda.
1501 742 1618 771 Iudicia
1632 744 1708 772 enim
1722 744 1777 773 Dei
1789 745 1916 783 abyssus

1068 786 1162 815 multa
1176 787 1207 821 ¹⁰,
1222 790 1248 815 et
1264 787 1443 817 Ecclesiastici
1456 789 1547 826 primo
1560 789 1596 817 ¹¹:
1613 789 1803 827 Profundum
1815 792 1917 830 abyssi

1070 833 1135 870 quis
1160 833 1309 861 dimensus
1330 833 1390 862 est?
1412 834 1481 863 Haec
1513 835 1688 872 profunditas
1713 837 1839 866 innuitur
1867 838 1914 867 Iob

1070 878 1220 908 undecimo
1235 879 1269 907 ¹²:
1293 880 1434 908 Forsitan
1456 882 1577 919 uestiyia
1609 883 1663 911 Dei
1695 884 1916 921 comprehendes

1071 927 1097 953 et
1126 933 1216 962 usque
1241 925 1282 954 ad
1310 924 1474 962 perfectum
1507 927 1733 965 Omnipotentem
1766 930 1916 967 reperies?

1072 972 1221 1001 Exceisior
1253 972 1327 1000 coelo
1359 976 1413 1006 est,
1446 977 1472 1001 et
1501 974 1572 1011 quid
1590 973 1705 1011 facies?
1731 975 1916 1013 profundior

1072 1017 1203 1055 inferno,
1220 1022 1246 1046 et
1265 1018 1341 1046 unde
1362 1019 1534 1056 cogynosces?
1549 1021 1628 1057 quasi
1650 1021 1740 1050 dicat:
1762 1030 1798 1051 ex
1820 1026 1846 1052 te
1861 1032 1916 1052 non

1071 1065 1165 1099 potes;
1187 1063 1249 1092 ideo
1271 1064 1390 1092 consulit
1410 1065 1556 1101 Apostolus
1570 1067 1605 1095 ad
1630 1067 1762 1104 Ephesios
1783 1069 1864 1098 tertio
1878 1069 1915 1097 ¹⁸:

1072 1110 1107 1138 In
1128 1110 1252 1138 caritate
1283 1110 1414 1139 radicati
1434 1115 1459 1139 et
1488 1110 1610 1148 fundati
1621 1136 1630 1147 ,
1653 1118 1685 1142 at
1705 1116 1822 1152 possitis
1844 1125 1917 1145 com-

1067 1154 1246 1192 prehendere
1267 1159 1318 1186 etc.

1151 1202 1181 1230 Et
1212 1202 1264 1232 hoe
1287 1201 1474 1240 profundum
1505 1210 1700 1241 perscrutatur
1731 1209 1859 1246 Magister
1888 1211 1915 1239 in
1945 1212 2033 1244 ”Jssssffls

1071 1249 1163 1285 primo
1184 1249 1264 1278 libro.
1286 1250 1448 1280 Sublimitas
1469 1252 1543 1280 enim
1559 1253 1645 1281 divini
1667 1262 1727 1284 esse
1742 1257 1866 1285 consistit
1887 1258 1914 1286 in
1930 1237 2059 1277 ΠΫΙῨἭἮΓ

1072 1295 1198 1330 duobus,
1220 1296 1323 1325 scilicet
1338 1297 1366 1325 in
1382 1297 1561 1327 nobilissimis
1575 1301 1823 1336 emanationibus,
1845 1312 1917 1340 quae

1072 1345 1137 1371 sunt
1169 1343 1310 1380 generatio
1345 1347 1371 1373 et
1399 1346 1555 1382 processio,
1588 1348 1649 1375 et¹⁴
1680 1349 1707 1377 in
1738 1351 1918 1381 nobilissimis

1072 1389 1301 1424 conditionibus,
1324 1398 1395 1427 quae
1417 1396 1482 1420 sunt
1504 1400 1614 1421 summa
1636 1396 1779 1431 sapientia,
1795 1398 1918 1434 omnipo-

1072 1435 1158 1463 tentia
1180 1438 1207 1463 et
1228 1436 1351 1472 perfecta
1372 1436 1516 1472 voluntas,
1549 1439 1583 1467 de
1614 1440 1716 1476 quibus
1747 1445 1789 1470 est
1809 1442 1918 1479 primus

1072 1481 1151 1510 liber.
1174 1481 1242 1510 Nam
1263 1483 1291 1511 in
1312 1483 1404 1520 prima
1425 1487 1505 1521 parte
1519 1485 1575 1522 agit
1596 1486 1631 1515 de
1647 1488 1834 1517 sacratissima
1856 1490 1917 1519 Uni-

1071 1529 1128 1556 tate
1142 1530 1169 1556 et
1184 1527 1329 1563 Trinitate‚
1344 1529 1372 1557 in
1394 1531 1517 1559 secunda
1538 1538 1606 1559 vero
1619 1532 1641 1544 ¹⁵
1665 1534 1776 1570 speciali
1798 1537 1919 1564 tractatu

1072 1574 1128 1611 agit
1149 1574 1183 1603 de
1205 1575 1366 1611 supradicta.
1387 1576 1447 1605 eius
1469 1577 1571 1614 triplici
1592 1579 1748 1609 conditione
1776 1581 1834 1610 sive
1855 1590 1917 1619 pro-

1072 1620 1199 1657 prietate.

1153 1668 1325 1697 Profundum
1347 1670 1503 1699 creationis
1534 1675 1575 1700 est
1596 1673 1703 1702 vanitas
1734 1682 1794 1703 esse
1825 1676 1917 1704 creati.
1932 1675 2059 1717 cf'gsssigssssffl

1072 1713 1207 1742 Creatura
1229 1715 1303 1743 enim
1324 1720 1428 1752 quanto
1449 1718 1537 1754 magis
1559 1720 1711 1754 evanescit,
1732 1723 1808 1749 tanto
1828 1721 1917 1758 magis
2034 1713 2038 1717 ⁸

1072 1760 1099 1788 in
1114 1761 1287 1797 profundum
1302 1762 1404 1798 tendit,
1421 1763 1479 1792 sive
1493 1768 1639 1794 evanescat
1655 1774 1706 1802 per
1726 1767 1838 1804 culpam
1859 1768 1917 1797 sive

1071 1814 1121 1844 per
1144 1815 1270 1843 poenam.
1292 1809 1408 1846 Propter
1429 1810 1481 1839 hoc
1502 1810 1604 1839 dicitur
1625 1819 1675 1848 per
1701 1812 1866 1849 Prophetam
1888 1814 1915 1842 in

1070 1861 1189 1891 persona
1201 1854 1331 1890 hominis,
1341 1856 1389 1893 qui
1401 1857 1514 1885 evanuit
1524 1865 1574 1894 per
1586 1859 1707 1895 culpam,
1720 1859 1747 1887 in
1761 1859 1869 1888 Psalmo
1884 1860 1915 1889 l⁶:

1070 1899 1185 1936 Infimis
1199 1909 1266 1929 sum
1281 1901 1312 1929 in
1328 1901 1395 1930 limo
1409 1902 1555 1940 profundi
1560 1926 1569 1938 ,
1581 1908 1607 1932 et
1617 1913 1675 1933 non
1687 1909 1729 1933 est
1741 1906 1915 1935 substantia.

1071 1946 1102 1974 Et
1123 1954 1224 1975 rursus
1240 1955 1323 1977 orans
1338 1948 1490 1986 Propheta,
1505 1958 1539 1978 ne
1554 1955 1700 1980 evanescat
1720 1960 1770 1989 per
1784 1960 1915 1988 poenam:

1071 1991 1136 2020 Non
1157 2001 1201 2021 me
1222 1993 1386 2032 demergat,
1408 1995 1516 2032 inquit,
1539 2000 1689 2034 tempestas
1704 2007 1812 2036 aquae,
1827 2008 1916 2037 neque

1070 2037 1225 2067 absorbeat
1244 2048 1289 2068 nie
1308 2040 1492 2078 profhindum
1513 2046 1564 2072 etc.

1149 2086 1202 2115 Hoc
1223 2087 1395 2124 profundum
1417 2093 1559 2119 scrutatur
1590 2091 1719 2128 Magister
1744 2091 1772 2120 in
1793 2093 1983 2122 secundo1n11-
2001 2094 2056 2112 11er

1135 2212 1144 2227 ⁶
1161 2213 1226 2236 Vers.
1245 2213 1281 2236 47.

1162 2252 1226 2275 Vers.
1246 2254 1275 2281 2,
1299 2253 1337 2276 ubi
1360 2254 1473 2282 Vulgata:
1499 2255 1597 2283 Lignum
1622 2256 1683 2278 vitae
1708 2256 1804 2278 afferens
1832 2257 1919 2280 fructus

1074 2281 1206 2312 duodecim,
1219 2290 1262 2312 per
1274 2290 1366 2307 menses
1382 2286 1486 2313 singulos
1503 2286 1603 2309 reddens
1625 2288 1725 2310 fructum
1742 2293 1810 2310 suum
1828 2291 1850 2310 et
1867 2289 1918 2311 solia

1073 2322 1128 2350 ligni
1145 2322 1174 2345 ad
1191 2324 1309 2346 sanitatem
1327 2324 1436 2352 gentium.

1136 2361 1145 2377 8
1162 2363 1227 2386 Vers.
1246 2363 1282 2387 25.

1162 2402 1227 2425 Vers.
1246 2403 1290 2431 33,
1309 2403 1330 2425 in
1353 2409 1400 2432 quo
1422 2406 1483 2426 textu
1505 2402 1550 2425 fide
1568 2403 1634 2426 codd.
1647 2406 1669 2426 et
1681 2403 1717 2426 ed.
1739 2405 1747 2426 11
1772 2404 1879 2427 addimus
1896 2406 1918 2428 ei

1073 2440 1262 2471 investiqubililes
1279 2441 1329 2465 viae
1346 2441 1395 2465 eius
1405 2460 1410 2470 ‚
1428 2442 1491 2471 quod
1508 2442 1589 2465 omittit
1605 2443 1655 2464 Vat.

1134 2479 1152 2494 ¹⁰
1173 2480 1254 2502 Psalm.
1273 2480 1315 2508 35,
1333 2479 1363 2508 7,
1381 2480 1421 2502 uhi
1438 2480 1549 2509 Vulgata:
1566 2480 1650 2503 Iudicia
1667 2484 1706 2504 tua
1723 2481 1821 2509 abyssus
1837 2482 1915 2505 multa.

1136 2518 1155 2532 11
1172 2519 1237 2541 Vers.
1256 2519 1277 2541 2.
1341 2518 1362 2533 ¹²
1378 2519 1444 2542 Vers.
1457 2519 1478 2541 7.
1491 2522 1513 2542 et
1525 2520 1545 2542 8.
1610 2519 1630 2534 ¹³
1646 2520 1711 2542 Vers.
1726 2520 1761 2543 47.
1779 2523 1801 2543 et
1819 2521 1854 2542 48.

1137 2556 1156 2571 ¹⁴¹
1174 2556 1330 2580 Perturbatam
1347 2557 1468 2580 lectionem
1485 2558 1548 2586 Vai.⁷
1566 2558 1588 2580 in
1609 2564 1654 2586 qua
1676 2559 1786 2581 omittitur
1805 2559 1915 2586 particula

1075 2595 1098 2617 et
1112 2595 1231 2623 ipsiusque
1249 2595 1298 2617 loco
1315 2596 1408 2623 ponitur
1424 2598 1550 2624 punctum,
1569 2596 1598 2618 ita
1616 2598 1640 2618 ut
1661 2602 1714 2618 cum
1732 2597 1835 2625 sequenti
1852 2603 1916 2624 prae-

1075 2633 1187 2660 positione
1203 2632 1228 2655 in
1245 2639 1304 2655 nova
1321 2633 1414 2661 incipiat
1431 2634 1569 2661 propositio,
1586 2633 1762 2656 emendavimus
1778 2640 1805 2656 ex
1822 2640 1876 2656 mss.
1894 2637 1917 2657 et

1073 2671 1109 2694 ed.
1129 2673 1149 2694 Ἰ.

1137 2710 1156 2725 15
1173 2711 1256 2733 Inserta
1273 2713 1307 2733 est
1323 2711 1360 2733 hie
1377 2712 1398 2733 in
1416 2711 1466 2734 Vat.
1484 2717 1584 2740 sequens
1601 2712 1740 2739 propositio:
1758 2717 1818 2741 quae
1835 2711 1917 2742 incipit

1074 2748 1098 2771 in
1116 2748 1214 2771 distinct.
1228 2747 1277 2771 55.-
1291 2747 1395 2778 Cumque
1412 2755 1487 2779 supra
1499 2748 1682 2772 disseruerimus
1696 2752 1737 2772 etc.
1748 2767 1753 2777 ‚
1766 2755 1836 2778 quam
1849 2753 1874 2772 ut
1884 2750 1915 2771 in-

1074 2788 1208 2816 terpolatam
1226 2788 1358 2810 auctoritate
1375 2786 1442 2809 codd.
1460 2791 1482 2810 et
1498 2787 1534 2809 cd.
1553 2788 1561 2808 ·l
1583 2788 1732 2809 removimus.

1136 2825 1155 2840 ¹⁶
1173 2827 1214 2853 68,
1234 2826 1253 2847 2.
1275 2826 1359 2848 Textus
1385 2832 1402 2848 s.
1421 2826 1551 2854 Scripturae
1568 2826 1672 2853 proxime
1695 2831 1793 2855 sequens
1818 2825 1915 2848 habetur

1074 2867 1097 2888 in
1114 2865 1196 2888 codem
1214 2863 1303 2886 Psalmo
1320 2864 1362 2892 68,
1384 2863 1419 2885 46.
