2253 3317
34 338 104 357 Solutio
117 343 150 361 op-

21 362 132 386 positorum.

33 431 105 457 Duplex
118 430 147 448 di-

21 456 99 480 versitas
119 458 149 472 ra-

23 478 84 496 tionis.

31 940 103 963 Duplex
113 945 152 958 mo-

19 963 53 982 dus
58 963 152 989 contradi-

18 988 126 1005 οῖσι-10111111.

27 1219 97 1238 Solutio
104 1224 150 1242 quo-

19 1242 103 1261 tundam.

29 2064 71 2083 Nou
81 2064 148 2088 proba-

802 115 885 143 DIST.
908 116 939 144 V.
961 115 1034 144 ART.
1055 116 1074 144 I.
1096 117 1231 152 QUAEST.
1252 117 1271 145 Ι.

160 194 329 230 quandoque
348 194 384 222 ad
405 192 615 222 confundendas
634 192 765 221 haereses
786 192 950 229 expressius
971 193 1009 221 lo-

161 243 303 277 quuntur,
318 247 403 276 quam
423 239 581 276 proprietas
595 238 733 267 sermonis
754 238 897 267 sustineat.

243 288 266 315 1.
287 287 327 315 Ad
354 286 424 314 illud
452 293 519 322 ergo
547 285 622 322 quod
650 285 741 322 primo
765 285 904 320 obiicitur,
932 286 1008 322 quod

162 333 281 362 essentia
302 335 329 361 et
355 340 475 369 persona
502 340 556 360 non
578 332 682 360 habent
703 332 829 361 diversas
856 333 1009 369 proprieta-

162 383 218 414 tes;
241 379 407 414 dicendum,
429 379 504 416 quod
534 378 682 407 diversitas
703 379 818 407 rationis
839 379 1008 416 dupliciter¹

161 430 203 455 est
225 427 252 455 in
274 425 383 454 divinis.
411 425 471 453 Uno
492 425 576 454 modo
598 433 648 462 per
669 424 774 453 habere
792 425 926 453 diversas
947 433 1009 462 pro-

160 473 307 510 prietates;
329 475 356 501 et
376 472 447 500 illud
469 472 577 500 inducit
597 472 810 506 distinctionem,
826 474 853 500 et
874 472 913 500 sic
935 471 1010 500 diffe-

161 522 229 548 runt
248 519 354 547 ratione
375 526 426 547 nec
447 518 645 555 praedicantur
667 518 701 546 de
726 518 840 552 eodem,
868 520 900 546 ut
930 518 1010 546 Pater

161 569 189 595 et
209 566 309 599 Filius;
330 565 389 593 atio
403 565 487 593 modo
502 568 544 593 est
564 573 615 602 per
636 563 741 593 habere
761 564 961 602 proprietatem
983 567 1010 593 et

161 621 219 640 non
240 611 361 645 habere‚·
381 614 408 640 et
429 611 499 640 illud
521 619 576 639 non
595 611 702 639 inducit
723 611 928 639 distinctionem
958 618 1010 639 11θο

160 659 234 693 facit,
255 658 330 695 quod
344 666 434 686 unum
455 666 510 686 non
525 657 703 694 praedicetur
719 657 753 685 de
771 657 859 685 altero
865 668 872 691 3
894 657 959 685 facit
973 660 1010 685 ta-

160 713 241 740 men,
262 705 337 742 quod
352 704 457 742 aliquid
474 704 576 733 dicitur
598 704 633 732 de
654 712 725 738 uno,
740 704 815 741 quod
834 712 890 732 non
906 704 1009 733 dicitur

161 752 196 781 de
217 752 320 786 altero,
341 754 374 780 ut
393 753 469 788 patet
491 751 519 779 in
541 751 628 779 Petro
650 753 677 779 et
698 749 826 778 homine:
847 750 945 779 Petrus
967 753 1009 779 est

160 798 354 832 individuum,
376 798 459 826 1101110
480 805 551 831 11011;
573 799 600 825 et
621 800 713 825 tamen
734 797 818 825 1101110
844 804 909 825 vere
931 804 1010 833 prae-

160 844 270 873 dicatur
291 844 326 872 de
346 844 433 872 Petro.

238 890 277 919 Ad
299 891 383 925 illud,
405 890 480 927 quod
501 898 618 918 summa
637 889 773 926 oppositio
787 892 829 918 est
850 889 1009 917 affirmatio-

160 937 203 966 nis
225 939 252 966 et
272 937 442 974 negationis,
468 937 634 970 dicendum,
663 936 738 973 quod
759 943 859 964 verum
880 938 937 970 est,
959 935 1007 963 ubi

159 984 268 1021 negatio
289 984 358 1012 nihil
379 984 471 1021 ponit,
493 983 564 1012 sicut
585 983 656 1011 inter
677 982 783 1019 aliquid
804 986 831 1011 et
852 983 937 1017 nihilg
958 982 1007 1011 sed

159 1030 209 1059 uhi
229 1030 306 1067 ponit
327 1032 469 1064 extrema,
490 1029 617 1058 minima
631 1032 722 1066 potest
736 1037 797 1058 esse
818 1032 846 1057 et
867 1029 957 1066 surgit
971 1037 1007 1057 ex

159 1077 417 1114 quantulacumque
431 1084 518 1113 parva
541 1076 697 1104 differentia
718 1075 776 1104 sive
791 1075 832 1104 rei
847 1075 905 1104 sive
928 1075 1008 1104 ratio-

159 1123 218 1157 nis;
239 1123 315 1152 unde
336 1131 391 1152 non
406 1122 509 1152 sufficit
529 1122 564 1151 ad
587 1122 827 1159 distinguendum.

238 1171 264 1198 2.
285 1170 325 1198 Ad
345 1170 414 1198 illud
438 1170 513 1206 quod
535 1169 657 1198 secundo
672 1168 817 1199 obiicitur.
840 1168 914 1205 quod
930 1176 1008 1205 prae-

159 1217 283 1246 dicatum
298 1216 429 1253 supponit
443 1224 494 1253 pro
510 1215 646 1249 subiect03
666 1215 719 1244 dici
734 1217 824 1252 potest
838 1223 896 1243 nno
910 1214 1006 1248 modo,

158 1263 359 1300 quod—sicut
373 1263 401 1291 in
416 1262 594 1292 inferioribus
609 1264 651 1291 est
665 1262 834 1299 praedicatio
849 1261 1006 1290 secundum

158 1309 372 1343 substantiam,
394 1312 426 1338 ut
447 1310 530 1338 1101110
551 1312 593 1338 θεῖ
613 1309 732 1343 animal,
753 1311 787 1337 et.
801 1311 843 1337 est
864 1308 1006 1345 praedica-

158 1357 196 1385 tio
224 1356 380 1385 secundum
407 1356 567 1390 rationem,
589 1358 621 1384 ut
646 1355 749 1384 animal
777 1358 819 1384 est
847 1363 951 1392 genus3
979 1358 1006 1383 et

157 1403 372 1441 praedicatum²
392 1403 524 1440 supponit
552 1411 604 1440 pro
631 1410 664 1431 eo
686 1402 720 1431 de
742 1410 797 1439 11110
825 1402 1005 1439 praedicatur

158 1450 314 1479 secundum
329 1449 526 1482 substantiam,
549 1449 597 1478 sed
618 1452 725 1477 mutata
745 1448 951 1486 praedicatione
967 1456 1006 1477 se-

158 1497 283 1526 cundum
298 1496 482 1526 substantiam
504 1496 531 1524 in
546 1496 795 1533 praedicationem,
817 1502 889 1532 quae
910 1497 952 1523 est
967 1502 1006 1523 se-

158 1543 283 1572 cundum
304 1544 455 1577 rationem,
477 1545 518 1572 est
533 1543 569 1571 ihi
591 1543 735 1576 accidens;
750 1542 825 1570 unde
839 1549 895 1570 non
916 1541 1006 1578 sequi-

157 1592 215 1619 tur:
237 1590 340 1618 animal
361 1592 403 1618 est
424 1597 527 1626 genus,
550 1589 634 1617 homo
649 1592 690 1617 est
704 1588 821 1622 animal,
840 1596 906 1625 ergo
921 1588 1005 1616 homo

158 1640 199 1665 est
220 1644 307 1673 genus
322 1653 360 1656 —
373 1636 509 1664 similiter
532 1636 627 1664 dicunt
645 1636 671 1663 in
692 1635 808 1670 divinis,
833 1635 908 1672 quod
940 1643 1004 1663 cum

158 1683 213 1712 sint
234 1683 272 1712 ibi
292 1692 339 1711 res
367 1686 394 1712 et
417 1683 513 1717 ratio,
535 1685 576 1711 est
598 1682 635 1711 ibi
654 1682 825 1719 praedicatio
847 1681 1004 1710 secundum

158 1729 357 1763 substantiam,
386 1732 413 1758 et
441 1729 488 1757 illa
517 1729 638 1763 salvata,
668 1729 806 1766 quidquid
839 1728 942 1757 dicitur
970 1728 1004 1757 de

157 1776 326 1813 praedicato,
346 1779 373 1805 et
397 1776 431 1805 de
446 1776 583 1810 subiecto:
605 1776 654 1804 sed
672 1778 778 1804 mutata
799 1775 1004 1812 praedicatione

157 1822 312 1851 secundum
334 1822 517 1851 substantiam
540 1822 567 1850 in
589 1822 823 1859 praedicationem
848 1822 1003 1850 secundum

157 1869 302 1903 rationem,
323 1872 365 1898 est
386 1869 423 1897 ibi
444 1869 589 1902 accidens,
610 1871 637 1897 et
665 1868 727 1897 talis
748 1871 789 1896 est
815 1868 893 1897 liic3:
924 1868 1004 1896 Pater

157 1918 285 1952 generat,
314 1915 363 1944 sed
385 1915 479 1944 divina
499 1915 619 1943 essentia
643 1917 685 1943 est
707 1915 799 1943 Pater:
821 1922 888 1951 ergo
909 1914 1004 1943 divina

157 1961 277 1990 essentia
299 1965 421 1998 generat.

234 2008 287 2037 Sed
302 2009 351 2037 ista
369 2008 522 2037 similitudo
543 2016 597 2038 non
612 2008 725 2036 videtur
747 2008 922 2042 conveniens,
937 2008 1003 2045 quia

156 2054 184 2082 in
199 2054 301 2083 divinis
321 2054 399 2083 ratio
411 2054 419 2068 ⁴
439 2055 618 2091 praedicatur
639 2054 673 2083 de
688 2055 822 2089 essentia,
844 2055 919 2083 unde
933 2055 1002 2083 haec

155 2104 197 2130 est
216 2109 296 2130 vera:
319 2102 438 2130 essentia
459 2104 501 2130 est
522 2101 675 2138 paternitas
700 2108 727 2130 et
748 2102 905 2138 generatim
926 2101 1002 2138 quod

155 2147 269 2185 quidem
290 2148 318 2176 in
332 2148 512 2177 inferioribus
530 2156 584 2176 non
607 2148 756 2185 reperitur.
779 2148 831 2176 Et⁵
853 2152 1002 2185 propterea

1856 121 1909 150 113

1065 193 1146 222 aliter
1167 194 1332 229 dicendum,
1354 196 1429 232 quod
1452 196 1479 224 in
1501 197 1602 226 divinis
1623 200 1665 226 est
1680 198 1787 235 duplex
1809 199 1911 227 modus
1923 206 1972 225 Vera
1990 207 2040 225 som-

1065 240 1260 276 praedicandi:
1282 249 1332 278 per
1354 242 1531 271 identitatem
1559 247 1586 272 et
1616 252 1667 281 per
1687 243 1910 273 inhaerentiam.

1066 286 1116 315 Per
1138 287 1332 321 identitatem,
1354 291 1385 316 ut
1407 297 1471 317 cum
1493 290 1607 318 dicitur:
1620 291 1740 319 essentia
1754 294 1796 320 est
1816 292 1896 320 Pater
1904 302 1912 326 ;

1066 340 1117 369 per
1145 332 1359 362 inhaerentiam
1394 334 1451 363 sive
1480 335 1751 372 denominationem,
1782 338 1853 366 sicut
1877 338 1914 366 sa-

1067 380 1143 408 ciunt
1158 380 1294 408 adiectiva
1309 383 1336 412 et
1350 381 1437 409 verba
1448 381 1467 408 ⁵.
1486 382 1655 411 Praedicatio
1670 392 1720 420 per
1735 384 1913 413 identitatem
1926 393 2044 439 rggffdffizguo

2020 423 2041 435 Π.

1067 428 1109 454 θεῖ
1123 426 1150 454 111
1172 426 1273 455 divinis
1295 427 1401 455 ratione
1416 435 1542 456 summae
1558 429 1757 465 simplicitatis,
1771 438 1843 467 quae
1859 438 1913 459 non
1937 440 2016 458 uatem.

1066 472 1172 509 patitur
1186 480 1334 509 personam
1356 473 1449 502 minus
1470 482 1531 503 esse
1546 475 1699 511 simplicem
1724 485 1807 513 quam
1823 484 1913 506 essen—

1067 519 1149 553 tiam3
1164 527 1235 556 quae
1250 519 1316 556 quia
1331 528 1385 548 non
1400 523 1442 548 est
1462 520 1490 548 in
1505 522 1657 556 creaturis,
1678 522 1741 551 ideo
1755 523 1783 551 in
1804 524 1844 552 eis
1858 532 1912 551 non

1066 565 1208 602 reperitur
1227 566 1397 603 praedicatio
1418 574 1469 603 per
1498 567 1676 596 identitatem
1697 569 1912 605 omnimodam,

1066 611 1118 639 nisi
1140 611 1214 640 idem
1237 612 1398 641 enuntietur
1419 612 1454 641 de
1475 621 1513 648 se,
1536 617 1567 642 ut
1587 622 1651 642 cum
1680 614 1794 643 dicitur:
1817 616 1914 644 huma-

1066 659 1137 687 nitas
1158 662 1199 688 est
1227 659 1403 694 humanitas3
1425 660 1474 688 sed
1494 661 1585 689 omnis
1609 662 1724 698 propria
1743 662 1913 698 praedicatio

1066 706 1126 734 est⁷
1141 713 1191 742 per
1212 705 1443 740 inhaerentiam,
1465 707 1531 743 quia
1552 707 1622 735 nihil
1647 711 1689 736 est
1717 708 1829 736 omnino
1850 708 1913 737 sim-

1065 752 1147 789 plex,
1169 752 1244 781 unde
1258 752 1327 781 haec
1348 756 1390 781 est
1404 753 1488 782 falsa:
1510 753 1670 782 humanitas
1685 757 1727 783 est
1747 755 1913 784 animalitas.

1065 798 1093 826 ln
1116 799 1322 836 praedicatione
1344 807 1410 828 vero
1438 807 1489 837 per
1516 799 1729 829 inhaerentiam
1757 801 2044 830 1011111111]εὸΡΓᾶΘάἰοιΊιίο

1938 831 1971 849 per
1979 826 2044 845 inhae-

1065 845 1142 874 aliud
1164 845 1301 882 significat
1321 849 1348 874 et
1362 846 1440 874 aliud
1455 847 1602 883 supponit,
1624 847 1690 884 quia
1712 847 1848 884 significat
1862 848 1914 876 for·
1937 850 2022 868 remim-

1065 900 1140 920 mam
1155 900 1332 921 communem
1355 895 1382 921 et
1396 893 1527 930 supponit
1548 902 1600 930 pro
1619 894 1759 928 inferiori,
1782 898 1809 922 et
1824 894 1850 922 in
1865 894 1913 922 tali

1064 946 1163 966 verum
1185 941 1242 972 est,
1264 939 1339 975 quod
1366 939 1435 967 illud
1457 939 1532 976 quod
1554 940 1733 976 praedicatur
1755 940 1789 968 de
1810 940 1913 974 altero,

1065 985 1197 1022 supponit
1217 993 1269 1022 pro
1290 985 1346 1014 illo.
1369 986 1422 1014 Sed
1444 986 1471 1014 in
1486 986 1692 1023 praedicatione
1712 994 1764 1023 per
1783 987 1915 1015 identita-

1065 1035 1119 1060 tem
1139 1032 1214 1060 idem
1235 1032 1372 1069 significat
1393 1036 1420 1061 et
1440 1033 1580 1070 supponit.
1604 1034 1681 1062 Unde
1701 1036 1767 1062 tunc
1789 1036 1830 1062 est
1855 1041 1914 1062 sen-

1064 1086 1127 1113 sus,
1156 1079 1231 1115 quod
1254 1079 1440 1116 significatum
1468 1088 1519 1117 per
1544 1080 1619 1109 hunc
1648 1080 1800 1109 terminum
1822 1080 1922 1109 Pater'

1064 1128 1106 1154 est
1127 1126 1210 1160 idem,
1231 1126 1307 1163 quod
1329 1126 1515 1163 significatum
1536 1134 1587 1164 per
1606 1127 1682 1155 hunc
1701 1127 1853 1156 terminum
1875 1136 1913 1155 es-

1063 1173 1174 1206 sentia,
1195 1175 1223 1201 et
1244 1172 1307 1201 ideo
1327 1173 1481 1210 paternitas
1502 1176 1544 1202 est
1565 1174 1699 1207 essentia,
1725 1176 1752 1202 et
1774 1173 1839 1210 quia
1860 1174 1913 1202 hoc

1063 1226 1164 1247 nomen
1189 1219 1308 1247 essentia
1336 1227 1389 1248 non
1419 1219 1556 1256 significat
1583 1228 1748 1257 personam,
1777 1220 1839 1249 ideo
1860 1229 1912 1257 pro

1063 1265 1123 1302 ipsa
1145 1274 1199 1293 non
1221 1266 1368 1303 supponit,
1390 1274 1455 1295 cum
1476 1267 1554 1295 nullo
1575 1267 1659 1295 modo
1689 1268 1724 1296 de
1753 1268 1813 1304 ipsa
1834 1275 1912 1305 prae-

1063 1311 1173 1340 dicetur
1194 1312 1246 1340 nisi
1268 1312 1474 1348 praedicatione
1495 1321 1546 1349 per
1568 1313 1753 1341 identitatem.

1142 1358 1168 1386 3.
1191 1358 1228 1386 Α11
1251 1358 1321 1386 1111111
1343 1358 1418 1395 quod
1439 1359 1569 1387 obiicitur
1586 1360 1665 1387 tertio
1687 1360 1721 1388 de
1742 1360 1870 1396 passione
1885 1363 1912 1389 et

1062 1404 1187 1432 subiecto
1209 1407 1236 1432 et
1257 1404 1464 1439 consimilibus,
1480 1405 1646 1439 dicendum,
1668 1405 1743 1442 1111011
1765 1406 1910 1443 quaedam
1923 1416 1995 1443 mpiex
2010 1422 2052 1440 spe.

1936 1446 1974 1459 eles
1987 1446 2041 1459 Voca-

1063 1453 1128 1478 sunt
1143 1450 1279 1479 vocabula
1294 1451 1321 1479 in
1341 1451 1443 1480 divinis
1459 1451 1667 1486 substantialia,
1690 1460 1761 1489 quae
1776 1453 1911 1481 claudunt
1935 1464 2027 1482 unorum.

1062 1496 1136 1524 intra
1157 1504 1186 1525 se
1207 1504 1283 1531 rem,
1306 1497 1380 1525 circa
1401 1505 1486 1534 quam
1508 1501 1615 1534 ponunt
1639 1498 1757 1526 formam
1779 1498 1910 1536 importa-

1062 1545 1119 1571 tam
1140 1551 1190 1580 per
1205 1543 1280 1580 ipsa,
1303 1546 1334 1571 ut
1356 1544 1407 1572 hoc
1423 1552 1524 1572 nomen
1548 1544 1626 1573 Pater
1634 1556 1641 1579 3
1662 1548 1689 1573 et
1708 1545 1773 1573 talia
1793 1548 1911 1582 possunt

1061 1590 1218 1626 praedicari
1239 1597 1290 1627 per
1305 1590 1498 1625 identitatem,
1520 1594 1551 1619 ut
1569 1599 1634 1619 cum
1650 1591 1766 1620 dicitur:
1790 1592 1909 1620 essentia

1061 1639 1103 1664 est
1124 1636 1219 1671 Pater,
1240 1636 1269 1665 id
1284 1639 1338 1671 est,
1361 1636 1407 1665 ille
1429 1637 1477 1674 qui
1492 1640 1534 1665 est
1548 1637 1635 1666 Pater.
1660 1638 1810 1673 Quaedam
1832 1640 1909 1672 sunt,

1063 1690 1134 1720 quae
1156 1685 1221 1711 sunt
1242 1683 1355 1711 omnino
1376 1683 1404 1711 in
1426 1683 1594 1719 adiacentia,
1617 1684 1689 1713 sicut
1710 1684 1797 1713 verba
1817 1687 1844 1713 et
1864 1692 1910 1713 no-

1061 1730 1136 1758 mina
1156 1730 1292 1758 adiective
1307 1733 1414 1758 retenta
1424 1730 1443 1764 ⁹,
1466 1733 1497 1758 11ῖ
1510 1734 1631 1767 yenerat
1645 1734 1672 1759 et
1680 1731 1797 1768 ,qenitas
1817 1734 1844 1760 et
1858 1740 1910 1760 na-

1061 1779 1125 1809 tas;
1147 1779 1174 1804 et
1196 1776 1261 1804 talia
1281 1779 1389 1813 ponunt
1409 1784 1469 1805 rem
1491 1785 1571 1805 suam
1593 1777 1666 1806 circa
1688 1785 1728 1812 ea,
1751 1778 1785 1806 de
1806 1778 1909 1814 quibus

1061 1823 1275 1861 praedicantur,
1297 1823 1360 1851 ideo
1387 1826 1495 1851 tantum
1517 1831 1567 1860 per
1590 1823 1804 1852 inhaerentiam
1830 1832 1909 1861 prae-

1060 1869 1198 1897 dicantur.
1221 1869 1252 1897 Et
1266 1869 1328 1897 ideo
1343 1877 1477 1906 generare
1492 1870 1569 1907 ponit
1589 1870 1801 1905 distinctionem,
1823 1879 1908 1908 quam

1060 1915 1208 1952 importat,
1230 1916 1304 1944 circa
1319 1916 1483 1951 essentiam,
1499 1925 1563 1945 cum
1579 1917 1613 1945 de
1628 1925 1660 1945 ea
1675 1918 1789 1949 dicitur;
1805 1920 1831 1946 et
1847 1917 1908 1946 ideo

1060 1962 1129 1990 haec
1150 1966 1192 1991 est
1212 1962 1296 1991 falsa:
1319 1963 1439 1991 essentia
1464 1966 1593 1999 generat,
1616 1963 1683 1992 haec
1712 1966 1804 1992 tamen
1825 1971 1906 1992 vera:

1059 2009 1178 2037 essentia
1199 2012 1240 2038 est
1255 2009 1405 2046 generatio.
1422 2009 1452 2037 Et
1474 2010 1586 2046 quando
1600 2018 1616 2038 a
1637 2010 1843 2047 praedicatione
1857 2018 1908 2047 per

1059 2055 1236 2083 identitatem
1262 2056 1318 2084 itur
1329 2055 1347 2069 ¹⁰
1377 2055 1412 2084 ad
1434 2056 1667 2092 praedicationem
1688 2064 1738 2093 per
1760 2055 1909 2085 inhaeren-

1059 2102 1148 2135 tiam,
1170 2105 1261 2139 potest
1283 2109 1344 2130 esse
1365 2102 1401 2130 ibi
1431 2103 1569 2131 accidens.
1592 2103 1671 2139 Quod
1700 2111 1766 2140 ergo
1788 2103 1907 2138 dicitur;

1058 2148 1092 2176 de
1123 2156 1301 2185 quocumque
1332 2149 1511 2185 praedicatur
1543 2149 1716 2183 subiectum,
1745 2153 1772 2178 et
1793 2150 1907 2187 propria

217 2325 224 2339 ¹
243 2325 348 2348 Nonnulli
365 2325 433 2347 codd.
451 2328 475 2348 ut
492 2325 568 2347 TVY
585 2332 638 2347 011111
655 2325 691 2347 ed.
718 2326 722 2346 l
753 2325 857 2355 duplam,
884 2329 907 2349 et
932 2327 1001 2354 paulo

154 2365 211 2386 infra
229 2365 294 2386 multi
311 2364 379 2387 codd.
398 2367 423 2387 ut
439 2365 456 2386 Α
466 2364 482 2387 C
492 2365 510 2386 G
520 2365 539 2386 K
549 2365 565 2386 L
575 2365 592 2386 R
603 2365 618 2386 S
628 2365 646 2386 T
657 2364 676 2386 V
687 2365 707 2386 X
724 2367 767 2387 etc.
791 2367 843 2392 post
867 2366 890 2387 et
913 2365 1002 2387 addunt

152 2409 210 2432 per,
230 2403 271 2425 sed
288 2404 364 2425 minus
381 2409 440 2431 apte.
458 2403 544 2425 Deinde
562 2409 631 2425 sensu
649 2409 692 2425 non
711 2406 799 2425 mutato
816 2403 884 2426 codd.
901 2404 947 2425 DT
959 2410 1002 2427 nec

151 2441 306 2471 praedicatur
322 2448 400 2464 ‘annm
417 2442 445 2464 de
461 2441 537 2465 altero
547 2456 558 2470 ,-
568 2443 596 2464 ut
606 2442 684 2464 Pater.
703 2442 747 2464 Csr.
760 2442 788 2464 de
801 2443 844 2464 hoc
856 2442 879 2464 d.
892 2443 927 2464 26.
941 2449 960 2464 a.
984 2444 1000 2465 1.

154 2488 175 2509 q.
198 2482 215 2503 1.
233 2481 262 2502 ad
280 2482 300 2502 2.
319 2480 374 2503 Cod.
392 2481 413 2502 X
431 2484 483 2509 post
499 2480 578 2503 eodem
601 2481 655 2508 legit
678 2481 801 2508 glossando
820 2481 880 2503 unde
903 2481 951 2504 ulia
969 2483 1003 2504 est

152 2525 255 2548 persona
277 2519 371 2547 Patris,
396 2519 445 2542 alia
470 2519 540 2547 Filii,
565 2519 615 2542 alia
638 2519 742 2548 Spiritus
764 2519 856 2547 sancti,—
878 2519 929 2543 ideo
953 2526 1002 2543 una

154 2563 203 2580 non
218 2557 371 2586 praecltcatm·
388 2557 415 2581 de
431 2557 496 2586 alia,
516 2559 544 2580 ut
559 2558 630 2580 Pater
647 2559 681 2580 est
697 2557 780 2581 Filius.

217 2596 227 2610 ²
244 2597 323 2618 Plures
340 2597 408 2619 codd.
427 2600 452 2619 ut
468 2597 510 2619 AB
519 2596 535 2619 C
545 2597 561 2618 L
572 2597 589 2618 R
601 2597 615 2618 S
625 2597 641 2619 U
653 2597 673 2618 X
686 2596 718 2619 bb
731 2603 783 2619 cum
796 2597 831 2619 ed.
846 2598 853 2618 l
871 2597 1002 2626 11115ορ1111-

153 2635 239 2659 dicatio
252 2636 301 2658 loco
314 2635 485 2664 praedicatum,
500 2639 522 2658 ct
533 2636 602 2664 paulo
614 2636 671 2658 infra
684 2639 736 2664 post
745 2635 921 2665 praedicatione
939 2637 1002 2658 omit-

154 2676 203 2695 tunt
220 2674 283 2696 multi
300 2674 367 2696 codd.
385 2676 410 2696 ut
421 2674 531 2696 AFGllxv
545 2675 562 2696 T
580 2681 606 2696 aa
619 2677 660 2697 etc.
673 2681 727 2696 cum
745 2674 781 2697 ed.
804 2675 808 2696 l
831 2681 875 2697 non
893 2674 952 2696 bene
969 2680 1001 2697 se-

156 2710 261 2734 candum
278 2710 443 2734 substantiam.

218 2750 227 2764 ³
245 2751 295 2773 Vat.
313 2754 335 2773 ct
353 2751 420 2773 codd.
438 2757 464 2773 cc
481 2753 558 2773 contra
577 2752 683 2780 antiquos
695 2751 762 2774 codd.
776 2756 798 2774 ct
809 2752 844 2774 cd.
862 2752 867 2773 l
885 2758 929 2773 non
942 2751 1000 2774 bcnc

154 2788 212 2812 haec
220 2798 230 2817 ,¹
248 2789 298 2811 cod.
318 2790 337 2811 X
356 2789 392 2812 ibi.

218 2828 226 2842 4
244 2828 299 2851 Cod.
313 2829 331 2850 Y
344 2828 434 2851 relatio.
448 2829 515 2852 Ratio
528 2830 564 2851 hic
576 2832 617 2852 stat
631 2835 673 2857 pro
685 2829 777 2857 relatio,
792 2830 831 2851 rsr.
845 2836 913 2857 supra
927 2836 949 2857 p.
963 2829 1000 2857 58,

155 2870 207 2889 nota
224 2868 240 2888 1.

0 2924 3 3136 Ν
289 2913 312 2936 S.
331 2914 418 2937 Bonae.
436 2927 468 2930 —
485 2915 550 2936 Toni.
570 2915 583 2936 1.

1001 2555 1014 2565 a

1124 2326 1133 2341 ⁵
1151 2327 1201 2349 Vat.
1219 2330 1296 2349 contra
1314 2333 1368 2349 mss.
1386 2331 1407 2349 ct
1425 2327 1460 2349 cd.
1484 2328 1488 2349 l
1510 2328 1591 2350 omittit
1608 2328 1644 2350 Et.

1123 2364 1132 2379 ὃ
1150 2364 1222 2387 Codd.
1240 2365 1278 2386 lx
1296 2365 1384 2387 addunt
1400 2365 1462 2388 sicut
1480 2365 1540 2388 Deus
1557 2367 1593 2388 est
1608 2366 1695 2393 iustus,
1713 2366 1774 2389 sicut
1785 2367 1908 2396 Puterye-

1058 2404 1135 2426 neral.
1152 2416 1184 2420 —
1200 2404 1232 2426 De
1245 2404 1330 2431 duplici
1343 2405 1429 2426 ratione
1443 2405 1590 2432 praedicandi
1608 2405 1661 2427 11111ἱ
1679 2406 1735 2427 intra
1754 2406 1775 2427 d.
1794 2406 1830 2427 34..
1848 2413 1870 2435 q.
1884 2407 1906 2428 2.

1120 2443 1129 2457 ⁷
1146 2442 1201 2465 Cod.
1220 2443 1249 2464 W
1267 2443 1303 2464 liic
1320 2443 1383 2465 addit
1400 2443 1441 2466 illa
1467 2450 1527 2473 quae
1543 2445 1577 2466 est
1593 2444 1723 2473 superioris
1740 2446 1847 2473 respecta
1870 2445 1903 2467 in-

1056 2481 1165 2511 sertoris‚·
1183 2481 1250 2504 codd.
1269 2488 1295 2504 aa
1313 2482 1344 2504 bb
1362 2488 1417 2504 vero
1435 2482 1565 2511 superioris
1582 2482 1609 2505 de
1626 2483 1737 2512 inferiore
1754 2485 1788 2506 est
1796 2492 1806 2512 ,⁵
1822 2484 1872 2506 cod.
1885 2485 1904 2506 H

1058 2520 1150 2543 tandem
1168 2520 1192 2542 in
1209 2521 1333 2543 creaturis.

1120 2559 1130 2573 ⁸
1147 2559 1219 2581 Codd.
1238 2559 1280 2582 LO
1299 2560 1387 2583 addunt
1404 2560 1544 2583 communis.
1562 2561 1631 2583 Paulo
1649 2561 1705 2583 intra
1727 2565 1779 2589 post
1794 2567 1838 2590 pro
1863 2561 1903 2584 illo

1058 2598 1108 2620 cod.
1128 2598 1146 2619 Τ
1165 2599 1281 2620 continuat
1298 2600 1491 2621 constructionem
1508 2598 1607 2621 sednon
1624 2599 1649 2621 in
1662 2599 1839 2628 praedicatione
1858 2606 1904 2629 pei·

1057 2636 1201 2659 identitatem
1218 2636 1259 2659 nbi
1274 2636 1343 2660 idem.
1356 2638 1436 2665 Quoad
1454 2638 1571 2660 doctrinae
1587 2639 1760 2666 explicationem
1778 2639 1817 2661 cfr.
1832 2645 1905 2666 supra

1058 2676 1079 2698 d.
1099 2675 1119 2698 4.
1137 2682 1159 2704 11.
1178 2676 1198 2697 2.
1214 2679 1235 2698 et
1253 2675 1273 2698 4.

1119 2714 1129 2728 ⁰
1146 2711 1196 2736 Vat‘.
1215 2717 1306 2741 praetor
1324 2714 1393 2737 fidem
1405 2716 1560 2743 antiquiorum
1574 2721 1628 2737 mss.
1640 2718 1662 2737 et
1673 2715 1709 2737 cd.
1726 2716 1731 2737 l
1748 2717 1830 2738 omittit
1841 2715 1903 2738 sicut

1057 2752 1127 2775 rerba
1145 2754 1166 2775 et
1182 2752 1280 2775 nomina
1296 2753 1407 2776 adiecta-e
1429 2755 1526 2776 retenta.
1544 2754 1612 2775 Paulo
1630 2758 1681 2776 autc
1698 2754 1776 2781 plures
1793 2754 1860 2776 codd.
1878 2757 1905 2776 ut

1057 2795 1074 2814 Α
1084 2793 1100 2814 Ε
1110 2793 1128 2820 Q
1140 2793 1157 2814 V
1168 2793 1187 2814 X
1206 2795 1256 2820 post
1274 2792 1369 2815 omnino
1387 2794 1493 2815 omittunt
1510 2792 1531 2815 in
1541 2812 1546 2820 ‚
1566 2794 1587 2815 iu
1606 2800 1650 2821 qua
1664 2794 1758 2815 lectione
1769 2792 1900 2816 adiacentia

1058 2831 1169 2853 0111001111·
1187 2832 1292 2853 sumitur.

1121 2869 1140 2883 ¹⁰
1157 2869 1212 2892 Cod.
1230 2870 1247 2891 11
1266 2869 1380 2898 [nfertur.
1399 2870 1449 2892 cod.
1468 2871 1497 2891 W
1512 2870 1656 2900 proceditur.

1686 2917 1710 2937 15
