2253 3317
202 1012 337 1031 Fundamenta.

217 2230 247 2249 Ad
259 2230 333 2254 opposi-

344 121 401 149 ⁹264

1029 119 1279 149 SENTENTIARUM
1302 120 1360 148 LIB.
1383 119 1400 147 I.

1083 248 1377 284 SGHOLION.‘

404 361 523 383 Conclusio
540 363 574 382 cst
589 361 698 383 sententia
716 360 856 387 commuuis;
874 360 1026 382 communiter
1047 360 1115 382 etiam
1133 366 1184 382 eou-

341 400 441 430 veditur,
459 399 516 421 Patri
534 399 657 421 convenire
672 397 886 428 manifestationem
904 398 986 420 saetam
1002 398 1025 420 in
1050 399 1127 427 aliquo
1155 399 1185 421 οι·-

342 435 399 461 tectu
417 439 460 466 ipsi
477 438 625 466 appropriato
649 443 671 460 v.
690 443 711 465 g.
734 437 756 459 in
782 436 858 466 aliqua
883 437 1032 465 apparitione.
1058 437 1104 460 Sed
1129 438 1181 466 quia

341 476 421 500 missio
437 479 527 504 praeter
543 477 587 499 hoc
604 477 710 499 connotat
726 476 749 498 in
766 481 864 503 persona
882 476 952 498 missa
969 476 1149 504 emanationem,
1162 479 1185 498 et

341 515 466 538 Patervnon
484 517 581 543 emanat,
599 514 650 537 ideo
668 516 724 537 haec
740 515 790 537 eius
806 515 957 537 manifestatio
978 520 1023 537 non
1040 518 1075 537 ost
1099 515 1184 537 missio.

1241 359 1271 382 Ita
1290 359 1403 388 Richard.y
1416 360 1451 382 liic
1463 367 1482 382 a.
1501 360 1522 382 2.
1540 367 1561 389 q.
1585 361 1602 383 l.
1619 372 1651 377 —
1663 361 1722 384 Alex.
1741 362 1797 388 Ital..
1815 363 1837 384 S.
1856 369 1878 390 p.
1897 363 1901 384 Ι
1921 369 1943 391 q.
1962 363 1999 385 73.
2017 369 2046 386 m.
2065 364 2086 385 2.

1241 404 1262 420 a.
1279 398 1296 420 Ι.
1313 410 1344 414 -
1361 398 1382 420 S.
1396 398 1491 426 Tliom.‚
1510 399 1546 420 hit·
1563 405 1584 427 q.
1613 399 1641 427 23
1659 400 1680 421 S.
1699 400 1712 421 l.
1730 406 1752 429 q.
1771 399 1806 422 43.
1826 407 1845 422 n.
1865 400 1884 423 t.
1902 413 1934 417 —
1951 402 1974 424 Β.
1993 401 2086 430 Albert.⁷

1242 437 1278 459 liic
1295 436 1317 458 a.
1334 436 1355 459 7.
1373 448 1404 453 ·—
1421 437 1477 460 Petr.
1503 443 1515 459 a
1534 437 1602 466 Tan,
1628 438 1665 460 liic
1682 444 1703 467 q.
1722 438 1742 460 3.
1761 444 1780 460 a.
1796 438 1816 460 3.
1828 450 1860 455 —
1871 439 1978 461 Richard.
1991 446 2003 462 a
2017 439 2086 468 Med,

1241 476 1278 498 hic
1294 481 1315 498 a.
1334 476 1354 498 2.
1371 482 1392 504 q.
1406 476 1426 497 Ξ.
1443 487 1476 492 —-
1490 476 1563 504 AEgid.
1582 477 1623 504 R.‚
1641 477 1678 499 liic.
1694 477 1715 499 2.
1733 477 1805 504 princ.
1829 483 1850 506 q.
1873 478 1893 500 l.
1916 489 1947 494 —
1970 478 2086 507 Duraud.,

1242 514 1270 536 de
1288 515 1329 536 liae
1346 516 1368 536 ct
1384 520 1432 543 seq.
1451 515 1486 536 uie
1503 521 1525 543 q.
1543 515 1564 537 3.
1582 527 1613 531 —
1630 515 1722 543 Dionys.
1740 515 1826 543 Gai-tn,
1846 516 1881 538 liic
1892 522 1921 545 .q.
1944 516 1961 538 1.

1096 615 1259 652 Qmssrio
1280 616 1322 645 iv.

777 701 882 730 Utrum
905 702 1022 735 ›ii-iasio,
1043 701 1136 730 active
1156 704 1292 738 aocepta,
1313 700 1353 729 sic
1374 702 1461 730 totius
1489 702 1653 731 Trinitatis.

419 812 524 849 Quarto
554 814 581 840 et
602 811 701 839 ultimo
725 811 889 848 quaeritur,
915 810 996 840 euius
1027 811 1062 840 sit
1092 810 1187 840 missio

341 862 372 887 ut
393 858 534 887 mittentis.
558 858 589 886 Et
609 857 684 895 quod
706 857 741 886 sit
762 857 847 886 totius
876 856 1038 888 Trinitatis,
1068 856 1187 885 ostendi-

342 908 388 934 tur
410 906 456 935 sie.

423 953 445 980 1.
468 952 559 981 Missio
580 951 654 981 idem
684 954 726 980 est
756 950 832 988 quod
865 950 1025 987 temporalis
1056 950 1186 979 donatio:

342 999 391 1029 sed
412 999 602 1036 temporaliter
623 998 691 1027 dare
712 997 841 1026 convenit
866 996 913 1025 toti
946 996 1091 1031 Trinitati,
1119 996 1185 1034 quia

342 1050 398 1076 tota
419 1046 539 1075 Trinitas
566 1046 614 1075 dat
634 1045 769 1083 Spiritum
792 1047 937 1078 sanctum,
959 1047 990 1073 ut
1012 1044 1078 1073 dicit
1098 1045 1188 1081 Augu-

343 1093 432 1121 stinus
448 1092 476 1120 ¹:
499 1100 565 1129 ergo
585 1094 636 1121 ete.

421 1140 446 1168 2.
469 1139 555 1173 Item,
582 1138 753 1175 Augustinus
788 1137 911 1167 secundo
946 1137 980 1166 de
1012 1137 1185 1166 Trinitate²z

350 1200 360 1210 a
376 1186 442 1216 Mitti
464 1195 480 1215 a
501 1187 580 1215 Patre
600 1186 685 1215 Filius
715 1186 774 1215 sine
806 1186 910 1223 Spiritu
941 1188 1035 1215 saneto
1060 1193 1115 1214 non
1142 1193 1188 1222 po-

343 1233 420 1262 tuit»
440 1257 446 1264 .
466 1241 533 1271 ergo
565 1233 659 1262 missio
680 1233 738 1262 Filii
769 1233 897 1262 convenit
927 1232 1042 1270 Spiritui
1073 1235 1185 1261 sancto:

342 1289 408 1318 ergo
428 1280 527 1310 eadem
548 1280 653 1309 ratione
669 1280 763 1309 missio
777 1280 828 1309 sui.
845 1280 879 1309 δι’
892 1280 989 1313 dicas,
1006 1279 1077 1308 sieut
1091 1279 1187 1308 dIeunt

341 1328 474 1365 quidam,
496 1327 571 1365 quod
594 1327 662 1356 illud
684 1327 849 1364 intelligitur
870 1327 904 1356 de
933 1326 1064 1355 missione
1092 1333 1188 1355 seeum

342 1375 411 1404 dum
431 1375 584 1403 humanam
604 1376 748 1408 naturam,
769 1381 825 1410 qua
850 1373 953 1402 missus
974 1376 1016 1402 est
1046 1373 1081 1401 ad
1110 1380 1187 1410 prae-

342 1421 508 1456 dicandum,
530 1420 686 1450 secundum
718 1420 787 1449 illud
818 1420 903 1449 Isaiae
929 1420 1104 1457 sexagesimo
1134 1419 1188 1456 pri-

343 1468 419 1497 mo³:
443 1468 490 1496 Ad
510 1467 750 1496 annuntiandum
771 1466 933 1495 mamuetz's
951 1466 1033 1495 irrisit
1045 1474 1090 1495 me
1101 1477 1110 1499 ,·
1132 1474 1187 1494 non

342 1519 437 1544 autem
468 1515 502 1544 de
533 1514 664 1543 missione
699 1513 855 1543 seeundum
886 1513 1010 1542 divinam
1041 1516 1187 1547 naturam3

343 1565 468 1591 eoettra:
505 1561 599 1590 missio
633 1560 788 1590 seeundum
827 1559 950 1589 divinam
985 1562 1115 1588 naturam
1146 1561 1189 1587 est

342 1609 437 1638 missio
459 1608 486 1637 in
508 1610 648 1642 mentem,
670 1607 714 1636 vel
736 1607 764 1635 In
785 1614 898 1635 carnem
910 1618 917 1641 3
940 1606 989 1635 sed
1017 1606 1188 1643 Augustinus

343 1655 471 1693 intelligit
491 1655 525 1684 de
547 1655 677 1683 missione
698 1654 726 1682 in
748 1661 879 1688 earnem,
905 1653 980 1682 uude
1012 1653 1104 1682 statim
1126 1653 1189 1682 sub-

343 1703 440 1732 ditur:
468 1702 565 1738 «Quia
586 1701 665 1730 Pater
686 1700 850 1738 intelligitur
878 1707 944 1729 eum
965 1699 1092 1732 misisse.
1124 1708 1188 1729 cum

343 1749 407 1779 feeit
427 1757 464 1779 ex
485 1749 587 1778 femina
602 1761 612 1772 ι»
631 1759 636 1776 :
659 1756 726 1785 ergo
748 1751 873 1782 constat,
901 1747 977 1785 quod
1009 1747 1132 1784 loquitur
1154 1748 1188 1776 (le

344 1797 473 1826 missione
494 1796 649 1826 seeundum
670 1795 793 1824 divinam
814 1798 953 1824 naturam.

422 1844 447 1873 3.
470 1844 550 1878 Item,
571 1843 700 1880 Magister
714 1842 723 1857 ⁴
748 1842 812 1871 facit
838 1842 892 1871 tale
922 1844 1139 1879 argumentum:
1167 1842 1189 1870 si

343 1891 423 1920 Pater
443 1893 534 1928 potest
555 1889 622 1918 dare
643 1888 687 1918 vel
709 1889 820 1918 mittere
841 1888 976 1926 Spiritum
997 1892 1143 1919 sanetum.
1162 1891 1189 1917 et

344 1936 463 1974 Spiritus
484 1939 597 1965 sanctus
617 1944 672 1965 non
693 1938 802 1973 potest,
824 1943 891 1972 ergo
912 1935 1018 1972 aliquid
1032 1938 1124 1972 potest
1145 1935 1190 1963 Pa-

345 1988 400 2019 ter,
422 1983 498 2021 quod
518 1991 573 2011 non
594 1985 685 2021 potest
705 1982 825 2020 Spiritus
846 1984 967 2011 sanetus.
989 1982 1056 2010 Item
1072 1982 1093 2010 si
1109 1982 1189 2010 Pater

344 2032 391 2061 dat
411 2034 439 2061 et
457 2030 541 2059 mittit
561 2029 695 2067 Spiritum
723 2031 870 2063 sanetum,
898 2032 925 2057 et
956 2028 1008 2057 hoe
1036 2035 1091 2056 non
1124 2028 1189 2056 facit

343 2078 463 2117 Spiritus
484 2079 614 2110 sanctus,
634 2075 740 2113 aliquid
761 2075 826 2104 facit
844 2075 941 2105 Pater.
963 2074 1038 2111 quod
1053 2082 1108 2103 non
1122 2074 1188 2102 facit

344 2125 463 2163 Spiritus
482 2126 611 2153 sanetus:
634 2130 701 2159 ergo
721 2121 811 2151 diVisa
832 2124 897 2150 sunt
917 2128 1003 2158 opera
1024 2120 1172 2149 Trinitatis.

423 2171 556 2200 CONTRA:
581 2170 604 2197 1.
625 2169 727 2197 Datum
748 2167 851 2197 dieitur
873 2167 989 2196 relative
1003 2166 1039 2195 ad
1054 2166 1187 2195 dantem.

345 2218 417 2248 sicut
437 2217 503 2246 dicit
523 2215 693 2253 Augustinus
721 2215 818 2252 quinto
848 2214 883 2243 de
914 2213 1047 2242 Trinitate
1061 2213 1088 2241 ⁵:
1121 2221 1189 2250 ergo

346 2264 465 2302 Spiritus
485 2266 598 2292 sanctus
618 2270 673 2291 non
694 2262 778 2291 datur
798 2260 852 2290 nisi
872 2260 908 2289 ab
929 2260 991 2295 his,
1012 2260 1048 2289 ad
1063 2268 1134 2297 quos
1149 2268 1189 2289 re-

346 2310 429 2340 lative
449 2310 570 2343 dicitur3
591 2309 641 2338 sed
661 2317 716 2337 non
737 2308 840 2337 dieitur
860 2307 976 2337 relative
997 2307 1032 2335 ad
1053 2314 1101 2335 se:
1122 2315 1189 2344 ergo

347 2366 401 2387 non
421 2357 469 2386 dat
489 2364 537 2391 se,
557 2364 624 2393 ergo
645 2363 696 2384 nee
716 2355 800 2384 mittit
820 2362 858 2383 se.

423 2405 450 2433 2.
469 2403 553 2438 Item,
573 2402 646 2432 sieut
665 2402 745 2431 Pater
766 2405 809 2431 est
830 2402 922 2439 prima
942 2409 1062 2439 persona
1084 2402 1111 2430 in
1133 2401 1190 2429 Tri-

344 2451 448 2485 nitate‚
468 2452 532 2479 ante
551 2457 637 2487 quam
657 2457 712 2477 non
733 2452 775 2477 est
805 2448 878 2483 alia,
910 2449 948 2477 ita
978 2448 1099 2486 Spiritus
1129 2455 1190 2476 san-

345 2501 422 2533 etuS,
442 2499 506 2535 post
525 2503 610 2534 quam
626 2496 636 2510 ⁶
658 2503 711 2524 non
732 2498 774 2524 est
794 2495 868 2529 alia;
883 2495 932 2524 sed
947 2495 1041 2529 Pater⁷
1056 2495 1188 2532 quianon

1244 811 1328 840 babet
1348 818 1510 848 personam,
1532 819 1568 840 ex
1599 820 1655 849 qua
1682 811 1735 846 sit,
1767 812 1844 840 nullo
1876 812 1960 841 modo
1987 813 2090 843 dicitur

1244 858 1364 887 missus:
1386 866 1453 896 ergo
1474 866 1539 887 eum
1560 858 1680 896 Spiritus
1701 861 1814 888 sanetus
1836 867 1890 888 non
1912 859 2013 889 habeat
2030 868 2091 898 per-

1243 912 1339 934 sonam
1361 913 1398 934 ex
1412 913 1441 934 se
1456 908 1641 940 emanantem,
1657 906 1735 935 nullo
1757 906 1840 935 modo
1854 906 1957 935 dicitur
1970 907 2090 937 mittere.

1323 951 1349 980 3.
1370 952 1452 983 item„
1474 952 1646 990 ubicumque
1668 955 1709 981 est
1730 952 1825 981 nilssio
1846 953 1976 990 passiva,
1991 953 2030 982 ibi
2048 957 2090 984 est

1244 998 1450 1027 subauctoritas
1471 1002 1601 1036 respectu
1621 999 1740 1028 alieuius
1766 999 1896 1037 principii
1926 999 1953 1029 in
1986 1001 2091 1037 misso²

1243 1044 1316 1073 sicut
1336 1044 1439 1074 dicitur
1459 1045 1495 1074 ab
1516 1045 1668 1082 Augustino
1696 1048 1722 1074 et
1748 1046 1877 1083 Magistro
1891 1046 1918 1074 ⁷:
1947 1054 2014 1084 ergo
2041 1047 2091 1076 uhi

1243 1092 1284 1119 est
1305 1090 1400 1119 missio
1421 1090 1524 1125 activa,
1539 1091 1576 1119 ibi
1595 1094 1707 1120 notatur
1721 1092 1872 1121 auotoritas
1887 1095 2016 1130 respectu
2030 1101 2094 1130 per-

1243 1144 1327 1166 sonae
1339 1148 1346 1172 3
1367 1137 1415 1166 sed
1438 1137 1558 1175 Spiritus
1578 1141 1691 1167 sanctus
1712 1146 1767 1167 non
1788 1139 1872 1168 habet
1896 1139 2090 1169 auctoritatem

1244 1186 1373 1221 respectu
1394 1183 1438 1212 sui
1459 1191 1509 1213 nee
1530 1184 1647 1213 alterius
1667 1192 1820 1222 personae:
1843 1194 1910 1224 ergo
1930 1190 1981 1217 etc.

1322 1230 1348 1259 4.
1371 1230 1453 1265 Item,
1475 1230 1646 1268 ubicumque
1667 1234 1710 1260 est
1730 1232 1844 1267 missio,
1870 1233 1907 1261 ibi
1929 1241 1995 1263 vere
2017 1237 2090 1263 nota-

1244 1279 1290 1305 tur
1312 1276 1469 1311 distinctio,
1491 1277 1562 1305 sicut
1584 1277 1611 1305 in
1632 1278 1770 1307 creaturis
1791 1279 1948 1316 separatim
1967 1280 2016 1308 sed
2031 1287 2091 1317 per-

1244 1331 1311 1352 sona
1332 1323 1452 1360 Spiritus
1473 1323 1559 1352 sancti
1581 1332 1634 1352 nou
1656 1324 1838 1362 distinguitur
1858 1333 1874 1354 a
1889 1333 1932 1355 se:
1948 1333 2015 1363 ergo
2027 1334 2043 1355 a
2057 1334 2086 1356 se

1243 1378 1298 1398 nou
1320 1369 1439 1398 mittitur
1464 1377 1513 1399 neo
1545 1370 1643 1399 Filium
1676 1371 1777 1406 mittit,
1808 1380 1872 1400 enm
1905 1380 1958 1401 non
1990 1373 2090 1402 habeat

1243 1416 1437 1445 auctoritatem
1458 1416 1482 1444 in
1506 1416 1616 1454 ipsum:
1638 1424 1705 1454 ergo
1725 1426 1780 1446 uon
1802 1418 1893 1447 mittit.

1324 1465 1349 1492 5.
1370 1463 1453 1498 Item,
1474 1464 1564 1493 omnis
1585 1467 1683 1499 aetus,
1705 1465 1861 1494 seeundum
1892 1473 1977 1503 quem
1998 1474 2091 1504 perso-

1244 1518 1280 1538 na
1301 1509 1454 1538 reflectitur
1476 1518 1561 1547 super
1583 1518 1631 1545 se,
1652 1513 1694 1539 est
1714 1511 1869 1540 essentialis
1890 1515 1918 1541 et
1942 1512 2092 1541 essentiali-

1246 1559 1287 1585 ter
1308 1556 1417 1589 dietus;
1439 1557 1461 1585 si
1482 1565 1549 1594 ergo
1566 1557 1649 1586 Filius
1670 1557 1754 1586 mittit
1774 1566 1818 1591 se,
1834 1558 1878 1587 vel
1898 1559 2017 1596 Spiritus
2032 1567 2093 1588 san-

1244 1606 1306 1632 etus
1320 1603 1329 1618 ⁸
1357 1611 1403 1632 se:
1427 1611 1493 1641 ergo
1515 1603 1626 1633 mittere
1647 1604 1691 1633 vel
1719 1604 1791 1633 mitti
1819 1605 2002 1634 essentialiter
2028 1605 2093 1635 dici-

1246 1654 1311 1683 tur:
1332 1651 1382 1680 sed
1402 1651 1493 1680 omnis
1514 1651 1577 1680 talis
1598 1653 1677 1680 aetus
1699 1651 1801 1680 dieitur
1827 1652 1862 1681 de
1892 1652 2003 1681 tribus:
2025 1660 2093 1690 ergo

1246 1698 1324 1727 Pater
1346 1698 1430 1727 mittit
1452 1706 1489 1727 se.

1564 1785 1774 1806 ‹tONCLIJSIQ

1246 1855 1416 1892 linproprz'a
1436 1859 1477 1883 est
1498 1855 1604 1884 locatio
1617 1878 1624 1888 ,
1647 1855 1724 1893 quod
1743 1855 1803 1883 siue
1823 1855 1914 1884 Pater
1943 1855 2002 1883 siue
2030 1855 2092 1883 'Pri—

1325 1902 1403 1931 nt'tas
1424 1902 1521 1931 mittat
1541 1911 1591 1936 se;
1613 1902 1730 1930 omnino
1748 1902 1896 1939 propria,
1921 1902 1998 1940 quod
2027 1910 2092 1939 per-

1323 1957 1397 1977 sona
1417 1949 1583 1985 producens
1614 1949 1712 1977 w'tz'ttat
1739 1949 1916 1985 productam
1928 1959 1938 1982 ;
1969 1948 2091 1987 denique

1325 1996 1422 2024 minus
1439 1995 1586 2032 propria,
1607 1996 1658 2024 secl
1679 1999 1775 2024 tamen
1799 1995 1992 2029 sustinenda,
2013 1995 2091 2033 quod

1321 2050 1464 2079 personae
1483 2042 1666 2079 procede-ntes
1687 2042 1806 2071 mittant
1825 2051 1862 2071 se.

1324 2121 1503 2149 Rasposmaoz
1525 2121 1689 2155 Dicendum,
1711 2120 1785 2158 quod
1808 2121 1835 2149 in
1857 2121 1909 2149 hae
1930 2120 2092 2158 quaestione

1244 2167 1383 2204 sapientes
1403 2167 1554 2204 opinantur
1575 2167 1713 2197 contrarie
1744 2167 1925 2205 sapientibus.
1947 2167 2015 2196 Nam
2040 2167 2093 2195 Ma·
2104 2173 2235 2200 Oivipiosslassi

2129 2199 2188 2220 gistri.

1245 2213 1330 2251 gister
1351 2213 1418 2242 dicit
1438 2221 1572 2251 expresse
1600 2217 1627 2242 et
1655 2214 1753 2242 nititur
1780 2213 1900 2251 probare
1928 2212 2092 2242 auctoritate

1244 2263 1272 2289 et
1293 2260 1398 2289 ratione
1411 2283 1417 2294 ‚
1432 2260 1507 2297 quod
1523 2260 1643 2297 Spiritus
1657 2263 1770 2289 sanctus
1784 2260 1868 2288 mittit
1883 2267 1912 2288 se
1927 2262 1954 2288 et
1968 2259 2016 2288 dat
2030 2267 2060 2288 se
2069 2259 2092 2290 ⁰:

1244 2315 1295 2336 nee
1316 2310 1425 2344 oportet
1446 2307 1601 2336 seeundum
1622 2307 1734 2344 ipsum„
1756 2306 1830 2344 quod
1850 2306 1922 2335 inter
1936 2306 2091 2335 mittentem

1245 2358 1272 2383 et
1292 2354 1411 2383 missum
1435 2354 1517 2383 eadat
1547 2353 1701 2391 personalis
1732 2353 1887 2388 distinctio,
1919 2352 1967 2382 sed
2000 2353 2091 2381 solum

1244 2403 1382 2438 quantum
1396 2401 1431 2429 ad
1446 2401 1583 2429 rationem
1604 2400 1784 2437 intelligendi,
1798 2402 1831 2428 ut
1845 2400 1919 2429 idem
1932 2400 1954 2415 ¹⁰
1977 2399 2035 2437 ipse
2057 2399 2091 2428 sit

1244 2447 1357 2476 mittens
1377 2448 1406 2476 iu
1426 2450 1564 2485 quantum
1585 2448 1678 2482 Deus,
1700 2451 1727 2476 et
1748 2447 1823 2476 idem
1845 2447 1903 2484 ipse
1924 2447 1959 2475 sit
1987 2446 2091 2475 missus

1245 2494 1273 2522 in
1295 2497 1431 2531 quantum
1453 2494 1567 2523 donum.

409 2615 417 2630 ¹
434 2614 495 2638 Libr.
513 2614 563 2637 XV.
580 2613 609 2637 de
626 2614 689 2636 Trin.
707 2619 726 2635 c.
748 2614 780 2636 19.
799 2619 820 2635 n.
839 2612 881 2640 363
900 2612 954 2635 vide
971 2613 1007 2635 liic
1028 2614 1050 2635 in
1068 2613 1097 2634 lit.
1124 2612 1191 2640 Magi·

348 2655 398 2683 stri,
416 2660 435 2677 c.
453 2654 473 2676 t.

410 2693 420 2708 ²
437 2692 491 2722 Cap.
510 2693 531 2715 5.
549 2698 570 2715 n.
589 2692 610 2715 8.
1059 2690 1069 2705 3
1086 2691 1150 2713 Vers.
1173 2691 1190 2712 l.

409 2731 476 2760 ⁴}1ic,
485 2737 504 2754 c.
515 2732 536 2753 t.
545 2742 577 2748 --
587 2731 756 2759 Argumentum
773 2731 817 2752 hoc
833 2730 884 2752 Vat.
901 2736 955 2753 eum
973 2729 1023 2752 cod.
1037 2736 1075 2757 ce,
1087 2729 1129 2752 sed
1141 2735 1192 2751 con·

349 2773 382 2792 tra
398 2772 486 2792 ceteros
504 2769 571 2792 codd.
589 2771 611 2792 et
626 2768 662 2791 ed.
681 2769 690 2790 t
706 2774 749 2791 nec
763 2774 808 2791 uon
821 2769 851 2791 lit.
863 2769 971 2797 Magistri,
983 2771 1091 2797 corrupte
1101 2767 1193 2790 exhibet

347 2807 473 2831 omittendo
496 2808 568 2830 verba
592 2809 615 2830 et
638 2806 741 2836 Spiritus
762 2808 860 2830 sanctus
879 2813 954 2836 usque
972 2808 996 2830 et
1010 2806 1054 2830 hoc
1070 2812 1118 2830 mm
1127 2805 1191 2836 facit.

410 2845 420 2861 ⁵
435 2845 490 2874 Cap.
509 2845 545 2869 14.
563 2852 584 2868 n.
603 2845 646 2868 '152
664 2845 731 2874 Quod
748 2847 823 2868 autem
842 2845 922 2868 datum
938 2847 985 2874 est,
1002 2848 1025 2868 et
1041 2845 1070 2868 ad
1087 2851 1141 2868 eum
1153 2845 1192 2873 qui

349 2885 412 2908 dedit
427 2885 523 2908 refertur
539 2888 580 2908 ete.
600 2884 657 2907 Vide
673 2884 730 2907 inira
748 2884 770 2906 d.
787 2884 863 2906 XVIII.
881 2884 912 2906 lit.
930 2884 1037 2912 Magistri,
1055 2890 1073 2906 c.
1092 2883 1112 2906 4.

1308 2612 1319 2626 ⁶
1335 2611 1449 2634 subaudi:
1467 2617 1598 2640 personam.
1616 2611 1645 2633 Ex
1664 2617 1718 2633 mss.
1730 2614 1752 2633 et
1763 2610 1799 2633 ed.
1822 2611 1826 2632 Ι
1848 2609 2010 2633 substituimus
2018 2614 2090 2638 quam

1247 2651 1297 2673 loco
1314 2656 1399 2680 quem,
1419 2650 1483 2679 quod
1501 2650 1550 2673 Vat.
1568 2651 1644 2672 minus
1661 2649 1720 2672 hene
1737 2649 1813 2672 habet.

1311 2687 1318 2700 ⁷
1336 2689 1388 2717 Hic,
1406 2694 1426 2711 c.
1444 2689 1472 2716 9,
1490 2688 1529 2711 ubi
1547 2692 1570 2711 οι
1591 2688 1663 2711 verba
1689 2689 1810 2716 Augustini
1833 2688 1941 2716 reperies.
1966 2699 1998 2704 —
2021 2686 2092 2709 Paulo

1247 2729 1304 2750 intra
1321 2731 1374 2756 post
1387 2733 1504 2757 personae
1521 2729 1543 2750 in
1561 2727 1612 2750 cod.
1630 2727 1648 2750 O
1665 2728 1800 2756 explicative
1817 2727 1910 2749 additur
1926 2726 2020 2749 missae.

1309 2766 1319 2782 ⁸
1335 2766 1391 2790 Cod.
1410 2767 1417 2788 I
1434 2767 1471 2789 hic
1486 2767 1569 2795 repetit
1585 2766 1662 2789 mittit.

1309 2805 1320 2820 ⁹
1336 2806 1386 2828 Vat.
1405 2811 1458 2828 cum
1476 2805 1526 2828 cod.
1544 2811 1570 2828 ce
1586 2805 1665 2828 mittat
1680 2811 1704 2828 se
1720 2806 1743 2828 et
1758 2804 1797 2828 det
1811 2810 1841 2828 se.

1310 2844 1330 2859 ¹⁰
1347 2845 1398 2867 Vat.
1415 2850 1468 2867 cum
1486 2844 1537 2867 cod.
1554 2850 1581 2866 cc
1598 2845 1674 2867 minus
1691 2844 1750 2867 bene
1772 2847 1794 2867 et
1810 2847 1886 2867 eontra
1909 2843 1965 2865 alios
1980 2842 2047 2866 codd.
2066 2848 2092 2865 ac

1248 2883 1284 2906 ed.
1307 2884 1312 2905 l
1335 2884 1417 2906 omittit
1433 2882 1500 2905 idem.
