2253 3317
854 146 937 174 DIST.
960 146 1025 174 XVI.
1047 146 1151 174 DUBIA.

1815 146 1831 172 m.)

1834 146 1870 173 ἒ

863 296 1149 333 SOHOLION

196 409 210 430 l.
229 408 251 430 ln
269 409 311 430 hac
328 414 373 430 una
390 408 523 436 quaestione
548 410 646 436 quatuor
670 407 811 435 problemata
836 408 972 430 solvuntur:

138 447 154 468 1.
172 448 228 475 quot
245 447 288 468 sint
305 446 426 468 missiones
442 448 464 467 et
479 445 527 467 Filii
544 448 566 468 et
582 446 678 473 Spiritus
695 447 779 474 sancti3
803 446 823 468 2.
849 452 921 474 quare
942 446 973 467 Fi-

128 484 159 506 lio
176 490 221 506 una
238 487 259 506 et
276 484 368 512 Spiritui
385 485 462 506 sancto
479 484 557 511 plures
573 483 736 512 attribuantur;
751 484 772 506 3.
789 489 861 512 quare
880 486 902 506 ct
926 490 972 512 quo

130 522 199 544 modo
222 522 290 544 Filius
310 522 443 550 apparuerit
459 524 483 543 ut
499 521 593 550 unitus,
613 522 697 544 scilicet
713 523 797 544 unione
821 522 971 550 hypostatica,

130 561 228 589 Spiritus
244 563 335 583 sanetus
352 563 428 583 autem
454 564 541 583 tantum
563 564 587 583 ut
615 569 625 581 ot
637 562 753 589 signatum
777 562 799 583 in
824 562 890 589 signo
903 568 931 589 »ς
950 560 970 583 4.

128 606 170 623 cur
187 600 270 628 Filius,
288 601 360 622 factus
377 601 459 628 horno,
476 600 505 622 sit
521 605 546 622 se
557 600 607 628 ipso
624 600 714 628 minor,
732 606 776 623 non
802 606 858 623 vero
874 600 971 628 Spiritus

129 641 221 662 sanctus
238 642 343 667 respectu
361 640 397 661 sui
412 639 471 666 signi
489 639 520 667 (in
537 639 603 661 solut.
621 638 657 661 ad.
675 639 714 666 2.).

190 678 214 700 ll.
231 678 288 700 Tres
312 680 400 700 tantum
420 679 584 699 enumerantur
608 677 709 699 visibiles
731 678 850 700 missiones
875 678 971 706 Spiritus

128 717 211 744 sancti,
229 717 282 745 quia
299 717 367 738 etiam
384 716 490 743 Magister
506 716 549 738 hoc
566 716 616 738 loco
633 718 721 738 tantuin
743 719 788 738 tres
809 717 880 739 affert.
905 717 923 738 A
948 717 970 739 S.

130 754 218 777 Thoma
237 754 268 782 (S.
286 754 300 776 l.
319 761 340 783 q.
359 754 395 777 43.
413 761 432 776 a.
449 754 471 776 7.
489 754 518 776 ad
535 754 567 783 6.)
588 754 684 783 aliisque
701 754 792 777 additur
809 758 889 784 quarta
919 763 929 775 ι(
946 755 972 778 itt

128 792 188 816 nube
205 792 284 816 lucida
295 801 305 813 n
327 793 411 821 (Matth.
429 793 465 815 117.
483 792 527 821 5.)‚
545 799 604 822 quae
621 793 650 816 ab
675 794 724 821 ipsa
749 794 848 816 Ecclesia
871 795 971 817 insinua-

130 834 166 853 tur
181 831 203 853 in
221 831 300 853 Officio
319 831 535 860 Transfigurationis
552 831 576 860 (l.
593 832 655 854 Noet.
671 838 774 860 respons.
786 832 820 861 ll.)
833 833 867 855 his
879 832 970 855 verbis:

129 877 141 889 α
153 869 176 891 ln
194 869 322 897 splendenti
340 870 401 892 nube
418 871 516 898 Spiritus
532 873 624 893 sanctus
640 871 704 893 visus
720 873 754 893 est
765 879 787 894 n.
808 871 869 893 quta
886 871 907 893 S.
930 871 970 893 Bo·

129 914 181 930 nav.
199 914 255 930 xero
274 908 410 937 (Comment.
428 910 449 931 in
467 909 551 932 Lucam
569 915 588 931 c.
606 910 626 932 9.
645 916 667 931 v.
687 909 732 938 34.)
748 910 791 932 ista
808 909 881 932 nubes
903 910 970 937 signi-

127 946 204 969 ficavit
222 947 346 969 humanam
364 946 444 969 Christi
462 949 573 970 naturam.

1094 408 1125 429 lll.
1143 408 1166 430 ln
1184 408 1249 430 solut.
1267 408 1296 430 ad
1314 407 1335 430 5,
1351 386 1429 430 inci’dit
1453 409 1521 430 etiam
1546 408 1624 436 quinta
1649 408 1767 436 quaestio,
1794 410 1871 429 utrum

1030 446 1064 468 illa
1083 445 1190 468 columba
1206 446 1273 468 ruerit
1289 452 1326 468 res
1342 452 1406 469 mere
1422 446 1562 474 phantastica
1572 464 1577 474 ,
1594 452 1622 468 an
1640 446 1719 468 saltem
1736 452 1773 468 res
1790 450 1872 473 corpo*

1029 485 1089 511 raliS,
1106 485 1142 506 vel
1160 485 1228 507 etiam
1245 484 1351 513 specifice
1376 484 1482 507 columba
1507 485 1581 506 realis,
1606 485 1744 512 Seraphicus
1769 484 1871 506 mediam

1029 523 1090 544 viam
1108 525 1183 551 tenet,
1201 523 1259 545 sicut
1275 523 1343 545 etiam
1355 523 1379 544 B.
1392 522 1489 550 Albert.,
1501 523 1558 545 Petr.
1568 529 1580 544 a
1593 523 1659 550 Tar.⁷
1672 522 1778 544 Richard.
1789 528 1801 544 a
1812 522 1869 544 Med.

1028 561 1111 590 aliique
1123 561 1194 583 multi.
1213 561 1236 583 ln
1253 561 1335 583 eodem
1347 567 1415 584 sensu
1427 561 1489 590 loqui
1500 561 1592 584 videtur
1604 562 1653 589 ipse
1665 561 1686 583 S.
1704 561 1805 583 Thomas
1816 562 1839 582 et
1848 561 1872 582 in

1028 599 1155 622 Comment.
1168 600 1205 622 hic
1221 606 1241 622 a.
1255 600 1275 622 3.
1296 600 1325 622 ad
1338 600 1358 622 3.
1379 603 1401 622 et
1412 601 1434 622 in
1446 600 1468 622 S.
1480 600 1494 622 l.
1507 606 1529 629 q.
1544 599 1580 622 43.
1593 606 1612 622 a.
1624 599 1646 622 7.
1659 600 1763 622 Attamen
1775 599 1837 622 idem
1848 600 1871 621 in

1027 639 1049 660 S.
1062 639 1095 661 lll.
1109 645 1130 667 q.
1144 639 1180 661 39.
1194 645 1207 661 a
1219 638 1241 661 7.
1254 645 1334 661 veram
1346 639 1478 661 columbam
1495 639 1564 661 fuisse
1581 638 1690 666 affirmat,
1703 645 1762 667 quae
1777 639 1871 661 assertio

1028 680 1115 700 tantum
1133 678 1155 699 in
1168 683 1236 699 sensu
1249 678 1342 700 maioris
1351 677 1516 705 probabilitatis
1528 677 1587 699 dicta
1598 676 1704 705 videtur,
1717 679 1742 699 ut
1753 676 1784 699 ibi
1796 676 1872 699 obser-

1027 718 1066 738 vat
1083 714 1209 738 Caietanus.
1228 715 1291 738 Hanc
1308 716 1440 743 opinionem
1457 716 1561 744 sequitur
1576 715 1644 737 etiam
1661 714 1780 737 Uldaricus
1792 732 1797 742 ,
1817 722 1828 735 ex
1840 714 1872 737 di-

1027 754 1129 781 scipulus
1146 756 1168 776 et
1184 754 1283 776 imitator
1299 753 1383 776 Alberti
1396 762 1406 774 n
1420 772 1424 782 ⁷
1442 756 1467 776 ut
1483 753 1539 776 dicit
1555 753 1647 781 Dionys.
1670 752 1759 781 Canu,
1785 754 1825 782 qui
1850 755 1872 775 et

1027 793 1077 820 ipse
1093 794 1128 814 est
1143 792 1248 814 eiusdem
1265 793 1395 815 sententiae.

1090 831 1125 853 lv.
1143 831 1234 853 Praeter
1249 832 1295 853 iam
1313 831 1417 854 laudatos
1438 831 1478 853 cfr.
1496 831 1557 853 Alex.
1574 831 1637 858 Hal..
1663 831 1685 852 S.
1712 837 1735 858 p.
1754 830 1769 852 l.
1794 836 1816 859 q.
1833 829 1870 853 74.

1027 875 1056 891 m.
1076 869 1096 891 3.
1114 869 1135 891 5.
1153 881 1184 885 —-
1200 869 1224 891 B.
1241 869 1339 898 Albert.‚
1357 870 1393 892 hic
1410 876 1429 892 a.
1448 869 1468 891 4.
1486 876 1534 898 seq.
1551 881 1583 886 —
1599 869 1657 892 Petr.
1678 876 1690 891 a
1709 869 1775 897 Tar.‚
1792 869 1829 891 hic
1845 874 1868 898 q.

1028 909 1047 931 i.
1065 915 1084 931 a.
1103 909 1124 930 6.
1141 920 1173 924 —
1189 908 1295 931 Richard.
1314 915 1326 931 a
1344 908 1409 936 Med„
1427 909 1463 931 hic
1480 915 1502 937 q.
1521 908 1541 930 5.
1567 920 1598 925 -—
1622 908 1696 936 AEgid.
1721 908 1763 936 R„
1788 908 1824 930 hic
1846 908 1867 930 2.

1027 948 1097 975 princ.
1116 954 1138 976 (1.
1158 949 1177 975 l,
1195 951 1217 970 et
1235 948 1255 970 3.
1273 948 1345 975 princ.
1363 954 1384 976 q.
1403 948 1477 970 unica.
1494 959 1525 964 —-
1540 947 1632 975 Dionys,
1650 947 1740 976 Carth,
1754 947 1790 969 hic
1806 953 1829 975 q.
1847 946 1867 968 3.

707 1093 804 1121 DUBIA
826 1093 918 1120 (tiam
942 1093 1105 1121 LtTTEffiM
1128 1093 1288 1121 MAGtS'sffl.

494 1222 562 1251 Dua.
586 1223 603 1251 l.

203 1316 231 1344 In
253 1318 332 1352 parte
352 1315 405 1344 ista.
425 1318 491 1344 sunt
511 1315 698 1344 dubitationes
727 1315 801 1344 circa
832 1315 967 1349 litteram,

122 1366 152 1391 et
171 1362 263 1399 primo
284 1362 429 1390 dubitatur
451 1361 485 1390 de
507 1362 559 1390 hoc
579 1361 654 1398 quod
676 1361 757 1396 dicit,
778 1361 852 1398 quod
872 1361 967 1389 Fili‘zts

124 1408 157 1437 >z'sn
171 1412 317 1446 quantum
338 1408 464 1441 missus,
480 1407 511 1436 z'd
524 1411 565 1436 est
577 1406 687 1445 factus,
701 1407 799 1435 minor
813 1411 853 1435 est
867 1407 966 1435 Patre.

124 1454 226 1483 Contra
246 1454 321 1491 quod
343 1454 381 1483 sic
402 1453 546 1482 obiicitur:
569 1454 659 1482 omnis
685 1456 779 1488 actus,
811 1453 967 1482 secundum

125 1509 208 1538 quem
230 1500 352 1538 aliquem
373 1501 506 1538 contingit
526 1500 587 1529 fieri
608 1501 758 1536 minorem,
779 1503 821 1529 est
852 1500 968 1537 indigni-

124 1547 195 1576 tatis.
218 1547 245 1576 Si
266 1555 332 1584 ergo
353 1547 437 1576 Filius
451 1547 558 1575 ratione
576 1547 715 1576 missionis
735 1550 778 1576 est
798 1547 966 1581 minoratus,

124 1602 191 1631 ergo
211 1594 306 1623 missio
326 1593 446 1631 pertinet
466 1594 501 1622 ad
531 1593 723 1631 indignitatem
736 1593 754 1621 ¹.
776 1594 860 1627 Item,
882 1601 967 1630 quan-

125 1640 283 1677 documque
314 1640 414 1677 aliquis
436 1640 471 1669 de
500 1639 610 1677 aequali
637 1639 668 1668 fit
688 1640 794 1674 minor,
824 1643 966 1674 mutaturg

122 1687 172 1716 sed
193 1687 277 1715 Filius
307 1689 371 1715 ante
402 1686 561 1715 missionem
593 1688 653 1715 erat
673 1686 813 1723 aequalis.
835 1689 863 1715 et
882 1686 966 1715 modo

122 1735 165 1762 est
186 1733 291 1761 minor:
314 1740 380 1769 ergo
400 1735 451 1761 etc.

202 1780 374 1808 Responnao:
397 1779 563 1813 Dicendum,
585 1779 660 1816 quod
681 1779 819 1816 quaedam
834 1779 966 1808 dicuntur

124 1826 159 1855 de
179 1826 244 1854 Filio
259 1825 307 1854 Dei
322 1833 372 1862 per
387 1825 555 1859 essentia-m,
576 1825 713 1862 quaedam
728 1833 779 1862 per
791 1825 801 1841 2
816 1825 965 1859 unionem,

124 1879 195 1909 quae
216 1874 292 1900 tanta
312 1872 380 1906 fuit,
401 1874 433 1900 ut
453 1872 556 1900 faceret
570 1872 711 1900 hominem
725 1871 815 1900 Deum
836 1874 863 1900 et
876 1871 966 1900 Deum

124 1918 273 1947 hominem.
297 1917 497 1946 Essemz'aliter
518 1917 665 1954 loquendo,
687 1917 765 1946 nullo
778 1917 862 1946 modo
882 1917 966 1946 Filius

124 1964 173 1993 Dei
194 1967 235 1993 est
257 1964 366 1998 minor3
388 1963 437 1992 sed
458 1964 510 1992 hoc
541 1964 647 1992 dictum
678 1966 720 1992 est
740 1971 791 2001 per
812 1963 965 1997 unionem,

121 2011 189 2047 quia.
209 2010 302 2038 omnia
322 2018 394 2047 quae
416 2010 549 2039 dicuntur
570 2010 604 2039 de
625 2010 752 2045 homine,
774 2013 891 2047 possunt
911 2010 965 2039 dici

124 2056 158 2085 de
178 2056 244 2085 Filio
264 2056 328 2091 Dei3
350 2059 377 2085 et
398 2057 436 2085 ita
466 2059 556 2093 patet,
587 2056 662 2093 quod
684 2056 762 2085 nulla
783 2064 819 2085 ex
841 2057 893 2085 hoc
924 2059 966 2085 est

124 2103 294 2140 indignitas,
326 2102 403 2131 nulla
433 2102 604 2131 mutabilitas
634 2103 662 2131 in
683 2102 743 2131 eius
773 2110 907 2139 persona3
939 2106 966 2132 et

123 2149 163 2178 sic
183 2148 300 2177 solvitur
321 2151 474 2185 utrumque
494 2149 647 2183 obiectum,
667 2149 733 2185 quia
754 2152 874 2186 utraque
895 2149 965 2178 ratio

124 2195 258 2232 procedit,
273 2195 412 2223 intellecto
422 2195 431 2210 ³
445 2195 520 2232 quod
535 2195 690 2223 secundum
704 2195 821 2223 eandem
836 2198 965 2224 naturam

123 2240 204 2269 fieret
225 2240 331 2275 minor,
354 2240 509 2269 seeundum
530 2249 615 2277 quam
640 2244 700 2269 erat
719 2241 859 2278 aequalis,
881 2244 908 2270 et
928 2242 965 2270 ita

123 2286 262 2315 desineret
282 2294 342 2316 esse
363 2287 495 2324 aequalis.
517 2287 594 2316 Nunc
608 2290 702 2316 autem
717 2288 800 2316 simul
815 2291 857 2316 est
875 2288 965 2316 minor

123 2336 150 2362 et
170 2333 294 2370 aequalis
306 2333 322 2361 ⁴.

1388 1224 1455 1252 Dua.
1476 1224 1505 1252 ll.

1104 1316 1172 1344 Item
1193 1316 1339 1353 quaeritur
1364 1317 1399 1345 de
1430 1317 1481 1346 hoc
1514 1317 1590 1354 quod
1621 1317 1702 1353 dicit,
1733 1319 1807 1355 quod
1838 1327 1868 1347 se

1025 1362 1087 1399 ipw
1108 1362 1196 1391 etiam
1217 1363 1315 1391 minor
1329 1367 1371 1391 est
1391 1363 1494 1391 Filius.
1516 1364 1633 1393 Videtur
1647 1365 1721 1393 enim
1736 1365 1808 1394 male
1830 1365 1868 1394 di-

1023 1416 1101 1443 cere,
1122 1409 1188 1446 quia
1208 1409 1297 1438 maior
1312 1409 1459 1438 diversitas
1473 1409 1640 1446 importatur
1654 1418 1705 1447 per
1725 1411 1777 1440 hoc
1791 1411 1867 1448 quod

1023 1458 1065 1484 est
1084 1455 1183 1484 maior
1204 1458 1231 1484 et
1252 1456 1367 1489 minor,
1389 1464 1474 1493 quam
1494 1464 1545 1493 per
1566 1456 1618 1485 hoc
1633 1457 1708 1494 quod
1729 1460 1771 1486 est
1788 1457 1867 1486 alius

1023 1504 1050 1530 et
1070 1501 1165 1535 alius,
1188 1502 1255 1539 quia
1275 1502 1367 1539 prima
1397 1510 1452 1530 non
1483 1502 1557 1531 eadit
1587 1502 1615 1531 in
1637 1503 1730 1532 divina
1751 1507 1865 1538 natura„

1023 1549 1146 1578 secunda
1167 1549 1214 1578 sie.
1236 1549 1263 1577 Si
1284 1557 1351 1586 ergo
1372 1549 1440 1578 haec
1455 1552 1497 1578 est
1509 1557 1587 1578 vera:
1611 1549 1694 1578 Filius
1715 1553 1756 1579 est
1775 1550 1866 1579 minor

1022 1602 1067 1630 se,
1089 1603 1155 1632 ergo
1176 1597 1203 1624 et
1224 1595 1307 1624 haec:
1337 1595 1421 1624 Filius
1442 1598 1484 1624 est
1514 1595 1606 1624 alius-
1617 1598 1644 1624 et
1665 1596 1749 1628 alius.
1771 1599 1798 1625 et
1828 1597 1867 1625 ita

1023 1641 1095 1670 duae
1116 1649 1267 1678 personae,
1288 1642 1364 1678 quod
1385 1650 1440 1670 non
1461 1634 1631 1671 conceditur.

1100 1688 1279 1716 REspommo:
1301 1687 1472 1723 Dicendum,
1494 1688 1570 1725 quod
1591 1696 1691 1717 verum
1712 1691 1768 1723 est,
1789 1688 1865 1726 quod

1023 1733 1156 1762 maiorem
1177 1733 1368 1762 diversitatem
1383 1734 1479 1762 dicunt
1499 1734 1596 1762 maior
1618 1737 1645 1763 et
1664 1734 1778 1768 minor,
1799 1735 1865 1772 quia

1023 1779 1213 1808 diversitatem
1243 1780 1355 1808 virtutis
1386 1782 1413 1808 et
1443 1782 1627 1815 naturarum3
1648 1781 1697 1809 sed
1718 1781 1754 1810 ad
1774 1781 1865 1810 hanc⁵

1023 1826 1228 1861 diversitatem,
1242 1827 1371 1863 quamvis
1385 1827 1420 1855 sit
1440 1827 1544 1862 maior,
1566 1835 1620 1856 non
1635 1828 1762 1864 sequitur
1776 1828 1866 1856 diver·

1023 1872 1090 1900 sitas
1112 1872 1140 1900 in
1161 1880 1295 1909 persona,
1316 1873 1382 1909 quja
1402 1872 1499 1909 plures
1529 1876 1646 1902 naturae
1667 1876 1784 1910 possunt
1803 1882 1864 1903 esse

1022 1918 1050 1946 in
1071 1926 1128 1947 una
1148 1926 1275 1956 persona.
1298 1918 1434 1955 Quoniam
1455 1927 1521 1956 ergo
1542 1919 1570 1948 in
1591 1919 1701 1948 Christo
1726 1920 1799 1949 cadit
1826 1920 1865 1950 di-

1023 1964 1140 1993 versitas
1161 1967 1328 1993 naturarum
1348 1967 1376 1994 et
1395 1965 1433 1993 ita
1447 1965 1599 2000 virtutum,
1621 1974 1675 1994 non
1689 1969 1783 1995 autem
1804 1975 1865 2004 per-

1023 2018 1169 2039 sonarum:
1192 2011 1255 2039 ideo
1276 2011 1378 2040 dicitur
1402 2011 1500 2040 maior
1532 2015 1559 2041 et
1579 2012 1677 2040 minor
1698 2013 1804 2042 ratione
1825 2013 1864 2042 di-

1022 2064 1169 2085 versarum
1191 2057 1344 2091 virtutum,
1366 2065 1420 2086 non
1441 2061 1536 2087 autem
1557 2058 1636 2087 alius
1650 2062 1677 2087 et
1691 2059 1783 2093 alius,
1798 2068 1865 2089 cum-

1022 2110 1076 2131 non
1098 2102 1207 2131 habeat
1220 2103 1345 2132 diversas
1366 2111 1499 2140 personas
1511 2104 1528 2131 ⁶.
1870 2102 1871 2105 ’

1377 2173 1444 2202 Dua.
1466 2174 1506 2202 111.

1100 2242 1166 2270 Item
1188 2242 1334 2278 quaeritur
1355 2242 1389 2271 de
1410 2243 1462 2271 hoc
1483 2243 1558 2280 quod
1579 2243 1658 2277 dicit,
1679 2244 1754 2280 quod
1774 2244 1864 2272 mino-

1021 2292 1108 2316 ratus
1138 2292 1178 2316 est
1206 2288 1298 2325 paulo
1317 2289 1417 2317 minus
1438 2289 1474 2317 ab
1501 2289 1628 2327 Angelis.
1651 2290 1767 2319 Videtur
1787 2290 1861 2320 enim

1023 2334 1140 2369 salsum.
1172 2335 1238 2371 quia
1270 2343 1354 2372 super
1387 2335 1457 2364 illud
1484 2335 1520 2364 ad
1542 2336 1679 2365 Hebraeos
1698 2337 1821 2366 secundo
1834 2337 1863 2369 ’ς

187 2580 194 2595 ²
213 2580 350 2602 Auetoritate
367 2581 523 2609 antiquiorum
540 2587 594 2603 mss.
619 2584 641 2604 et
657 2582 694 2603 ed.
717 2582 721 2603 1
743 2582 886 2604 removimus
903 2581 962 2609 Dei,

124 2619 188 2647 quod
206 2619 256 2641 Vat.
274 2624 328 2641 cum
345 2619 396 2641 cod.
414 2625 439 2642 cc
455 2626 577 2647 perperam
595 2620 665 2642 addit.

187 2656 196 2670 ἒ
213 2656 253 2679 Ed.
276 2657 281 2678 1
301 2658 404 2686 propter.

185 2696 195 2710 3
211 2695 267 2718 Cod.
286 2696 292 2717 1
317 2695 485 2725 intelligendo:
512 2697 563 2719 cod.
589 2696 620 2719 dd
644 2698 744 2727 utraque
768 2696 880 2724 obiectio,
909 2696 965 2727 quia

122 2736 226 2764 utraque
244 2734 338 2758 obiectio
352 2734 458 2764 procedit
474 2734 629 2765 intelligendo.

186 2773 194 2788 ⁴
213 2773 258 2796 Csr.
277 2774 313 2795 hic
331 2779 352 2802 q.
371 2774 391 2795 3.
408 2773 437 2795 ad
459 2774 476 2795 1.
494 2776 515 2796 et
532 2774 553 2796 2.

187 2812 197 2826 ⁵
214 2811 269 2834 Cod.
288 2812 304 2834 Z
323 2812 372 2834 loco
389 2811 450 2834 hanc
473 2813 536 2839 ponit
560 2812 645 2841 talem,
675 2814 723 2835 Vat.
748 2814 866 2841 naturae,
893 2813 929 2835 ed.
955 2813 960 2834 1

125 2855 179 2872 vero
196 2849 269 2872 talem
295 2851 397 2872 naturae
405 2859 415 2877 ;
432 2850 467 2872 alii
485 2850 551 2873 codd.
570 2850 677 2873 exhibent
702 2852 819 2874 lectionem
841 2852 863 2873 in
880 2854 965 2873 textum

124 2890 246 2916 receptam.

1082 2581 1092 2596 ⁶
1108 2581 1171 2603 idem
1189 2581 1286 2603 dubium
1302 2581 1395 2603 solvunt
1411 2581 1434 2603 Β.
1452 2580 1550 2609 Albert..
1569 2582 1605 2603 hic
1621 2588 1640 2603 a.
1660 2582 1738 2604 Ἰ11,-
1753 2582 1858 2605 Richard.

1021 2622 1043 2642 et
1060 2620 1150 2647 Petrus,
1168 2620 1203 2641 hic
1220 2620 1242 2641 in
1259 2625 1336 2647 expos.
1354 2619 1384 2641 lit.

1082 2658 1093 2672 ⁷
1109 2659 1174 2680 Vers.
1193 2659 1221 2685 9,
1238 2659 1260 2679 in
1278 2664 1324 2687 quo
1341 2661 1401 2681 textu
1419 2659 1468 2680 Vat.
1487 2661 1564 2681 contra
1585 2658 1722 2686 Vulgatam,
1748 2659 1860 2687 antiqui&
1905 2677 1907 2680 .

1021 2703 1058 2719 res
1075 2696 1142 2719 codd.
1159 2699 1181 2718 et
1197 2696 1233 2719 ed.
1255 2697 1260 2718 1
1282 2696 1312 2719 ab
1328 2696 1424 2726 Anqelis
1440 2697 1489 2719 loco
1513 2703 1587 2726 quam
1603 2696 1693 2727 Anqeli.
1710 2697 1789 2720 Glossa
1807 2702 1860 2721 mox

1021 2736 1087 2758 citata
1104 2736 1136 2757 sic
1153 2741 1166 2757 a
1183 2735 1272 2762 Lyrano
1290 2735 1366 2763 (Hebr.
1385 2736 1406 2763 2,
1424 2735 1454 2763 9.)
1472 2735 1605 2758 exhibetur:
1626 2744 1637 2755 α
1649 2736 1731 2758 Natura
1747 2736 1860 2758 humanae

1022 2775 1104 2796 mentis
1115 2792 1120 2801 ,
1138 2780 1197 2802 quae
1215 2773 1244 2796 ad
1260 2774 1384 2802 imaginem
1401 2774 1440 2796 Dei
1457 2775 1505 2796 sine
1522 2776 1629 2801 peccato,
1647 2774 1738 2802 qualem
1758 2773 1862 2798 Christus

1022 2813 1144 2840 assumsit,
1162 2812 1224 2834 solus
1241 2813 1313 2834 maior
1329 2815 1363 2835 est
1378 2812 1440 2835 Deus
1452 2821 1472 2835 ι».
1491 2813 1541 2835 Vat.
1558 2812 1646 2841 absque
1662 2812 1707 2834 ulla
1728 2814 1861 2836 auctoritate

1022 2857 1077 2873 mss.
1094 2853 1116 2872 et
1132 2850 1168 2872 ed.
1188 2851 1196 2872 l
1217 2856 1289 2880 super
1305 2856 1385 2873 omnes
1401 2857 1444 2879 pro
1460 2850 1526 2873 solus
1542 2850 1611 2873 Deus.
1623 2850 1693 2873 Paulo
1704 2853 1755 2873 ante
1767 2851 1859 2879 plurimi

1023 2889 1089 2911 codd.
1107 2891 1158 2917 post
1174 2888 1264 2918 falsum
1281 2889 1386 2912 omittunt
1402 2888 1465 2918 quia.
