2253 3317
187 1659 322 1678 Fundamenta.

336 88 391 116 :392
1009 84 1259 128 SENTENTIARUM
1280 84 1340 114 LlB.
1364 85 1381 114 1.

1082 213 1341 249 SOHOLION.

398 327 410 348 l.
428 325 544 348 Distinctio
560 329 583 347 et
599 325 658 347 duae
675 325 833 347 conclusiones
850 325 872 346 in
894 330 957 353 corp.
983 325 1070 352 positae
1095 331 1137 353 per
1153 330 1178 346 se

333 368 386 388 sunt
401 365 540 387 manifestae.
557 377 588 380 —
605 364 626 386 ln
644 364 710 386 solut.
728 363 757 386 ad
775 363 795 385 4.
808 363 956 391 conceditur,
968 363 1068 392 aliquam
1080 369 1178 391 propor-

334 405 416 427 tionem
433 410 483 426 esse
500 404 558 426 inter
574 409 656 425 vocem
673 405 695 425 et
711 409 760 425 rem
778 403 925 430 nominatam,
938 401 979 425 sed
995 404 1083 424 tantum
1100 404 1177 431 quate-

334 449 375 465 nus
392 441 554 472 coquo-scibilis
570 443 610 465 est.
629 441 730 464 {nfinitus
747 444 825 464 autem
842 441 903 463 Deus
921 442 1008 463 tantum
1026 440 1087 463 fluite
1109 447 1121 463 a
1139 447 1176 463 no-

332 482 368 504 bis
384 484 416 504 est
434 481 601 509 cognoscibilis.
620 481 677 503 Huic
694 480 770 503 tlnitae
786 481 911 508 cognitioni
928 479 1122 508 proportionabile
1139 486 1178 508 po-

332 524 375 543 test.
384 527 435 543 esse
446 520 514 543 etlam
530 525 615 543 nometi
626 519 729 550 finitum,
746 527 756 540 α
770 519 884 548 loquendo
896 519 925 541 de.
938 520 1086 547 proportione
1096 537 1101 547 ,
1117 525 1177 548 quae

331 563 366 582 est
382 561 439 582 inter
456 560 530 588 aliqua
548 558 595 581 duo
612 558 656 581 sub
674 559 775 586 ratione,
789 564 834 587 qua
847 564 920 581 unum
931 560 966 580 cst
977 558 1070 586 signum
1081 561 1104 580 et
1115 558 1176 580 aliud

331 600 446 627 signatum
459 606 479 620 u.
497 597 526 620 lta
544 597 649 620 Ricliard.
662 603 675 619 a
687 597 752 625 Med,
766 597 802 618 hir
813 603 835 625 q.
858 596 875 618 1.
893 596 922 619 ad
940 596 961 618 3.
977 609 1009 612 -
1024 596 1126 619 Notanda
1143 600 1177 619 cst

332 637 439 660 sententia
457 638 478 659 in
496 636 562 659 solut.
574 636 603 658 ad
616 636 641 663 3,
655 635 718 665 quod
730 641 772 658 nos
784 635 856 657 Deum
869 635 1032 663 cognoscimus
1046 643 1056 654 «ι
1069 635 1091 657 in
1104 635 1176 658 forma

332 680 405 699 ereata
416 684 421 701 ;
438 676 499 699 unde
511 682 523 698 a
536 676 608 698 forma
626 678 701 698 creata
714 681 755 698 nos
767 677 859 698 nomina
872 675 1021 703 imponimuS,
1034 681 1103 703 quam
1116 675 1178 697 intel-

331 716 423 744 ligimus
439 718 462 738 et
478 715 584 737 videmus
597 723 606 735 >2
620 722 625 741 ;
643 715 671 737 de
689 721 736 744 quo
748 715 788 737 cfr.
801 721 872 743 snpra
886 714 907 736 d.
921 714 941 736 3.
960 720 983 742 p.
1002 714 1015 736 l.
1033 720 1055 742 q.
1074 714 1095 735 2.
1109 713 1177 737 Addit

332 754 391 776 ¹ilex.
409 754 456 776 llal.
475 753 526 782 (loe.
544 753 594 775 intr.
612 752 673 781 cit),
692 753 781 782 quoda
793 753 903 775 creaturis
915 751 1043 775 secundum
1062 744 1121 775 loan.
1137 752 1177 774 Da-

332 798 464 815 maseenum
482 791 555 814 tribus
572 791 647 814 modis
664 792 756 814 nomina
774 793 930 820 imponimus,
948 791 995 814 scil.
1012 799 1021 811 α
1034 790 1177 820 imaginibus

331 834 351 853 et
368 830 452 860 fernus
469 833 490 853 ct
507 830 575 853 notis.
594 830 660 854 Nolis
678 831 809 853 nominatur
829 831 891 853 Deus
916 829 1097 858 privationibus,
1123 836 1177 852 cum

331 871 413 893 (licitur
430 870 557 892 immensus
573 869 649 898 Deus,
671 870 787 898 infinitus,
813 868 1070 897 incircumscriptibilis;
1097 868 1177 898 imaqi'-

331 908 399 932 nibus
408 927 415 937 ,
435 915 488 932 cum
500 909 630 930 nominatur
641 907 831 936 dispositionibus
842 907 995 936 spiritualium
1007 910 1176 935 creaturarum,

331 950 355 970 ut
372 954 426 970 cum
444 947 527 970 dicitur
544 947 644 975 spiritus,
662 947 768 975 sapiens,
786 947 930 974 intelligens3
947 945 1047 975 somnis,
1067 951 1120 968 cum
1138 952 1179 968 no-

331 987 430 1009 minatur
446 986 634 1011 similitudinibus
651 985 806 1014 corporalium
824 989 996 1013 creaturarum,
1020 988 1044 1008 ut
1068 991 1120 1007 cum
1146 984 1178 1007 di·

331 1026 390 1048 citur
408 1025 457 1053 leo,
476 1025 535 1053 ignis
551 1027 573 1048 et
590 1024 722 1047 huiusmodi
737 1032 758 1046 ι.

394 1064 416 1086 ll.
434 1064 504 1086 Solut.
522 1064 550 1086 ad
569 1064 590 1086 6.
608 1063 629 1086 7.
648 1064 669 1086 in
687 1064 770 1086 codem
787 1070 856 1086 sensu
879 1064 953 1091 magis
975 1063 1102 1091 explicatur
1116 1069 1128 1085 a
1155 1063 1177 1085 S.

332 1104 413 1125 Tuom.
433 1103 463 1131 (S.
483 1103 496 1125 l.
515 1109 536 1132 q.
559 1103 592 1125 13.
610 1109 629 1124 a.
652 1103 668 1124 l.
687 1102 716 1124 ad
734 1102 777 1131 3.),
795 1106 817 1125 et
834 1101 863 1124 ab
881 1102 942 1124 Alex.
967 1102 1015 1124 llal.
1042 1102 1094 1130 (loc.
1120 1102 1176 1124 infra

330 1143 366 1164 cit.
384 1141 413 1163 ad
431 1142 487 1169 ult),
505 1143 543 1170 qui
561 1141 632 1164 verba
644 1141 674 1163 ob
686 1141 822 1164 brevitatem
834 1140 977 1163 subobscura
988 1148 993 1163 :
1010 1149 1020 1160 α
1033 1141 1058 1163 Et
1070 1142 1113 1163 lioc
1125 1141 1176 1163 dico

1234 327 1328 353 propter
1345 324 1444 347 verbum
1461 328 1483 347 ct
1500 325 1645 353 participium
1662 329 1684 348 et
1701 325 1854 355 adverbium,
1873 327 1936 355 quod
1953 331 1987 350 cst
2004 328 2079 356 dispo-

1234 364 1284 386 sitio
1302 362 1366 386 verbi
1379 372 1399 392 n,
1417 364 1449 385 sic
1465 363 1585 391 explanat:
1606 372 1615 383 ει
1628 364 1690 387 Licet
1706 364 1805 387 verbum
1818 367 1840 388 ct
1853 366 1999 394 participium
2011 367 2079 394 signi-

1235 401 1301 424 ficent
1317 408 1370 424 cum
1388 405 1502 430 tempore,
1520 402 1667 425 nibilominus
1684 405 1760 425 tamen
1776 403 1838 426 Deus
1855 403 2029 433 quodaminodo
2042 411 2080 428 no-

1234 440 1346 463 tificabilis
1362 443 1410 469 est,
1429 447 1473 463 non
1486 441 1539 470 quia
1558 441 1607 469 ipse
1619 441 1679 463 cadit
1695 441 1739 463 sub
1757 444 1876 470 tempore,
1888 442 1930 465 sed
1947 444 2000 472 quia
2019 444 2079 466 iuxta

1234 479 1406 507 possibilitatem
1424 479 1549 502 intellectus
1566 480 1652 507 nostri,
1671 480 1712 508 qui
1729 480 1831 508 intelligit
1849 486 1904 503 cum
1915 482 1982 504 onom
1993 482 2014 504 et
2026 482 2079 504 tem-

1232 522 1305 545 pore,
1324 517 1472 545 Intelligimus
1488 520 1511 539 et
1527 517 1691 546 significamus.
1715 518 1779 540 Unde
1796 522 1819 541 et
1844 519 1887 541 hoc
1913 519 2012 542 verbum
2028 520 2078 548 est,

1234 555 1320 578 dictum
1338 556 1366 578 de
1384 556 1445 585 Deo,
1463 562 1508 578 non
1529 556 1642 585 significat
1666 562 1719 579 cum
1745 559 1809 579 motu
1831 560 1854 579 et
1878 560 1988 586 tempore.
2016 558 2080 581 Unde

1234 595 1376 622 Augustinus
1392 601 1463 623 super
1480 595 1535 618 illud
1553 595 1612 617 ioan.
1631 595 1649 618 l:
1663 595 1685 618 ln
1697 596 1811 624 principio
1823 598 1871 619 erat
1882 596 2000 625 Verbum,
2014 596 2079 619 dicit:

1234 633 1338 656 Verbum
1355 633 1524 656 substantivum
1543 634 1636 662 (nempe
1653 635 1696 663 est)
1715 634 1830 663 duplicem
1847 635 1916 658 habet
1938 635 2080 664 significatio-

1234 678 1304 695 nem:
1322 672 1445 701 aliqnando
1462 673 1523 695 enim
1542 673 1678 701 temporales
1695 676 1772 696 motus
1796 674 1925 697 secundum
1951 675 2080 703 analogiam

1234 711 1331 734 aliorum
1348 711 1475 734 verborum
1492 711 1604 740 declarat3
1627 712 1750 741 aliquando
1770 712 1919 735 substantiam
1938 714 2081 736 uniuscuius-

1234 757 1280 779 que
1303 751 1347 779 rei,
1371 750 1401 773 de
1417 757 1462 780 qua
1481 751 1641 780 praedicatur,
1659 752 1707 774 sine
1725 752 1770 774 ullo
1787 753 1905 780 temporali
1932 755 1995 775 motu
2021 753 2081 775 desi-

1234 792 1302 818 gnat,
1320 789 1372 812 ideo
1389 792 1411 812 et
1427 789 1597 812 substantivum
1615 793 1716 813 vocatur.
1736 791 1791 813 Tale
1807 794 1842 813 est
1858 791 1921 820 quod
1939 791 2038 814 dicitur:
2057 792 2079 814 ln

1235 829 1347 857 principio
1364 833 1412 852 erat
1430 829 1533 852 Verbum
1544 837 1554 849 1>
1574 831 1616 851 ete.
1634 840 1666 846 —-
1682 829 1726 852 Ctr.
1744 830 1812 852 etiam
1830 830 1866 853 hic
1883 830 1938 853 dub.
1957 831 1977 853 3.

1298 868 1330 891 lll.
1347 868 1392 891 Csr.
1410 869 1470 891 Alex.
1489 869 1549 897 lIal.‚
1568 869 1590 891 S.
1608 875 1630 897 p.
1648 869 1663 891 l.
1681 875 1702 897 q.
1730 868 1766 891 48.
1784 875 1814 891 m.
1838 870 1854 892 l.
1866 870 1967 892 —Scot
1979 888 1984 898 ‚
1997 870 2026 893 de
2038 870 2080 893 hac

1234 910 1256 930 et
1272 914 1336 937 seqq.
1355 908 1391 930 hic
1407 914 1429 936 q.
1452 908 1469 930 1.
1488 908 1513 935 2;
1541 908 1633 936 lleport.
1651 908 1687 930 bic
1704 914 1726 937 q.
1744 908 1804 930 unic..
1826 920 1859 925 --
1883 909 1904 931 S.
1930 909 2026 937 Tliorn.‚
2045 910 2081 932 liic

1234 953 1256 975 q.
1279 947 1295 968 1.
1314 953 1333 968 a.
1353 947 1381 974 rl;
1404 946 1425 968 S.
1453 946 1466 968 l.
1493 953 1515 975 q.
1543 946 1578 968 ta.
1602 953 1622 968 a.
1646 947 1665 968 «l.
1683 958 1715 963 ——
1731 947 1755 969 B.
1773 946 1874 975 Alhert.,
1892 947 1906 969 l.
1932 948 1992 970 Sunt.
2018 947 2041 970 d.
2059 948 2079 970 2.

1234 991 1254 1007 a.
1275 985 1318 1013 rlss;
1336 985 1358 1007 S.
1376 991 1398 1013 p.
1416 985 1430 1007 l.
1448 988 1474 1007 tr.
1493 986 1513 1007 3.
1531 992 1553 1014 q.
1573 986 1608 1007 16.
1626 997 1657 1002 -
1669 986 1725 1008 Petr.
1744 992 1756 1008 a
1774 986 1842 1014 Tar.⁷
1861 986 1896 1008 nic
1913 993 1935 1015 q.
1957 986 1975 1008 1.
1987 992 2007 1009 a.
2021 987 2082 1009 l.—

1234 1024 1340 1046 Richard.
1358 1030 1370 1046 a
1388 1023 1445 1046 Med.
1456 1042 1461 1052 ,
1479 1025 1515 1046 liic
1532 1030 1554 1053 q.
1577 1025 1593 1046 Ι.
1611 1037 1642 1041 -
1653 1024 1726 1053 AEgid.
1745 1024 1770 1046 R.
1781 1042 1786 1052 ‚
1805 1025 1841 1046 hic
1859 1025 1878 1046 fl.
1891 1025 1963 1053 princ.
1976 1031 1998 1054 q.
2021 1026 2038 1047 1.
2049 1037 2081 1042 -

1234 1063 1301 1085 Henr.
1319 1063 1403 1091 Gand.,
1421 1063 1443 1085 S.
1461 1069 1480 1085 a.
1498 1062 1535 1085 73.
1562 1069 1583 1092 q.
1606 1063 1623 1085 l.
1648 1075 1680 1079 —
1704 1062 1821 1091 Durand.,
1845 1062 1874 1085 de
1899 1064 1941 1085 liae
1964 1066 1986 1086 et
2010 1063 2079 1086 duab.

1234 1108 1298 1131 seqq.
1315 1102 1352 1124 nic
1369 1108 1391 1131 q.
1414 1103 1431 1124 1.
1447 1114 1479 1119 -
1495 1102 1588 1129 Dionys.
1607 1101 1695 1130 Carth.⁷
1714 1102 1750 1125 nie
1767 1108 1789 1131 q.
1812 1103 1829 1124 l.
1846 1114 1878 1119 -
1895 1102 1948 1131 Biel,
1958 1102 1988 1125 de
2000 1103 2043 1125 hac
2059 1105 2081 1125 et

1234 1147 1298 1170 seqq.
1317 1141 1353 1163 liic
1371 1147 1392 1169 q.
1410 1141 1470 1163 unic.

1096 1265 1258 1302 QUAESTIO
1284 1265 1312 1293 ΙΙ.

761 1375 866 1404 Utrum
888 1375 965 1403 Dens
987 1373 1091 1403 habeat
1114 1383 1207 1403 tomam
1228 1373 1323 1403 solum
1343 1382 1463 1407 nomen,
1486 1382 1526 1402 cm
1544 1373 1643 1411 plura.

409 1507 536 1536 Secundo
556 1506 717 1544 quaeritur,
739 1510 836 1535 utrum
864 1506 939 1535 Deus
965 1505 1066 1534 habeat
1086 1513 1176 1534 unum

330 1555 420 1583 solum
441 1561 554 1587 nomen,
575 1561 610 1581 an
632 1553 723 1590 plura.
748 1553 777 1581 Et
798 1553 873 1590 quod
894 1552 990 1590 plura,
1012 1552 1135 1581 videtur:

413 1603 434 1629 1.
456 1600 638 1629 Auctoritate
659 1600 831 1637 scripturae,
853 1608 925 1637 quae
944 1600 1036 1637 ipsum
1058 1599 1176 1627 diversis

329 1647 488 1677 nominibus
515 1647 645 1684 appellat.
676 1647 763 1675 Exodi
795 1647 912 1676 sexto¹:
943 1645 1052 1675 Nomen
1080 1654 1176 1674 metam

328 1703 468 1732 mayolum
498 1694 618 1723 Adonai
646 1702 704 1722 non
725 1693 857 1722 indicavi
880 1693 928 1721 eis.
952 1692 1040 1721 Exodi
1068 1692 1176 1721 decimo

328 1741 458 1778 quinto²:
484 1740 668 1777 Omnipotens
689 1748 792 1768 nomen
814 1739 885 1768 eius.
902 1739 933 1768 Et
955 1738 1062 1768 Psalmo
1075 1738 1099 1766 ³:
1125 1738 1177 1766 Do-

328 1788 426 1816 minio-5
448 1796 550 1816 nomen
572 1786 622 1815 z'tlz'.
638 1787 664 1815 Si
685 1794 752 1824 ergo
767 1787 819 1815 ista
840 1790 906 1815 sunt
924 1787 1036 1815 diversa
1050 1786 1175 1818 nomina,

328 1838 401 1871 patet
422 1835 585 1863 auctoritate
607 1834 780 1870 scripturae,
802 1833 877 1870 quod
898 1833 974 1862 Deus
994 1833 1079 1861 habet
1092 1832 1176 1870 plura

327 1882 447 1910 nomina.

406 1930 432 1957 2.
453 1928 536 1962 Item,
558 1927 705 1964 Dionysius
727 1927 754 1955 in
776 1927 847 1955 libro
868 1926 903 1955 de
931 1926 1038 1955 Divinis
1058 1926 1177 1955 Nomini-

329 1976 380 2004 bus
392 1976 401 1989 ⁴
424 1975 507 2013 plura
527 1975 649 2011 assignat
663 1974 776 2002 nomina
790 1973 853 2007 Dei;
868 1973 1030 2002 Ambrosius
1049 1972 1176 2001 similiter

328 2022 355 2050 in
371 2022 442 2050 libro
457 2021 491 2050 de
513 2021 645 2049 Trinitate
659 2020 684 2055 ⁵,
699 2023 726 2049 et
740 2020 869 2057 Magister
891 2019 1018 2049 similiter
1032 2019 1060 2047 in
1075 2019 1175 2047 littera.

406 2067 431 2096 3.
447 2068 526 2102 item,
542 2068 593 2096 hoc
609 2067 702 2104 ipsum
716 2066 831 2095 ratione
845 2066 957 2095 videtur
963 2077 970 2100 3
985 2066 1051 2103 quia
1065 2065 1174 2094 nullum

328 2122 429 2143 nomen
450 2113 620 2143 sufficienter
642 2113 776 2150 exprimit
796 2120 857 2142 esse
878 2113 1006 2141 divinum
1027 2120 1078 2141 nec
1097 2112 1124 2140 in
1146 2119 1176 2141 se

327 2168 378 2190 nec
399 2160 427 2189 in
449 2160 654 2198 comparatione
674 2160 710 2188 ad
728 2162 856 2188 nostrum
868 2159 878 2173 ⁶
900 2159 1080 2188 intellectum.
1096 2159 1174 2195 Quod

328 2210 414 2244 patet⁷
436 2207 501 2244 quia
522 2207 612 2235 omnis
626 2206 759 2244 perfectio
780 2209 808 2235 et
825 2208 867 2235 est
888 2209 915 2235 et
936 2205 1100 2242 intelligitur
1114 2212 1175 2234 esse

329 2254 354 2282 in
370 2253 442 2287 Deo;
463 2257 490 2282 et
504 2253 615 2282 nullum
629 2261 729 2282 nomen
751 2253 885 2290 exprimit
899 2252 989 2281 omnis
1010 2252 1175 2281 conditionis

391 2418 397 2431 ¹
417 2418 481 2440 Vers.
500 2418 521 2440 3.

390 2457 399 2471 ²
418 2457 482 2479 Vers.
501 2457 522 2479 3.
1004 2456 1014 2471 ³
1031 2456 1074 2485 67,
1093 2456 1114 2478 5.

391 2496 400 2510 ⁴
417 2495 471 2524 Cap.
494 2496 511 2518 l.
536 2496 550 2524 S
568 2496 589 2524 8,
611 2495 651 2518 ubi
677 2497 768 2518 nomina
795 2496 921 2524 generatim
947 2498 1100 2524 recensentur,
1118 2501 1178 2524 quae

329 2535 375 2557 Deo
393 2538 414 2558 et
431 2541 443 2557 a
460 2541 524 2557 sacra
543 2535 659 2563 Scriptura
677 2541 699 2557 v.
718 2541 739 2563 g.
757 2535 806 2563 Ego
826 2541 878 2558 sum
890 2536 930 2564 qui
942 2541 1002 2563 sum,
1014 2536 1067 2563 vita,
1085 2534 1123 2557 lux
1135 2537 1176 2557 etc.

330 2577 350 2595 et
368 2581 380 2596 a
398 2574 539 2602 sapientibus
561 2581 584 2596 v.
602 2580 624 2603 g.
642 2574 730 2596 bonum
743 2592 748 2602 ,
766 2574 873 2602 pulcrum
890 2576 932 2597 etc.
950 2574 1113 2597 attribuuntur.

391 2611 401 2627 ⁵
418 2612 442 2635 ld
458 2615 504 2640 est,
522 2613 545 2634 ll.
564 2612 592 2635 de
609 2612 663 2634 Fide
681 2612 710 2635 ad
727 2612 860 2635 Gratianum
872 2630 877 2640 ,
896 2613 918 2634 in
935 2612 1049 2641 Prologo;
1066 2611 1120 2635 vide
1141 2612 1178 2633 hic

330 2651 359 2673 lit.
378 2651 493 2680 Magistri,
512 2657 531 2674 c.
553 2652 570 2674 1.
582 2663 614 2668 -
625 2650 680 2673 Cod.
698 2651 728 2673 W
745 2650 975 2680 ponit-Anqustinus
987 2653 1009 2674 et
1020 2650 1056 2673 ed.
1073 2651 1078 2672 1
1096 2649 1178 2673 ansel-

329 2695 383 2712 mus
399 2696 442 2717 pro
459 2689 606 2713 Ambrosius.
624 2690 673 2712 Mox
690 2692 743 2717 post
759 2689 874 2719 Mayister
890 2696 950 2712 unus
967 2689 1053 2712 alterve
1069 2689 1141 2712 codex
1153 2691 1178 2711 ut

331 2728 372 2750 ΞΥ
390 2729 472 2751 omittit
488 2728 602 2752 similiter.

333 2790 335 2792 ,
394 2766 404 2781 ⁶
421 2767 443 2789 ln
461 2768 512 2790 Vat.
529 2771 551 2790 et
567 2767 618 2790 cod.
636 2773 662 2790 cc
679 2767 823 2789 desideratur
834 2768 960 2795 nostrum,
975 2766 1038 2795 quod
1055 2767 1077 2788 in
1096 2766 1177 2789 ceteris

332 2812 386 2828 mss.
404 2809 426 2828 ct
442 2806 478 2828 ed.
501 2807 506 2828 l
527 2807 648 2828 invenitur.
666 2806 735 2828 Paulo
752 2806 810 2828 infra
829 2806 879 2829 cod.
897 2806 917 2828 X
931 2805 1082 2835 perfectionis
1099 2804 1176 2829 condi-

331 2843 420 2866 tionem
437 2850 478 2872 pro
495 2844 633 2871 conditionis
649 2843 822 2874 perfectionem.

1233 1505 1445 1542 perfectionem:
1467 1512 1533 1542 ergo
1554 1512 1618 1534 cum
1639 1513 1694 1534 non
1713 1505 1800 1542 possit
1821 1505 1881 1534 fieri
1904 1513 1953 1543 per
1975 1513 2080 1540 unum⁷

1233 1552 1392 1588 indigemus
1413 1552 1551 1588 pluribus.

1312 1598 1338 1627 [ι.
1360 1598 1444 1631 Item,
1465 1598 1536 1627 illud
1564 1598 1591 1627 in
1616 1606 1672 1636 quo
1693 1606 1739 1628 res
1753 1598 1921 1627 conveniunt
1942 1602 1969 1628 et
1983 1599 2011 1627 in
2026 1607 2081 1636 quo

1233 1645 1379 1679 differunt,
1394 1648 1443 1674 aut
1456 1652 1569 1674 necesse
1584 1648 1625 1674 est
1639 1645 1770 1682 pluribus
1784 1645 1944 1674 nominibus
1954 1646 1963 1659 ⁷
1975 1645 2081 1680 dicere,

1233 1694 1282 1720 aut
1302 1699 1415 1720 necesse
1435 1694 1478 1721 est
1498 1700 1587 1720 unum
1608 1692 1801 1729 aequivocari3
1821 1692 1870 1721 sed
1891 1692 2082 1730 aequivocatio

1233 1740 1347 1775 generat
1361 1738 1571 1775 ambiguitatem
1586 1741 1614 1767 et
1635 1738 1757 1768 tollenda
1771 1741 1824 1767 est:
1843 1746 1910 1776 ergo
1924 1746 2081 1776 congruum

1232 1786 1275 1813 est
1286 1784 1405 1813 diversis
1419 1785 1580 1822 exprimere
1594 1785 1763 1814 nominibus.
1778 1785 1847 1814 Cum
1858 1793 1925 1822 ergo
1939 1785 1967 1814 in
1980 1785 2081 1814 divinis

1233 1831 1268 1859 sit
1282 1839 1430 1860 commune
1445 1835 1472 1861 et
1488 1832 1633 1869 proprium
1649 1835 1675 1861 et
1690 1832 1742 1861 hoc
1764 1832 1791 1860 in
1805 1832 1948 1870 pluribus,
1969 1840 2081 1862 necesse

1233 1881 1286 1913 est7
1307 1878 1391 1915 plura
1411 1879 1524 1907 nomina
1541 1886 1609 1908 esse.
1831 1878 1832 1882 ’

1313 1926 1338 1954 5.
1353 1925 1436 1960 Item,
1458 1926 1586 1963 quamvis
1601 1934 1657 1954 una
1672 1926 1707 1955 sit
1721 1926 1813 1964 prima
1828 1927 1931 1956 veritas
1943 1926 1966 1961 Β,
1988 1929 2081 1955 tamen

1233 1972 1343 2001 articuli
1365 1971 1429 2001 fidei
1452 1975 1517 2000 sunt
1537 1972 1633 2001 multi:
1656 1972 1678 2001 si
1700 1980 1767 2009 ergo
1787 1972 1857 2001 fides
1878 1973 1914 2001 de
1934 1972 1991 2001 Deo
2012 1972 2081 2001 mul-

1232 2021 1275 2047 ‘tos
1289 2018 1423 2047 articulos
1437 2019 1538 2054 credit,
1553 2022 1580 2048 et
1601 2019 1678 2057 quod
1691 2020 1777 2048 corde
1791 2019 1922 2048 creditur
1940 2019 1981 2048 ctd
2001 2019 2082 2048 iusti-

1233 2064 1306 2093 tiam
1333 2067 1442 2101 oportet
1467 2073 1516 2093 ore
1544 2065 1676 2102 confiteri
1703 2065 1744 2094 ast
1776 2065 1900 2094 salutem
1914 2065 1924 2079 ⁹
1940 2088 1948 2099 ,
1977 2065 2081 2094 multos

1232 2114 1322 2148 potest
1336 2115 1363 2140 et
1384 2112 1467 2141 (lebet
1480 2112 1613 2141 articulos
1627 2120 1676 2141 ore
1698 2112 1836 2147 confiteri3
1851 2112 1900 2141 sed
1922 2112 2003 2141 multi
2017 2112 2081 2141 arti—

1233 2158 1288 2187 culi
1309 2166 1366 2187 uno
1380 2158 1491 2187 nomine
1505 2167 1560 2187 non
1581 2166 1716 2196 expresse
1730 2161 1758 2187 et
1774 2159 1905 2196 explicite
1919 2159 2081 2196 exprimun-

1232 2208 1293 2233 tur:
1316 2213 1383 2242 ergo
1403 2208 1512 2242 oportet
1533 2205 1637 2234 hahere
1659 2205 1742 2242 plura
1762 2205 1883 2234 nomina.

1311 2251 1437 2280 CONTRA:
1463 2253 1487 2280 l.
1509 2251 1629 2281 Hilarius
1642 2252 1678 2280 ¹⁰:
1708 2264 1718 2276 «
1734 2252 1791 2281 Non
1807 2252 1928 2281 sermoni
1949 2260 2007 2287 res,
2029 2252 2077 2281 sed
2091 2263 2120 2283 Aa
2132 2263 2205 2287 opposi-

1298 2416 1307 2431 7
1325 2417 1476 2439 Praeserimus
1501 2416 1620 2438 lectionem
1643 2416 1710 2438 codd.
1727 2416 1773 2438 GM
1792 2419 1814 2439 et
1830 2416 1866 2438 ed.
1889 2417 1893 2438 1
1916 2416 2023 2444 ponendo
2040 2422 2079 2439 no—

1235 2454 1337 2478 minibus
1349 2461 1391 2483 pro
1403 2454 1492 2483 modis,
1512 2461 1582 2483 quam
1600 2458 1718 2477 contextus
1735 2456 1817 2483 exigit3
1830 2455 1865 2477 rel
1882 2456 1900 2477 si
1913 2456 1987 2483 magis
1998 2456 2079 2484 placet,

1235 2493 1298 2522 legas
1315 2500 1368 2516 cum
1386 2494 1453 2516 codd.
1470 2500 1497 2516 aa
1514 2493 1546 2516 bb
1562 2493 1639 2517 modis
1655 2493 1692 2517 vel
1712 2493 1854 2517 ἠοῃηηίὺῑιε.
1873 2494 1922 2516 111οΧ
1940 2496 1992 2522 post
2008 2492 2080 2517 ambi-

1234 2531 1349 2561 9uitatem
1366 2532 1417 2555 cod.
1435 2532 1456 2554 X
1474 2538 1534 2562 quae
1552 2532 1602 2554 loco
1619 2533 1658 2561 et,·
1675 2532 1727 2555 dein
1740 2536 1792 2560 post
1803 2538 1938 2562 conyrztum
1948 2532 2015 2555 estin
2027 2531 2078 2554 cod.

1234 2571 1253 2593 H
1279 2571 1371 2594 additur
1394 2570 1504 2601 pluribus
1530 2572 1551 2594 et
1575 2577 1602 2594 ac
1626 2572 1648 2593 in
1670 2571 1721 2594 cod.
1739 2572 1744 2593 1
1763 2575 1815 2600 post
1830 2570 1930 2594 diversas·
1946 2571 2079 2599 adiungitur

1234 2609 1309 2633 modis
1327 2609 1403 2633 dicere
1421 2611 1448 2633 et.

1297 2649 1307 2664 8
1324 2650 1470 2678 Antiquiores
1488 2649 1554 2672 codd.
1573 2656 1625 2672 cum
1643 2650 1680 2673 ed.
1702 2651 1707 2671 l
1729 2653 1806 2672 contra
1824 2650 1874 2672 Vat.
1893 2651 1914 2672 in
1937 2651 1979 2672 nac
1996 2655 2078 2677 propo-

1233 2689 1313 2711 sitione
1330 2687 1437 2711 exhibent
1453 2687 1546 2718 prz‘ma,
1566 2689 1673 2717 quamvis
1690 2689 1758 2717 aliqui
1776 2694 1857 2711 eorum
1870 2688 1906 2710 vel
1919 2688 1996 2710 verbis
2008 2690 2077 2710 trans·

1233 2728 1313 2755 positis
1329 2727 1406 2755 legant
1422 2732 1472 2749 una
1488 2726 1568 2757 prima
1585 2726 1616 2750 sit
1630 2726 1717 2750 veritas
1734 2727 1770 2750 vel
1788 2733 1837 2750 una
1854 2728 1913 2749 male
1930 2727 2039 2749 omittant..

1296 2766 1306 2780 ⁹
1323 2766 1388 2789 Rom.
1416 2766 1460 2792 10,
1486 2766 1523 2788 Ao.
1541 2778 1571 2782 —
1588 2766 1657 2789 Paulo
1679 2766 1736 2789 infra
1762 2768 1813 2794 post
1837 2771 1947 2796 eoepresse
1972 2765 2022 2788 cod.
2045 2764 2077 2788 bb

1232 2810 1275 2828 nec
1292 2810 1335 2832 pro
1352 2805 1389 2832 et,
1408 2805 1448 2833 qui
1466 2807 1488 2827 et
1505 2804 1557 2827 dein
1575 2811 1627 2827 cum
1646 2805 1697 2827 cod.
1715 2811 1740 2827 aa
1759 2806 1823 2833 ponit
1839 2804 1902 2828 [lebet
1919 2805 1968 2827 loco
1980 2804 2075 2834 oportet.

1296 2843 1315 2857 ¹⁰
1332 2843 1393 2866 Libr.
1412 2843 1448 2865 IV.
1466 2843 1495 2866 (le
1513 2843 1575 2866 Trin.
1594 2850 1615 2866 n.
1637 2843 1671 2866 Μ.
