2253 3317
657 306 727 355 SS.
763 307 810 355 D.
847 306 897 354 N.
935 306 1089 355 SIXTI
1123 307 1315 356 PAPAE
1337 307 1409 354 IV.

927 429 1150 467 DIPLOMA

466 546 568 591 QUO
596 547 638 582 B.
667 546 1054 601 BONAVENTURA
1079 547 1153 583 ΕΡ.
1181 547 1327 584 CARD.
1352 547 1606 583 ALBANEN.

719 677 751 706 IN
773 677 974 707 SANCTORUM
996 676 1152 706 CANONEM
1175 658 1352 707 RE‘FERTUR.

790 1162 971 1195 SlXTUS
1008 1162 1282 1197 EPISCOPUS

862 1278 975 1302 SERVUS
993 1278 1150 1302 SERVORUM
1167 1279 1215 1302 Dm

692 1380 744 1402 AD
776 1380 1023 1402 PERPETUAM
1054 1381 1123 1403 REI
1153 1380 1383 1403 MEMORIAM.

258 1529 426 1577 Superua
444 1531 616 1566 caelestis
633 1531 764 1578 patria,
781 1532 915 1566 civitas
929 1531 1183 1578 Hierusalem,
1205 1532 1312 1566 cuius
1327 1531 1568 1577 participatio
1586 1531 1665 1566 eius
1679 1531 1909 1579 inidipsum,

163 1590 216 1625 ita
241 1590 410 1625 omnium
436 1589 641 1625 electorum
672 1590 880 1625 salvatione
906 1590 1082 1637 laetatur,
1109 1595 1152 1625 ut
1177 1603 1338 1637 quorum
1356 1590 1629 1636 praestantiora
1646 1595 1735 1625 sunt
1759 1591 1909 1635 merita,

164 1648 372 1695 copiosiora
397 1649 511 1683 etiam
542 1653 666 1683 sumat
697 1649 836 1695 gaudia
861 1649 1124 1695 praemiorum.
1158 1648 1267 1693 Quod
1292 1649 1332 1683 in
1363 1661 1518 1684 excessu
1543 1649 1681 1683 mentis
1707 1661 1795 1684 suae
1812 1650 1911 1696 posi-

164 1712 226 1742 tus
250 1706 367 1742 Isaias
392 1706 581 1753 Propheta
606 1708 764 1742 sensisse
786 1707 952 1753 videtur,
987 1720 1073 1742 cum
1106 1708 1247 1742 diceret
1273 1707 1362 1754 (Isa.
1391 1707 1448 1754 12,
1477 1707 1555 1753 6.):
1581 1707 1716 1743 Exulta
1734 1710 1764 1743 et
1789 1708 1910 1753 ῖαῑιάα,

165 1765 335 1801 habitatio
361 1765 465 1811 Sion,
492 1766 576 1813 quia
600 1778 747 1813 maynus
770 1766 809 1801 2³12.
832 1766 943 1801 medio
970 1766 1023 1801 tm·
1046 1769 1196 1801 sanctus.
1223 1766 1408 1801 Exultent
1440 1766 1559 1812 igitur
1584 1767 1753 1801 omnium
1785 1766 1913 1813 Ange-

165 1824 288 1860 lorum
314 1824 433 1871 chori,
461 1824 542 1871 qui,
569 1824 615 1858 de
637 1837 841 1859 vacuarum
867 1825 1013 1859 sedium
1030 1825 1264 1860 habitatione
1291 1825 1461 1872 solliciti,
1488 1829 1672 1860 conantur
1701 1825 1746 1859 de
1772 1826 1911 1860 virtute

165 1884 205 1918 in
231 1884 426 1929 virtutem,
453 1883 501 1917 ad
518 1882 647 1917 beatas
673 1883 759 1918 illas
777 1884 1006 1930 mansiones,
1026 1883 1126 1918 unde
1144 1883 1298 1930 superbi
1317 1888 1472 1918 ruerunt
1495 1884 1663 1930 spiritus,
1695 1883 1911 1918 humilitate

166 1942 380 1989 perducere.
407 1941 591 1976 Exultent
622 1954 772 1988 quoque
805 1954 934 1977 omnes
964 1943 1112 1977 animae
1137 1942 1339 1988 iustorum,
1373 1942 1439 1989 qui
1466 1941 1605 1977 Christi
1637 1943 1799 1988 vestigia
1825 1947 1914 1977 sunt

166 2001 285 2035 secuti
320 2005 433 2047 atque
460 2012 589 2035 omnes
622 2005 701 2034 tam
727 2001 864 2035 veteris
899 2013 1013 2047 quam
1039 2001 1128 2035 novi
1161 2000 1393 2035 Testamenti
1418 2000 1550 2035 fideles
1574 2001 1687 2035 amici
1712 2000 1799 2047 Dei,
1828 2001 1912 2048 qui,

168 2059 397 2105 contemptis
421 2059 534 2094 huius
560 2059 701 2094 saeculi
719 2058 970 2106 vanitatibus,
998 2059 1215 2094 concivium
1234 2059 1502 2094 numerositate
1528 2060 1779 2106 congaudent.
1799 2059 1915 2094 Exul-

166 2123 221 2153 tet
246 2118 393 2152 caelum
418 2117 613 2163 laudibus,
640 2118 797 2153 resultet
822 2122 919 2152 terra
943 2118 1108 2164 gaudiis,
1137 2118 1316 2165 quoniam
1343 2117 1563 2154 Sanctorum
1590 2118 1705 2153 editio
1731 2118 1913 2153 laetitiam

165 2177 281 2211 habet
312 2177 572 2223 plurimorum.
606 2176 726 2212 Valde
758 2177 859 2211 enim
892 2177 981 2211 fidei
1015 2177 1137 2223 pietas
1178 2177 1317 2223 exigit,
1352 2181 1395 2212 ut
1428 2177 1529 2224 quod
1560 2190 1630 2223 pro
1665 2177 1785 2212 salute
1818 2177 1915 2211 mul-

167 2240 291 2271 torum
320 2236 480 2282 geritur,
513 2235 780 2271 communibus
810 2235 953 2283 ubique
979 2236 1130 2282 gaudiis
1157 2235 1377 2271 celebretur.
1405 2235 1613 2283 Praecipue
1648 2249 1736 2271 vero
1770 2236 1915 2270 exultet

167 2294 397 2329 Pontificum
429 2298 558 2329 coetus
588 2294 804 2341 beatorum,
838 2299 876 2329 et
905 2307 1009 2329 sacra
1037 2294 1243 2329 Doctorum
1275 2295 1426 2341 concio,
1458 2295 1522 2341 qui
1555 2294 1708 2341 fulgent
1737 2295 1776 2329 in
1811 2294 1915 2329 caelo

167 2358 348 2400 tanquam
374 2353 504 2388 stellae
522 2353 562 2387 in
588 2358 789 2400 perpetuas
814 2354 1070 2399 aeternitates,
1098 2365 1192 2400 quos
1218 2354 1316 2388 inter
1342 2358 1494 2388 sanctus
1525 2353 1803 2399 Bonaventura,
1834 2358 1915 2388 tan-

167 2424 281 2459 quam
319 2424 461 2446 novum
499 2412 618 2459 sidus,
653 2425 699 2446 ex
736 2412 806 2446 hac
837 2412 1089 2458 lacrymarum
1123 2412 1223 2446 valle
1256 2412 1304 2446 ad
1330 2412 1529 2447 caelestem
1565 2425 1660 2459 quae
1686 2425 1834 2447 sursum
1860 2417 1916 2446 est

166 2470 420 2516 Hierusalem,
448 2475 605 2505 vocante
631 2483 717 2505 eum
742 2470 921 2517 Domino,
950 2471 1135 2517 migrans,
1163 2471 1329 2505 emicuit.

261 2529 281 2576 ξ
308 2530 338 2563 1.
364 2528 442 2564 Nos
467 2534 611 2575 autem,
639 2529 722 2576 qui,
750 2529 974 2576 disponente
1000 2529 1216 2576 Altissimo,
1244 2530 1291 2564 ad
1317 2529 1469 2564 culinen
1495 2529 1743 2576 Apostolatus
1773 2530 1913 2575 evecti,

169 2587 364 2622 christiani
398 2588 525 2634 gregis
562 2600 690 2622 curam
736 2588 920 2634 gerimus,
947 2600 1061 2635 quem
1104 2600 1171 2634 pro
1201 2588 1330 2622 debito
1364 2588 1563 2634 pastoralis
1595 2588 1707 2622 officii
1749 2587 1916 2622 iucundo

170 2645 392 2681 Sanctorum
419 2646 581 2692 collegio
608 2646 859 2693 conformare,
878 2652 921 2681 ut
945 2646 1144 2693 debemus,
1172 2647 1330 2681 intensis
1356 2647 1550 2682 desideriis
1575 2646 1816 2692 affectamus,
1844 2645 1917 2680 Ec-

169 2704 304 2739 clesiae
331 2705 528 2751 militanti,
555 2717 622 2751 pro
648 2705 755 2740 cuius
772 2705 1033 2740 aedificatione
1059 2709 1096 2740 et
1113 2706 1363 2752 incremento,
1391 2706 1517 2752 ipsum
1543 2705 1848 2740 Bonaventuram
1875 2705 1917 2739 in

169 2763 385 2809 catalogum
411 2762 632 2798 Sanctorum
666 2763 903 2798 referendum
937 2764 1132 2810 duximus,
1160 2764 1261 2798 haud
1298 2764 1506 2810 incongrue
1541 2764 1664 2798 dicere
1695 2775 1915 2810 possumus:

169 2821 310 2856 Exulta
334 2822 445 2856 hodie
471 2826 508 2856 et
525 2821 652 2868 lauda,
679 2822 863 2857 habitatio
890 2822 997 2868 Sion,
1025 2823 1064 2857 id
1086 2827 1142 2857 est
1167 2823 1372 2857 christiana
1388 2823 1538 2868 religio,
1565 2823 1605 2856 in
1632 2835 1707 2869 qua
1731 2827 1914 2868 tanquam

170 2881 209 2914 in
235 2884 362 2915 monte
388 2879 476 2916 Sion
502 2893 569 2926 per
594 2893 718 2915 veram
743 2880 859 2915 fidem
883 2881 1031 2916 habitat
1056 2893 1166 2916 verus
1191 2880 1308 2927 Deus,
1336 2882 1515 2928 quoniam
1543 2893 1704 2927 magnus
1727 2882 1766 2915 in
1791 2880 1916 2914 medio

168 2940 226 2973 tui
257 2944 419 2974 sanctus.
453 2938 621 2986 Quippe:
648 2939 695 2974 In
726 2938 835 2974 medio
866 2939 1039 2975 Ecclesiae
1064 2940 1203 2987 aperuit
1227 2951 1263 2975 os
1289 2940 1380 2985 eius,
1407 2943 1438 2975 et
1463 2940 1619 2987 implevit
1643 2952 1716 2975 eum
1741 2939 1918 2974 Dominus
