2253 3317
210 560 302 579 ludicatur

180 584 287 607 probabilis.

194 654 257 679 Tertia
267 654 306 677 opi-

180 682 216 695 ΠΙΟ.

215 1351 307 1370 ludicatur

187 1374 307 1398 probabilior.

327 112 379 142 136

322 190 410 227 gigni,
432 197 486 218 non
507 188 569 218 dico
588 188 665 217 aliud
687 190 714 216 et
741 187 817 215 aliud
846 194 941 224 posse,
963 186 1012 215 sed
1034 186 1158 214 alterius.

320 237 353 266 Et
373 236 458 265 huius
489 235 631 272 positionis
662 234 714 262 suit
742 233 884 270 Magister,
916 234 987 262 sicut
1015 233 1158 262 evidenter

321 285 436 320 apparet
457 282 485 310 in
506 282 597 309 littera
609 281 627 308 ¹.
650 280 726 309 Unde
748 280 792 308 isti
814 280 957 314 dicebant,
979 280 1054 316 quod
1076 286 1157 316 posse

321 336 454 367 generare
475 328 541 356 dicit
562 326 648 364 quid,
670 326 719 354 sed
747 326 903 354 secundum
931 328 1090 362 respectum
1119 325 1160 352 acl

320 375 450 413 aliquid,
471 374 536 411 quia
557 377 598 402 est
620 372 765 401 essentiale
798 375 919 401 tractum
943 372 978 400 ad
1000 379 1158 409 personam.

319 422 388 450 Cum
409 421 483 450 enim
504 428 559 448 non
580 419 615 448 sit
633 419 810 447 omnimodae
842 418 1049 450 abstractionis,
1070 420 1159 454 potest

320 469 355 497 ad
376 475 523 505 personam
545 466 626 494 trahi.
1012 496 1015 500 ²

398 515 429 543 Et.
448 514 500 542 ista
521 513 619 550 positio
641 512 761 549 Magistri
774 511 782 525 ²
808 511 875 540 satis
896 514 938 540 est
959 511 1111 548 probabilis
1133 513 1159 538 et

317 562 382 591 satis
403 561 473 589 bene
494 560 605 588 videtur
627 559 757 588 sustineri
781 566 871 595 posse.

397 607 519 635 Fuerunt
538 606 621 634 etiam
653 605 747 633 tertiiss
770 604 977 638 moderniores,
1003 604 1050 641 qui
1083 603 1159 632 dixe-

315 657 380 683 runt
398 677 404 685 ,
425 653 499 690 quod
522 652 644 689 potentia
665 651 816 688 generandi
838 650 903 679 dicit
925 651 965 679 ctd
995 650 1110 688 aliquid
1131 650 1158 678 in

319 701 419 730 divinis
441 700 475 729 de
497 708 534 728 se.
557 699 587 727 Et
606 699 676 727 ratio
697 705 796 727 eorum
817 700 873 728 est,
888 697 1020 734 quoniam
1035 696 1157 733 potentia

320 748 386 777 dicit
405 746 596 775 habitudinem
623 744 764 781 originalis
794 744 922 781 principii
944 744 979 772 ad
1010 743 1158 780 principia-

317 797 386 822 tuni.
410 793 441 821 Et
461 791 592 829 quoniam
613 791 748 819 habitudo
769 793 860 827 potest
880 797 940 818 esse
965 797 1101 826 personae
1122 789 1158 817 ad

318 847 474 877 personam,
489 840 516 867 et
530 840 596 866 ωηο
618 844 683 865 vere
704 839 745 865 est
766 836 917 870 habitudo,
932 839 959 864 et
973 835 1108 864 essentiae
1123 835 1159 863 ad

319 889 491 919 creaturam,
513 887 539 913 et
559 887 625 912 tunc
646 883 801 912 secuudum
830 883 945 911 modum
968 882 1078 910 dicendi
1100 881 1158 910 sive

318 932 503 969 intelligendi:
526 931 591 959 hinc-
611 933 668 964 est,
689 929 764 966 quod
797 929 965 966 principium
987 929 1021 957 de
1043 928 1087 957 sui
1119 936 1161 956 ra-

319 980 391 1008 tione
412 987 466 1007 non
488 980 596 1006 tantum
617 979 658 1005 est
678 976 824 1005 essentiale
837 975 845 988 ⁴
869 974 1080 1012 appropriatum
1109 982 1159 1011 per

318 1027 504 1060 additionem,
526 1025 611 1053 immo
632 1024 715 1053 etiam
742 1023 808 1051 dicit
836 1022 982 1060 proprium
1013 1029 1157 1058 personae.

318 1073 379 1102 Pari
400 1073 520 1106 ratione,
542 1079 606 1100 eum
627 1070 749 1108 potentia
770 1070 843 1098 dicat
863 1069 1027 1106 originalem
1052 1068 1160 1096 habitu-

319 1120 421 1154 dinem,
441 1127 496 1147 non
519 1121 625 1147 tantum
640 1116 824 1151 essentialem,
845 1124 900 1144 non
921 1115 1013 1144 solum
1026 1115 1035 1128 ὖ
1057 1114 1159 1143 dicitur

318 1167 363 1195 vel
383 1166 505 1195 trahitur
525 1165 561 1193 ad
581 1172 745 1201 personam,
767 1166 798 1191 ut
826 1163 899 1191 dicat
920 1162 1068 1191 essentiam
1099 1170 1160 1200 per-

319 1213 472 1246 sonaliter,
492 1211 577 1240 immo
598 1210 664 1239 dicit
694 1209 857 1247 proprium,
878 1211 905 1237 et
926 1208 963 1236 ita
984 1208 1025 1236 ad
1044 1208 1160 1246 aliquid

318 1259 353 1288 de
374 1267 411 1288 se.

399 1306 429 1334 Et
447 1304 547 1342 positio
567 1305 619 1333 ista
640 1304 699 1332 sine
719 1302 892 1340 praeiudicio
919 1301 1031 1330 videtur
1061 1302 1159 1338 proba—

320 1352 409 1381 bilior.
430 1352 499 1380 Nam
518 1351 640 1389 potentia
662 1350 813 1388 generandi
844 1357 900 1378 non
920 1348 1031 1377 videtur
1063 1348 1157 1377 dicere

319 1400 371 1428 nisi
396 1398 593 1427 fecunditatem
614 1398 649 1426 ad
671 1400 765 1426 actum
786 1395 986 1433 generationis3
1008 1399 1035 1424 et
1054 1395 1103 1423 illa
1117 1398 1159 1424 est

319 1446 466 1483 proprium
486 1452 635 1482 personae,
656 1443 731 1472 unde
747 1443 873 1471 similiter
888 1444 915 1471 et
928 1442 1051 1479 potentia
1063 1441 1081 1469 ⁸.
1103 1442 1157 1471 Nec

319 1496 361 1521 est
381 1492 471 1520 simile
493 1491 527 1519 de
544 1499 628 1528 posse
649 1493 676 1519 et
690 1498 749 1518 6336
764 1489 815 1518 nisi
830 1497 887 1517 uno
901 1489 992 1517 modo.
1015 1489 1068 1517 Ηοο
1083 1489 1158 1517 enim

318 1539 437 1568 verbum
458 1542 499 1566 est
512 1537 662 1575 aliquando
673 1545 727 1574 per
741 1545 771 1564 36
791 1536 985 1573 praedicatur,
1006 1535 1156 1572 aliquando

318 1589 360 1615 est
381 1585 498 1614 tertium
519 1585 666 1613 adiacens.
695 1584 812 1620 Quando
830 1592 884 1620 per
905 1592 935 1611 36
956 1583 1070 1617 dicitur,
1092 1586 1158 1611 tunc

318 1633 384 1661 dicit
404 1634 497 1660 actum
527 1631 703 1665 absolutum,
724 1630 789 1667 quia
818 1630 884 1658 dicit
905 1633 999 1658 actum
1019 1630 1089 1658 entis
1118 1637 1159 1658 ra-

319 1679 390 1708 tione
412 1678 561 1712 essentiae3
583 1680 610 1706 et
630 1680 697 1706 tunc
717 1679 840 1714 oportet,
862 1676 937 1713 quod
953 1676 1062 1704 dicatur
1082 1676 1159 1704 abso·
1193 1704 1195 1708 ,

318 1726 375 1754 lute
397 1728 424 1753 et
445 1724 519 1761 quod
542 1724 615 1752 dicat
635 1723 713 1761 quid.
745 1723 862 1759 Quando
884 1730 950 1751 vero
971 1724 1013 1750 est
1041 1722 1158 1750 tertium

316 1772 465 1805 adiacetts,
487 1773 518 1799 ut
539 1778 604 1799 cum
624 1770 727 1798 dicitur
742 1769 821 1798 Pater
836 1772 877 1797 est
892 1769 966 1797 Deus
976 1769 994 1803 ⁷,
1017 1768 1095 1797 Pater
1116 1771 1158 1797 est

317 1819 405 1853 Pater,
427 1821 493 1846 tunc
514 1817 566 1846 hoc
587 1817 705 1845 verbum
726 1820 767 1844 est
787 1816 853 1844 dicit
874 1815 1067 1844 habitudinem
1082 1823 1159 1852 prae-

317 1866 400 1894 dicati
421 1865 456 1893 ad
478 1864 642 1893 subiectum.
666 1864 696 1892 Et
727 1863 859 1900 quoniam
889 1865 979 1899 potest
1000 1862 1093 1890 dicere
1113 1862 1159 1890 ha.-

317 1912 473 1941 bitudinem
494 1911 529 1939 ad
551 1911 744 1948 praedicatum
765 1910 912 1939 essentiale
933 1910 977 1938 vel
997 1909 1159 1946 personale,

381 2051 388 2066 ¹
406 2051 461 2079 Cap.
483 2052 500 2073 1.
518 2052 578 2074 circa
595 2051 692 2073 initium.
709 2062 740 2066 —
757 2050 807 2072 Vat.
826 2052 904 2072 contra
921 2050 1034 2077 plurimos
1060 2056 1114 2072 mss.
1139 2053 1161 2072 et
1188 2050 1189 2076 ἶ

319 2090 356 2112 ed.
378 2091 384 2112 1
406 2089 542 2113 huiusmodi
557 2090 607 2112 loco
624 2088 703 2117 huius,
718 2091 740 2111 et
752 2089 820 2116 paulo
837 2089 894 2110 infra
911 2092 963 2116 post
979 2094 1106 2118 generare,
1121 2088 1161 2110 ob-

319 2129 442 2151 nitentibus
454 2129 521 2151 codd.
534 2132 555 2151 et
566 2128 602 2151 ed.
619 2130 636 2156 l,
648 2128 707 2150 male
719 2128 782 2150 addit
793 2133 841 2150 nort
852 2128 951 2150 tantum.
962 2128 1011 2150 Mox
1026 2134 1052 2149 ex
1070 2127 1120 2149 cod.
1139 2127 1157 2149 T

318 2171 340 2190 ct
356 2168 392 2190 ed.
414 2168 419 2189 l
441 2170 493 2196 post
509 2167 549 2190 sed
566 2168 686 2195 posuimus
702 2165 833 2189 secundum
849 2166 899 2188 loco
916 2165 1004 2193 etiam;
1029 2166 1064 2188 alii
1090 2165 1157 2188 codd.

319 2208 425 2229 omittunt
435 2207 471 2228 vel
484 2205 525 2229 sed
540 2207 576 2228 vel
593 2205 723 2229 secundnm
740 2205 842 2233 (omissio
860 2206 916 2227 haec
933 2206 1038 2227 facillima
1054 2208 1113 2228 erat.
1132 2211 1159 2227 eo

320 2245 382 2274 quod
400 2245 440 2268 sed
456 2248 478 2267 et
493 2244 623 2268 seeundum
641 2245 687 2266 sere
704 2244 787 2266 eodem
804 2244 874 2266 modo
899 2244 1032 2266 abbreviata
1057 2243 1159 2266 scribun-

320 2284 381 2312 tur),
399 2284 440 2306 sed
456 2284 534 2306 minus
550 2283 616 2306 bene.
634 2283 689 2306 Cod.
706 2284 724 2305 R
736 2283 791 2306 dz'cit
807 2282 864 2313 quid
879 2284 900 2306 61
916 2283 1049 2312 respectum
1064 2282 1112 2305 sive
1129 2281 1160 2304 ad

321 2322 418 2352 aliquid.

382 2362 392 2376 ’Ζ
409 2362 439 2384 Ex
456 2361 624 2390 antiquioribus
649 2367 703 2383 mss.
727 2363 749 2383 et
772 2361 808 2383 ed.
830 2361 835 2382 1
865 2361 1026 2389 supplevimus
1042 2359 1159 2389 Maqistrz'.

321 2401 390 2423 Paulo
407 2403 458 2422 ante
475 2401 576 2422 nonnulli
589 2400 656 2423 codd.
669 2404 693 2422 ut
710 2401 727 2422 K
740 2400 755 2422 S
764 2400 780 2421 Z
797 2399 858 2422 trita
870 2400 919 2422 loco
935 2399 989 2427 isla,
1004 2399 1054 2421 cod.
1068 2399 1089 2421 X
1101 2398 1158 2422 ideo.

381 2439 391 2453 ³
408 2439 481 2468 Aliqui
499 2439 566 2461 codd.
583 2442 608 2461 ut
624 2439 698 2461 VXY
715 2438 804 2461 addunt
820 2439 848 2460 et.

384 2477 392 2492 ⁴
408 2479 482 2507 Aliqui
499 2478 566 2500 codd.
584 2481 608 2501 ut
625 2478 643 2500 G
660 2484 686 2500 aa
703 2477 735 2500 bb
752 2477 861 2499 adiiciunt
877 2482 1008 2500 commune..

383 2517 393 2531 ⁵
410 2517 494 2539 Omnes
511 2517 578 2539 codd.
597 2523 649 2539 cum
667 2516 719 2539 edd.
740 2517 763 2545 1,
782 2517 809 2544 2,
830 2516 855 2544 4,
873 2516 898 2543 5,
917 2516 930 2537 6
951 2515 1098 2539 essentialem
1116 2522 1159 2543 pro

322 2556 488 2584 essentialiter,
509 2556 571 2584 quod
588 2556 655 2583 Vat.⁷
673 2559 758 2578 mutata
776 2556 969 2583 interpunctione,
987 2555 1056 2577 refert
1079 2554 1109 2576 ad
1133 2561 1159 2577 ea

322 2601 381 2623 quac
398 2597 536 2623 sequuntur;
555 2594 595 2616 sed
612 2595 681 2621 salso,
699 2595 752 2623 quia
770 2595 896 2622 opponitur
920 2593 993 2616 verbo
1010 2592 1157 2623 originalem.

322 2633 353 2654 Ex
370 2639 424 2655 mss.
442 2633 456 2654 F
466 2633 483 2654 H
493 2633 508 2654 P
518 2633 564 2661 QT
575 2633 594 2654 Y
611 2639 638 2654 ce
654 2633 781 2654 adiecimus
797 2638 846 2654 non
863 2631 954 2660 solnm,
969 2631 1032 2661 quod
1044 2632 1079 2654 ¹alii
1092 2631 1159 2654 codd.

323 2677 375 2693 rum
393 2671 443 2693 Vnt.
460 2673 580 2699 omittunt;
598 2671 633 2693 cd.
656 2672 661 2693 l
683 2677 727 2693 non
747 2672 798 2698 hic,
817 2671 857 2693 sed
875 2672 943 2699 paulo
960 2671 1016 2693 insi-a
1033 2673 1085 2699 post
1096 2670 1159 2694 dicat

323 2710 386 2732 addit
402 2715 450 2732 non
466 2711 566 2732 tantum.

385 2747 394 2762 Β
411 2747 466 2770 Cod.
484 2748 515 2770 bb
532 2748 595 2770 addit
611 2747 746 2777 qemi-andi.

385 2786 395 2800 ⁷
411 2787 441 2808 Ex
457 2786 623 2814 antiquioribus
647 2792 702 2808 mss.
720 2789 742 2809 et
763 2786 799 2808 cd.
822 2787 826 2808 1
857 2787 1018 2814 supplevimus
1040 2787 1111 2809 Pater
1127 2788 1161 2809 est

325 2823 398 2846 Deus.
416 2824 479 2852 quod
496 2825 546 2846 Vnt.
564 2830 617 2846 cum
634 2825 684 2846 cod.
702 2831 727 2846 cc
744 2825 832 2846 omittit.
849 2837 880 2840 —
903 2825 934 2847 Dc
951 2825 1018 2848 tertio
1042 2825 1161 2848 adiacente

324 2862 376 2884 ride
401 2863 506 2889 Ariston„
532 2863 553 2884 11.
580 2863 702 2885 periherm.
731 2869 750 2885 c.
779 2863 797 2885 l.
814 2866 836 2885 et
857 2862 984 2886 Conuncnt.
1010 2864 1032 2885 S.
1058 2864 1160 2886 Thomac

1006 108 1257 137 SENTENTIARUM
1278 108 1336 136 L'IB.
1359 108 1377 136 1.

1215 185 1277 214 ideo
1299 187 1388 222 potest
1410 185 1502 213 dicere
1523 192 1583 214 esse
1598 186 1743 215 essentiale
1765 190 1792 215 et
1812 187 1929 215 modum
1948 188 2058 217 essendi

1215 231 1400 268 personalem.
1415 232 1504 260 Posse
1517 234 1612 261 autem
1627 232 1661 261 de
1676 232 1720 261 sui
1734 234 1840 262 ratione
1862 235 1976 271 propria
1991 235 2057 264 dicit

1215 278 1409 306 habitudinem
1430 278 1585 306 secundum
1606 278 1758 315 originem;
1779 282 1806 308 et
1827 279 1891 308 hinc
1912 283 1962 315 est,
1983 281 2058 317 quod

1215 324 1392 360 specificatur
1422 332 1473 361 per
1500 324 1679 359 adiunctum,
1707 327 1739 353 ut
1769 325 1842 354 dicat
1873 327 2059 355 conditionem

1215 370 1345 407 principii
1366 370 1536 404 essentialis,
1558 370 1602 399 vel
1624 371 1787 407 personalis.
1809 372 1882 401 Hanc
1903 380 1969 409 ergo
1989 373 2060 410 posi÷

1217 417 1319 445 tionem
1340 417 1503 445 sustinendo
1525 417 1701 454 respondeo⁸
1722 419 1896 454 argumentis
1921 419 2060 456 probanti-

1216 463 1285 497 bus,
1306 464 1381 501 quod
1403 463 1469 492 dicit
1489 464 1568 501 quid.

1297 511 1321 538 1.
1342 510 1422 546 Quod
1443 510 1517 538 enim
1532 510 1655 547 primuni
1670 510 1816 545 obiicitur,
1831 514 1920 548 patet:
1936 512 2056 541 concedo
2081 516 2181 549 Solvuutfn·

1215 555 1302 589 enim,
1323 556 1485 592 Magistrum
1511 556 1597 585 fuisse
1612 557 1696 586 huius
1710 558 1863 594 positionis.
1886 558 1962 587 Unde
1983 545 2205 589 dixe-i'ffiligrffiffl'-
2239 569 2251 598 η

1215 605 1296 637 runt,
1318 603 1394 639 quod
1414 603 1511 632 eadem
1534 603 1656 640 potentia
1677 606 1767 641 potest
1788 604 1871 633 Filius
1892 605 1981 641 gigni,
2003 613 2059 642 qua

1215 649 1294 677 Pater
1315 652 1405 685 potest
1425 649 1553 686 gignereg
1575 650 1650 686 quod
1670 658 1725 678 non
1747 651 1847 686 esset⁰,
1862 651 1915 679 nisi
1935 651 2058 688 potentia

1215 695 1321 724 diceret
1341 695 1424 733 quid.
1442 696 1518 724 Unde
1549 696 1640 731 dixit,
1662 697 1737 733 quod
1762 697 1884 734 potentia
1905 697 2057 734 generandi

2070 588 2109 604 stri.

1215 745 1257 770 est
1279 742 1306 770 in
1328 741 1412 776 Filio,
1435 742 1484 770 sed
1505 750 1560 771 non
1574 743 1609 771 ad
1622 751 1781 779 yenerare,
1797 744 1846 772 sed
1861 744 1897 772 ad
1910 743 2060 781 yenerarz'.
2098 735 2101 738 ⁴

1215 789 1294 817 Haec
1315 792 1409 817 autem
1431 789 1530 826 positio
1542 789 1562 803 ¹⁰
1583 790 1664 824 dicit,
1685 790 1760 827 quod
1781 793 1823 819 est
1843 790 1872 819 in
1893 791 1951 819 solo
1965 791 2057 825 Patre,

1215 836 1281 872 quia
1300 844 1355 864 non
1386 838 1495 864 tantuin
1526 836 1639 873 respicit
1670 839 1815 871 naturam,
1837 837 1886 865 sed
1907 837 2060 874 proprieta-

1216 885 1271 911 tem
1292 890 1437 919 personae.
1732 906 1733 909 ,

1294 930 1319 957 2.
1335 929 1373 957 Ad
1389 929 1458 957 illud
1474 929 1549 966 quod
1564 929 1709 963 obiicitur,
1724 929 1799 966 quod
1813 929 1833 942 ¹¹
1850 937 1984 966 generare
1999 937 2060 958 eon-

1215 976 1343 1012 sequitur
1368 978 1514 1008 naturam;
1546 976 1712 1010 dicendum,
1734 976 1809 1012 quod
1831 975 1858 1004 in
1880 975 1982 1005 divinis
2003 984 2059 1004 non

1215 1022 1395 1059 consequitur
1416 1025 1546 1050 naturam
1568 1022 1745 1059 simpliciter,
1761 1022 1810 1051 sed
1825 1025 1955 1050 naturam
1977 1025 2009 1051 ut
2030 1023 2058 1051 in

1215 1077 1350 1106 persona;
1372 1069 1438 1105 quia
1459 1077 1513 1097 non
1535 1069 1562 1097 in
1590 1069 1715 1106 qualibet
1746 1076 1866 1106 persona
1886 1071 1928 1097 est
1958 1071 2059 1097 natura

1213 1116 1347 1149 secunda,
1370 1115 1419 1144 sed
1441 1115 1534 1144 solum
1566 1115 1594 1143 in
1622 1123 1742 1152 persona
1764 1115 1871 1149 Patris,
1892 1117 1919 1143 et
1940 1115 1993 1144 hoc
2018 1118 2059 1144 est

1216 1170 1265 1199 per
1285 1162 1408 1199 aliquam
1428 1162 1637 1199 proprietatem,
1652 1169 1724 1199 qnae
1738 1164 1780 1190 est
1795 1161 1881 1190 solius
1902 1161 1978 1190 illius
1999 1170 2060 1199 per-

1215 1216 1310 1241 sonae;
1332 1217 1386 1237 non
1409 1209 1447 1237 sic
1468 1211 1510 1237 est
1538 1209 1566 1237 in
1598 1208 1794 1242 inferioribus,
1816 1208 1888 1237 sicut
1909 1208 1965 1236 iam
1985 1211 2059 1245 pate-

1214 1256 1254 1284 bit
1267 1255 1303 1284 ¹²:
1326 1256 1387 1284 ideo
1407 1258 1482 1292 patet
1509 1255 1584 1292 quod
1605 1255 1676 1284 illud
1698 1264 1752 1284 non
1770 1255 1852 1284 valet.

1294 1302 1319 1330 3.
1341 1302 1379 1330 Ad
1401 1302 1470 1330 illud
1492 1302 1567 1339 quod
1599 1302 1745 1337 obiicitur,
1777 1302 1852 1339 quod
1878 1302 1906 1330 in
1938 1302 2058 1331 aeternis

1215 1352 1257 1378 est
1277 1349 1352 1378 idem
1373 1357 1431 1377 6336
1446 1351 1473 1377 et
1484 1357 1583 1386 posse;
1604 1342 1768 1383 diceudunf,
1791 1348 1867 1386 quod
1888 1356 1989 1377 verum
2003 1351 2057 1384 est;

1215 1396 1263 1424 sed
1284 1398 1376 1424 tamen
1398 1398 1596 1431 argumentum
1617 1395 1686 1423 nihil
1699 1395 1720 1408 ¹³
1735 1395 1816 1424 valet.
1833 1395 1965 1431 Quamvis
1984 1395 2059 1424 enim

1215 1443 1327 1471 omnino
1348 1443 1383 1471 sit
1397 1442 1471 1471 idem
1487 1442 1514 1470 in
1530 1442 1631 1471 divinis
1652 1450 1710 1472 6336
1731 1445 1758 1471 et
1773 1451 1832 1471 6336
1847 1443 1983 1476 Patrem,
2003 1450 2058 1471 non

1215 1492 1308 1518 tamen
1329 1489 1471 1526 sequitur,
1492 1488 1567 1525 quod
1589 1489 1685 1517 siesse
1706 1489 1828 1517 Patrem
1846 1492 1888 1518 est
1902 1489 2059 1526 proprium,

1215 1536 1291 1573 quod
1311 1544 1370 1564 6336
1402 1535 1437 1564 sit
1467 1535 1622 1572 proprium.
1655 1535 1786 1564 Similiter
1818 1543 1869 1564 nec
1900 1535 2004 1564 siesse
2025 1535 2060 1564 sit

1193 1612 1195 1615 ,
1214 1590 1377 1617 commune,
1399 1582 1474 1619 quod
1496 1584 1610 1619 propter
1631 1582 1683 1610 hoc
1705 1590 1764 1609 6336
1785 1582 1907 1610 Patrem
1919 1581 1946 1609 ¹⁴.
1962 1581 2060 1610 Simili-

1214 1632 1256 1657 ter
1278 1628 1429 1657 dicendum
1450 1629 1479 1657 in
1499 1628 1651 1665 proposito.

1293 1676 1320 1703 lt.
1342 1675 1380 1703 Ad
1413 1675 1480 1703 illud
1513 1675 1588 1711 quod
1619 1674 1748 1703 obiicitur
1770 1674 1804 1703 de
1830 1675 1958 1709 scientia,
1984 1675 2059 1712 quod

1215 1722 1281 1751 dicit
1302 1722 1391 1759 quid,
1413 1721 1472 1750 sive
1492 1729 1543 1758 per
1565 1729 1594 1750 se
1615 1721 1741 1755 dicatur,
1763 1720 1823 1750 sive
1844 1729 1908 1750 cum
1929 1722 1999 1756 ali03
2021 1722 2059 1750 di-

1215 1769 1351 1802 cendum,
1373 1769 1448 1806 quod
1472 1776 1525 1796 non
1546 1770 1588 1796 est
1609 1768 1699 1796 simile
1721 1768 1755 1797 de
1777 1768 1891 1797 seientia
1912 1770 1939 1797 et
1966 1770 2060 1805 poten-

1215 1815 1261 1843 tia.
1283 1815 1401 1844 Scientia
1422 1815 1512 1849 enim,
1534 1817 1671 1851 quantum
1692 1817 1734 1843 est
1756 1815 1790 1843 de
1812 1822 1856 1849 se,
1878 1814 1944 1843 dicit
1974 1814 2062 1851 quali-

1216 1864 1300 1890 tatem
1331 1861 1505 1896 absolutam,
1536 1864 1564 1890 et
1594 1861 1672 1895 ideo,
1704 1863 1841 1898 quantum
1872 1863 1914 1889 est
1946 1861 1980 1890 de
2011 1868 2056 1895 se,

1216 1916 1327 1946 semper
1350 1908 1416 1937 dicit
1437 1908 1524 1946 quid,
1546 1908 1599 1937 nisi
1621 1908 1765 1942 trahatur3
1787 1908 1836 1936 sed
1850 1908 1974 1945 potentia
1994 1908 2060 1936 dicit

1217 2049 1239 2070 in
1256 2049 1317 2070 hunc
1334 2049 1410 2070 locum
1428 2048 1497 2075 (Lect.
1516 2048 1554 2075 2.),
1573 2047 1611 2069 ubi
1629 2051 1650 2069 ct
1667 2047 1749 2069 eadem
1766 2047 1880 2070 distinctio
1897 2047 1926 2070 de
1943 2047 2015 2070 verbo
2027 2048 2061 2071 est

1216 2088 1353 2115 proponitur
1370 2090 1392 2109 et
1408 2087 1549 2114 epocatur:
1566 2087 1592 2109 Et
1610 2092 1653 2108 non
1671 2086 1754 2108 dicitur
1771 2092 1822 2108 esse
1839 2087 1943 2114 tertium,
1961 2087 2015 2115 quia
2032 2087 2062 2109 sit

1216 2127 1308 2149 tertium
1326 2126 1497 2154 praedicatum
1515 2125 1556 2147 scd
1573 2126 1627 2154 quia
1644 2128 1678 2147 est
1695 2125 1763 2147 tertia·
1776 2125 1845 2147 dictio
1863 2125 1936 2153 posita
1953 2125 1975 2146 in
1991 2131 2061 2147 enun-

1216 2166 1322 2192 tiatione,
1341 2171 1400 2193 quae
1422 2164 1489 2186 simul
1507 2170 1560 2186 cum
1578 2164 1669 2185 nomine
1687 2163 1818 2191 praedicato
1837 2164 1889 2186 tacit
1905 2169 1978 2185 unum
1995 2169 2062 2191 prae-

1216 2204 1325 2226 dicatum.

1278 2241 1287 2256 ³
1305 2242 1354 2264 Vat.
1371 2241 1540 2271 respondetur,
1559 2241 1600 2263 sed
1617 2244 1695 2263 contra
1713 2247 1767 2263 mss
1786 2243 1808 2263 et
1825 2240 1864 2263 ed.
1882 2241 1902 2262 1.

1278 2281 1288 2295 ⁹
1304 2280 1360 2303 Cod.
1378 2280 1398 2302 X
1416 2280 1479 2302 addit
1495 2286 1585 2303 verum.
1601 2292 1633 2296 —
1649 2279 1694 2302 Csr.
1713 2280 1743 2302 lit.
1761 2280 1874 2308 Magistri,
1893 2286 1911 2301 c.
1931 2280 1951 2301 2.

1279 2319 1298 2334 1⁰
1315 2320 1404 2342 Scilicet
1421 2319 1483 2341 tertia
1501 2320 1585 2347 opinio.
1603 2331 1634 2335 —
1651 2319 1743 2341 Plurimi
1762 2319 1829 2341 codd.
1847 2325 1900 2341 cum
1923 2325 1962 2341 sex
1979 2319 2061 2346 primis

1188 2360 1189 2370 ¹
1216 2358 1268 2380 edd.
1286 2359 1336 2380 loco
1352 2357 1435 2387 positio
1453 2358 1537 2380 hahent
1552 2357 1668 2387 potentia,
1688 2358 1753 2379 cuius
1778 2357 1881 2379 lectionis
1905 2363 1987 2379 sensus
2011 2359 2061 2379 est:

1217 2398 1272 2419 haec
1289 2400 1365 2419 autem
1383 2397 1494 2425 potentia,
1513 2397 1598 2419 scilicet
1620 2396 1759 2424 generandi,
1781 2397 1840 2418 iuxta
1865 2395 1982 2423 praedicta
2006 2395 2061 2417 dicit

1216 2442 1257 2458 seu
1274 2436 1373 2458 nominat
1390 2435 1446 2458 illud
1463 2435 1526 2464 quod
1543 2438 1577 2457 est
1593 2436 1614 2457 in
1633 2436 1681 2457 solo
1698 2435 1775 2463 Patre,
1795 2441 1878 2463 nempe
1898 2434 2060 2457 secunditatem

1216 2475 1338 2497 adactum
1356 2475 1515 2502 generationis.
1542 2474 1620 2496 Melius
1645 2474 1771 2501 legeretur:
1797 2474 1853 2495 hacc
1877 2476 1953 2496 autem
1979 2473 2062 2501 positio

1188 2514 1189 2533 ἶ
1216 2514 1284 2542 dicit,
1302 2514 1365 2543 quod
1383 2515 1481 2541 potentia
1499 2516 1533 2535 est
1549 2514 1570 2535 in
1588 2513 1637 2535 solo
1655 2513 1726 2535 Patre.

1279 2552 1296 2567 11
1316 2553 1460 2581 Antiquiores
1477 2558 1531 2574 mss.
1548 2555 1570 2574 et
1586 2552 1622 2574 ed.
1645 2552 1649 2573 1
1672 2555 1749 2574 contra
1771 2552 1822 2574 Vat.
1845 2555 1868 2574 et
1883 2551 1934 2573 cod.
1951 2558 1977 2574 cc
1999 2550 2063 2581 quod

1217 2598 1259 2619 pro
1276 2591 1399 2621 quomodo.

1280 2630 1298 2644 ¹²
1315 2631 1356 2652 Hic
1373 2637 1394 2658 q.
1413 2631 1434 2652 2.
1452 2630 1586 2657 pracsertim
1609 2629 1637 2651 ad
1663 2630 1684 2651 6.
1708 2632 1730 2652 et
1750 2629 1806 2652 dub.
1830 2629 1850 2651 4.
1873 2641 1904 2646 —
1921 2629 1990 2651 Paulo
2008 2631 2060 2651 ante

1219 2669 1286 2691 codd.
1304 2675 1330 2690 aa
1347 2668 1379 2690 bb
1397 2672 1448 2696 post
1462 2668 1629 2697 proprietatem
1648 2668 1736 2690 addunt
1747 2668 1835 2691 scilicet
1846 2667 2062 2691 innascibilitatem.

1280 2707 1299 2722 ¹³
1316 2708 1382 2735 Vat.‚
1400 2707 1555 2729 obnitentibus
1581 2707 1686 2735 plurimis
1711 2713 1765 2729 mss.
1790 2710 1812 2729 et
1834 2707 1870 2729 cd.
1893 2707 1917 2734 l,
1940 2712 1988 2729 non
2011 2706 2063 2728 loco'

1219 2745 1285 2768 nihil.
1745 2767 1747 2769 .

1280 2784 1298 2799 ¹⁴
1316 2785 1417 2813 Supple:
1435 2785 1461 2806 sit
1480 2790 1609 2807 commune.
1621 2797 1653 2801 —
1665 2784 1763 2806 Mutilam
1777 2785 1895 2807 lectionem
1909 2784 1958 2806 Vnt.
1976 2786 1996 2805 et
2010 2783 2060 2805 cod.

1217 2830 1255 2851 cc,
1272 2825 1294 2845 in
1307 2830 1353 2852 qua
1370 2824 1505 2845 omittuntur
1524 2823 1593 2845 verba
1611 2822 1725 2846 Similiter
1736 2830 1810 2852 usquc
1820 2823 1928 2845 Putrem..
1948 2825 2062 2844 restaura-

1192 2867 1194 2870 ’
1216 2864 1294 2885 vimus
1306 2869 1350 2890 opc
1362 2863 1459 2884 aliorum
1478 2869 1532 2884 mss.
1551 2866 1572 2884 ct
1588 2862 1624 2884 cd.
1647 2863 1664 2884 l.

2244 441 2248 454 0

2242 491 2244 498 l

2242 514 2243 517 Ἰ
2249 473 2251 503 t

2239 546 2243 567 i
2249 541 2251 555 1
