2253 3317
351 147 415 175 LXX

350 228 445 247 xenture
468 224 594 247 Cardinalis
619 224 705 247 ordinis
731 225 846 247 minorum
872 224 941 247 l'rater
966 224 1064 246 existens
1089 229 1130 252 pet·
1156 229 1192 245 1110

348 270 479 293 Com-adum
500 271 620 293 Bernhartt
641 270 670 292 de
690 269 826 298 Aicheberg,
843 269 968 292 plebanum
986 270 1008 292 in
1035 269 1124 298 Oggar,
1142 270 1192 292 licet

349 318 483 345 indignum,
501 323 561 339 anno
579 317 668 339 Domini
695 316 769 345 1460,
795 317 816 338 10
842 316 879 339 (110
902 320 979 339 sancte
1001 316 1075 339 Prisce
1096 317 1193 345 virginis

348 368 368 386 et
385 364 499 391 martyris.
518 363 565 386 Deo
583 364 675 392 gratias

410 410 487 433 Simile
500 416 559 439 opus
571 409 667 432 habetur
679 411 700 432 in
713 409 794 432 eadem
807 409 923 438 biblioth.‚
937 409 987 432 cod.
1000 409 1098 433 membr.
1112 411 1133 432 in
1147 410 1192 438 sol.,

347 463 406 479 saec.
420 457 479 479 XIV.
497 460 518 479 et
531 456 582 484 XV,
599 457 658 484 sign.
679 462 700 478 0.
719 456 792 484 8005,
810 456 916 485 pluribus
928 456 1035 479 manibus
1046 460 1130 479 exarat.
1146 457 1192 480 Fol.

351 504 399 526 135.
417 510 439 526 v.
453 503 494 526 col.
508 504 529 526 2.
542 510 616 532 usque
628 503 658 526 ad
670 503 707 526 rol.
719 503 769 526 157.
782 505 882 526 continet
893 504 969 526 titulos
984 505 1145 533 quaestionum
1157 510 1193 527 su-

348 557 389 578 per
401 550 451 573 libr.
463 550 477 572 l.
491 549 514 573 II.
526 553 549 573 et
560 550 591 572 III.
604 550 664 572 Sent.
677 556 704 572 ex
716 556 786 579 opere
797 551 868 573 saneti
880 550 1053 573 Bonaventurae
1070 553 1181 573 extractos

347 603 447 626 quorum
464 596 572 620 initium:
591 596 702 625 Incipiunt
718 597 775 620 tituli
787 598 855 625 primi
867 597 917 620 libri
933 597 1100 620 Bonaventure.
1111 597 1191 621 Finis:

346 645 440 673 Explicit
455 645 535 667 tertius
551 644 608 667 liber
624 644 831 666 Bonaventure.--

412 690 515 714 Tandem
534 690 676 714 mentione-m
696 689 799 719 fitcimtts
818 690 935 720 sequentis
955 689 1075 720 opusculi,
1099 690 1122 713 in
1145 696 1192 721 quo

344 737 416 767 plura
434 738 546 766 excerpta
566 736 726 767 qaaestionem
743 736 867 766 specialem
879 736 1007 760 tractantia
1019 743 1050 760 esc
1061 736 1191 767 Seraphim

347 784 445 807 Doctore
462 783 610 807 exhibentur.

409 830 445 852 52.
464 829 599 859 Carolopoli
611 829 766 859 (Chai-lewine)
780 831 801 852 in
813 830 890 859 Gallia,
903 829 1006 853 biblioth.
1018 829 1127 858 Civitatis,
1140 829 1190 852 cod.

346 876 443 899 membr.
461 877 483 899 in
502 876 522 905 4,
550 882 608 899 sace.
634 876 700 905 xw,
726 877 783 905 sign.
802 883 823 899 n.
847 876 888 905 47,
913 877 1012 899 continet
1033 879 1139 905 excerpta
1165 883 1192 899 ex

346 924 403 946 libro
420 923 455 945 lv.
473 922 643 946 Commentarii.
654 935 687 940 —
698 923 759 951 Item,
772 922 852 946 Leodii
861 924 883 945 in
901 923 991 951 Belgio,
1004 922 1107 945 biblioth.
1119 922 1192 945 Semi-

346 970 401 992 narii
419 970 524 997 maioris,
542 969 593 992 cod.
611 970 681 991 chart.
699 970 721 991 in
741 968 761 997 4,
779 974 838 991 saec.
857 968 907 996 XV,
924 969 984 996 sign.
1003 969 1023 991 6.
1042 975 1064 996 g.
1083 969 1119 990 23.

408 1016 444 1038 53.
467 1015 643 1044 lI'ratisIaviae,
663 1015 766 1038 biblioth.
780 1015 944 1043 Unixcrsitatis,
961 1015 1012 1037 cod.
1031 1016 1114 1043 chart.,
1132 1021 1191 1038 saec.

347 1063 401 1089 XV,
427 1064 485 1090 sign.
507 1063 525 1085 1.
543 1063 596 1085 clas.
614 1066 656 1085 oct.
680 1062 712 1084 13.
730 1062 775 1084 Fol.
798 1062 815 1084 t.
833 1068 850 1084 r.
877 1061 970 1091 incipit:
995 1062 1107 1090 prologus
1125 1062 1193 1091 Magi-

346 1110 385 1131 stri
403 1109 483 1131 >llatliic
495 1109 523 1131 (10
539 1109 613 1131 Ianaw
625 1115 696 1137 super
715 1108 806 1131 xxvm
823 1108 930 1131 doctores
947 1115 990 1136 pro
1007 1109 1139 1138 quotidiana
1152 1115 1192 1131 seu

344 1155 425 1178 erebra
442 1156 604 1178 communione
621 1156 726 1183 corporis
742 1154 824 1178 Christi
841 1162 853 1177 a
871 1154 959 1183 plebeis
975 1156 1110 1178 christianis.
1128 1156 1193 1178 Anno

345 1202 434 1224 Domini
456 1201 520 1223 1-160.
534 1201 578 1224 Fol.
592 1201 628 1223 25.
646 1208 680 1224 v.:
693 1201 855 1224 θεῖοι-01103110
867 1202 950 1224 Vener.
963 1202 1062 1230 Magistri
1074 1202 1194 1224 Bonaven·

345 1251 401 1271 ture.
418 1261 450 1265 -
467 1249 529 1277 item,
547 1247 646 1277 ibidem,
666 1248 770 1271 biblioth.
787 1248 899 1276 Civitatis,
918 1249 968 1271 cod.
987 1249 1085 1272 membr.
1103 1250 1124 1271 in
1143 1250 1193 1278 l'ol.,

345 1301 403 1317 saec.
418 1295 471 1323 XV,
483 1295 542 1323 sign.
561 1295 574 1317 I.
593 1296 614 1317 9.
631 1307 663 1311 —
680 1295 742 1324 Item,
756 1294 852 1323 ibidem,
865 1294 968 1318 biblioth.
978 1294 1129 1324 Cathedralis,
1142 1295 1192 1318 cod.

345 1343 415 1364 ‹hai-t.
426 1343 447 1364 in
464 1341 481 1369 i,
494 1348 553 1364 saec.
566 1341 616 1369 XV,
629 1342 688 1370 sign.
705 1342 731 1364 D.
750 1342 781 1364 III.
803 1342 820 1364 l.
838 1341 921 1371 Incipit
937 1342 974 1364 101.
997 1341 1046 1364 144.
1059 1343 1193 1371 1·.-110111,

349 1387 509 1418 Vinzdobonae,
521 1388 625 1411 bIinoth.
638 1389 748 1417 Palatina,
761 1389 812 1412 eod.
826 1395 868 1412 ms.
881 1390 952 1412 chart.
965 1391 987 1411 in
1000 1390 1049 1418 sol.,
1062 1396 1121 1412 saec.
1143 1390 1193 1418 XV,

345 1437 403 1463 sign.
422 1435 489 1464 Ἰ1363,
507 1435 551 1458 sub
568 1436 612 1458 tine
624 1442 669 1458 una
687 1442 741 1459 cum
759 1436 988 1459 determinationibus
1000 1436 1029 1459 (10
1046 1437 1193 1460 Sacramento

345 1482 499 1504 I‘oonitentiae
516 1488 542 1504 ex
560 1482 596 1504 lv.
614 1482 783 1505 Sententiarum
801 1483 871 1505 sancti
890 1483 1071 1506 Bonarenturae.
1082 1495 1116 1499 —
1127 1483 1194 1512 item,

346 1529 441 1552 Graecil
456 1530 478 1551 in
496 1530 561 1552 Stiria
570 1547 575 1557 ‚
593 1529 696 1552 biblioth.
715 1530 880 1558 Universitatis,
893 1529 944 1552 cod.
957 1530 1028 1552 chart.
1041 1531 1062 1552 in
1075 1530 1120 1558 sol.,
1134 1536 1192 1552 saec.

344 1575 399 1604 XV,
412 1576 470 1604 sign.
489 1575 542 1605 347,
560 1579 611 1604 post
629 1575 741 1604 medium,
763 1579 785 1598 et
802 1576 853 1598 cod.
871 1576 942 1599 chart.
960 1577 983 1598 in
1000 1576 1045 1605 sot,
1065 1582 1124 1599 saec.
1143 1577 1193 1605 XV,

345 1624 402 1650 sign.
417 1622 468 1644 492.
484 1623 570 1645 similes
587 1622 672 1646 habent
689 1622 896 1646 determinationes
913 1629 940 1645 ex
957 1623 1040 1646 eodem
1053 1623 1110 1646 libro
1123 1625 1193 1646 sancti

346 1669 527 1691 ssonnventurae.

407 1716 446 1738 His
462 1716 579 1744 opusculis
595 1715 759 1743 subiungimus
775 1716 895 1744 antiquum
913 1716 1012 1738 indicem
1031 1716 1147 1744 locorum,
1171 1717 1192 1738 in

344 1762 429 1791 quibus
446 1762 583 1785 dissentiunt
594 1763 615 1784 S.
629 1762 731 1784 Thomas
748 1766 769 1785 et
781 1762 803 1784 S.
815 1762 982 1785 Bonaventura.
996 1760 1112 1785 Licet'hoc
1125 1763 1194 1785 docu-

344 1813 446 1832 mentum
464 1810 518 1832 nihil
536 1810 661 1837 contineat,
679 1809 742 1838 quod
759 1815 804 1831 non
822 1810 850 1832 sit
867 1812 1025 1837 compertum,
1043 1813 1118 1832 tamen
1131 1809 1193 1832 haud

345 1857 459 1884 ingratum
477 1856 525 1878 fore
542 1855 681 1878 confidimus
697 1856 836 1885 antiquitatis
853 1856 990 1879 amantibus,
1009 1856 1125 1879 Invenitur
1145 1860 1192 1879 tum

344 1903 442 1930 Romae,
459 1902 562 1924 biblioth.
580 1902 749 1931 Burghesiana,
768 1902 818 1925 cod.
832 1902 929 1925 membr.
943 1904 964 1924 in
977 1903 1027 1931 ioh,
1040 1904 1124 1925 saeculi
1137 1903 1192 1925 xm.

344 1950 446 1971 exeuntis
457 1949 493 1971 vel
506 1949 565 1971 XIV.
583 1950 693 1977 ineuntis,
706 1950 764 1977 sign.
786 1949 831 1977 ta..
849 1953 871 1971 et
881 1948 1019 1979 Lunebarqi
1029 1950 1051 1971 in
1064 1950 1192 1979 Germania,

344 1995 446 2018 biblioth.
459 1995 568 2024 Civitatis,
581 1996 631 2018 eod.
644 1996 742 2019 membr.
755 1997 777 2018 in
790 1996 835 2023 sol„
848 2003 907 2019 saec.
920 1996 976 2019 XIII.
988 1998 1025 2019 vel
1038 1997 1098 2020 xlv.
1116 1998 1193 2020 ineun-

344 2043 378 2069 tis.
396 2043 454 2070 sign.
475 2041 551 2065 Tlteol.
569 2041 607 2067 20
623 2042 648 2065 in
664 2042 704 2071 sol.
724 2043 821 2065 Textum
842 2043 978 2066 exhibemus
995 2044 1123 2066 seeundum
1141 2044 1192 2067 cod.

345 2089 540 2117 Borghesianum,
558 2089 652 2111 adiectis
670 2090 726 2111 intra
739 2090 835 2111 uncinos
846 2089 938 2112 alterius
956 2089 1041 2111 codicis
1058 2089 1193 2112 lectionibus

344 2134 493 2163 variantibus,
510 2141 570 2163 quae
586 2138 639 2157 sunt
655 2135 751 2157 alicuius
769 2136 885 2157 momenti.

407 2228 467 2250 Haec
484 2231 537 2250 sunt
553 2228 614 2256 loca,
628 2228 649 2250 in
662 2227 748 2256 quibus
760 2228 896 2250 dissentiunt
912 2228 981 2250 irater
994 2228 1153 2251 Bonaventura
1171 2233 1193 2251 et

345 2276 413 2298 frater
431 2275 532 2297 Thomas
549 2275 571 2296 in
589 2275 665 2303 primo
684 2274 742 2297 libro
759 2280 829 2302 super
846 2275 973 2297 Sententias
991 2275 1027 2303 [In
1051 2276 1086 2298 his
1107 2275 1192 2298 dissen-

344 2323 401 2344 tiant
418 2322 520 2344 Thomas
537 2318 564 2344 et'
576 2322 736 2344 Bonaventura
754 2327 825 2349 super
843 2321 971 2350 Primum.].

411 2369 428 2391 l.
446 2369 527 2391 Utrum
544 2368 657 2397 theologia
669 2369 697 2390 sit
714 2369 805 2391 seientia
824 2368 972 2396 speculativa,
989 2368 1025 2390 vel
1044 2369 1150 2396 practica,
1169 2369 1190 2391 in

345 2416 449 2443 prologo.

408 2463 428 2484 2.
446 2462 526 2484 Utrum
544 2462 604 2484 malo
621 2462 737 2490 contingat
754 2462 793 2489 uti,
811 2462 885 2489 prima
902 2461 924 2484 d.

408 2509 428 2531 3.
447 2509 527 2531 Utrum
539 2509 652 2537 potentiae
665 2509 754 2531 animae
765 2509 810 2531 sint
820 2509 840 2531 ei
853 2508 1025 2536 substantiales,
1040 2508 1076 2530 vel
1089 2508 1192 2530 acciden-

345 2557 407 2583 tales,
427 2555 448 2577 d.
467 2556 488 2577 3.

408 2601 428 2623 4.
447 2601 526 2623 Utrum
539 2602 638 2629 potentia
651 2600 776 2628 generandi
789 2601 849 2623 dicat
859 2599 923 2630 quid,
938 2601 973 2623 vel
983 2600 1015 2623 ad
1023 2599 1121 2630 aliquid,
1133 2601 1155 2623 d.
1168 2601 1190 2624 7.

407 2647 428 2668 5.
446 2647 526 2669 Utrum
544 2647 642 2675 potentia
661 2646 786 2674 generandi
804 2650 826 2669 et
842 2647 934 2669 creandi
952 2647 1057 2670 dicantur
1083 2648 1190 2676 univoce,

346 2694 380 2715 wi
400 2694 544 2722 [aequivoce,
562 2693 599 2721 et]
617 2699 676 2722 quae
697 2699 739 2721 per
756 2694 827 2721 prius,
845 2693 868 2715 d.
886 2693 907 2715 7.

408 2741 429 2762 6.
447 2740 527 2762 Utrum
544 2741 601 2762 ratio
618 2740 707 2768 vestigii
725 2741 753 2763 sit
769 2741 791 2762 in
810 2739 987 2762 accidentalibus
1003 2739 1189 2769 [accidentibus]

346 2789 380 2810 tel
399 2789 473 2810 solum
492 2789 513 2810 in
525 2787 713 2810 substantialibus
732 2787 781 2816 [vel
800 2788 821 2809 in
834 2787 993 2816 substantiis],
1011 2787 1034 2810 d.
1047 2788 1067 2810 3.
1080 2788 1102 2810 in
1120 2788 1191 2810 Bona-

345 2838 440 2856 ventura
459 2834 518 2855 circa
536 2834 645 2861 litteram,
664 2833 685 2855 in
704 2833 793 2855 Thoma
812 2832 833 2855 d.
852 2833 872 2855 3.

408 2880 428 2901 7.
447 2880 526 2902 Utrum
544 2879 640 2907 modus,
658 2880 746 2907 species
762 2883 784 2902 et
801 2879 859 2901 ordo
881 2882 903 2901 et
925 2882 998 2901 cetera
1021 2879 1072 2901 talia
1097 2880 1141 2902 sint
1158 2886 1191 2902 es<

345 2927 445 2949 sentialia
462 2928 484 2948 in
497 2927 611 2953 ,creaturis
627 2926 663 2947 rel
681 2925 835 2953 accidentalia,
853 2925 876 2947 d.
894 2926 915 2947 3.
933 2926 955 2947 in
973 2926 1144 2954 Bonaventura,
1168 2927 1189 2949 in

1100 143 1342 174 PROLEGOMENA

1249 223 1360 246 solutione
1377 224 1436 246 illius
1452 225 1591 253 quaestionis
1609 225 1780 254 [argumentilz
1803 227 1886 249 utram
1907 226 2022 255 potentiae
2044 226 2094 249 am‘-

1249 275 1301 292 mae
1317 269 1364 292 sint
1380 269 1402 292 ei
1418 270 1495 298 [deest
1512 270 1545 299 ei]
1562 270 1736 294 substantiales.

1312 316 1333 338 8.
1352 316 1431 339 Utrum
1449 318 1524 340 anima
1542 319 1657 341 rationalis
1665 319 1694 341 sit
1703 320 1829 347 composita
1838 325 1865 342 ex
1875 320 1968 342 materia
1978 322 2000 342 ct
2011 320 2092 348 forma,

1249 362 1271 385 d.
1290 363 1311 385 8.
1328 363 1488 386 Bonax'entura
1504 365 1548 393 sie,
1568 364 1669 387 Thomas
1681 372 1725 388 non
1744 365 1830 394 [verba
1847 368 1906 394 post.
1919 366 1941 388 d.
1955 366 1975 388 Β.
1988 366 2095 394 (10511011,

1312 410 1333 432 9.
1352 410 1432 432 Utrum
1450 411 1567 438 generatio
1578 414 1600 434 et
1617 412 1733 439 processio
1747 411 1851 434 dicantur
1868 411 1897 434 dc
1914 412 1999 440 Spiritu
2011 412 2096 434 Sancto

1248 459 1271 479 et
1287 462 1332 479 non
1350 456 1378 479 de
1395 457 1457 485 Filio,
1475 457 1497 480 d.
1516 458 1552 480 13.

1316 504 1349 525 to.
1368 503 1447 526 Utrum
1464 505 1546 527 caritas
1562 509 1675 533 augeatur
1691 511 1733 533 per
1749 504 1889 527 additionem
1907 505 1943 527 vel
1965 503 2094 532 depuratio-

1249 556 1309 578 nem,
1328 550 1349 572 d.
1370 550 1402 573 I7.

1315 597 1348 619 II.
1366 597 1446 619 Utrum
1464 600 1614 625 augmentum
1632 597 1730 620 caritatis
1746 597 1829 620 habeat
1841 598 1972 626 terminum,
1990 597 2012 620 (1.
2026 597 2061 620 17.

1315 644 1348 665 12.
1366 644 1446 666 Utrum
1463 644 1551 667 donum
1569 644 1657 667 dicatur
1674 646 1762 666 tantum
1779 644 1935 672 personaliter,
1952 643 1975 666 d.
1994 644 2030 666 18.

1313 690 1348 713 13.
1366 690 1398 713 De
1415 690 1540 713 differentia
1564 691 1622 713 inter
1638 691 1772 719 essentiam,
1787 688 1959 713 subsistentiam
1978 689 2094 719 [substan-

1248 737 1325 766 tiam],
1343 738 1486 766 hypostasim
1503 741 1526 761 et
1542 744 1673 766 personam,
1692 738 1713 760 d.
1733 738 1769 760 23.

1314 783 1347 806 14.
1366 783 1446 806 Utrum
1470 784 1514 806 hoc
1538 789 1621 806 nomen
1646 789 1711 806 *uitas
1728 783 1816 806 dicatur
1837 783 1943 811 positive,
1960 783 1996 805 vel
2019 783 2096 810 priva—

1249 831 1302 858 tive,
1319 830 1341 853 d.
1360 829 1397 852 24.

1315 876 1348 899 ¹5.
1367 876 1447 899 Utrum
1465 877 1509 899 hoc
1531 882 1614 899 nomen
1632 882 1735 906 persona
1751 876 1864 905 significet
1880 875 2039 904 substantiam,
2057 876 2095 898 vel

1248 922 1389 950 relationem,
1407 922 1429 944 d.
1448 922 1484 944 25.
1502 923 1524 945 10
1542 922 1714 950 Bonaventura,
1732 923 1754 944 in
1772 923 1861 945 Thoma
1879 922 1902 945 d.
1920 922 1957 944 23.

1316 970 1348 992 16.
1361 970 1441 992 Utrum
1454 976 1551 998 persona
1562 970 1590 992 sit
1601 976 1684 992 nomen
1697 976 1820 992 commune
1832 971 1855 991 in
1866 969 1961 997 divinis,
1974 968 2094 991 diversitas

1248 1017 1270 1039 in
1288 1017 1358 1039 modo
1375 1017 1513 1046 quantitatis,
1532 1016 1553 1039 d.
1572 1016 1608 1039 25.
1626 1018 1648 1039 in
1666 1017 1837 1043 Bonaventura‚
1855 1016 1892 1039 26.
1909 1017 1932 1038 in
1950 1016 2046 1038 Thoma.

1316 1063 1350 1086 I7.
1367 1063 1448 1085 Utrum
1466 1063 1531 1086 Pater
1548 1064 1576 1086 sit
1593 1063 1657 1086 Pater
1674 1064 1727 1092 quia
1745 1065 1850 1091 generat,
1872 1062 1908 1085 vel
1930 1064 2025 1090 generat
2041 1061 2097 1090 quia

1249 1109 1321 1138 Pater,
1339 1109 1361 1132 d.
1379 1110 1416 1132 27.
1434 1110 1456 1132 in
1473 1110 1644 1138 Bonaventura,
1662 1110 1699 1132 26.
1716 1110 1737 1131 in
1757 1109 1853 1131 Thoma.

1316 1156 1350 1179 18.
1360 1156 1440 1179 Utrum
1450 1155 1550 1179 verbum
1563 1157 1584 1178 in
1597 1156 1681 1178 divinis
1693 1156 1781 1178 dicatur
1798 1161 1891 1184 sempor
1909 1155 1984 1184 [deest
1995 1155 2097 1184 semper]

1250 1203 1405 1231 personaliter,
1423 1203 1446 1226 d.
1464 1203 1500 1226 27.

1316 1251 1350 1272 19.
1368 1250 1448 1273 Utrum
1466 1250 1590 1280 aequalitas
1608 1250 1629 1272 in
1647 1250 1731 1272 divinis
1748 1249 1834 1278 aliquid
1852 1252 1929 1277 ponat.
1946 1248 1969 1271 d.
1987 1249 2024 1271 3I.

1314 1298 1350 1320 20.
1368 1297 1448 1319 Utrum
1466 1297 1531 1320 Pater
1547 1297 1627 1325 diligat
1643 1303 1667 1319 se
1684 1297 1769 1325 Spiritu
1787 1297 1877 1325 Sancto,
1893 1296 1915 1319 d.
1934 1296 1970 1318 32.

1314 1344 1350 1366 2I.
1368 1344 1448 1366 Utrum
1466 1344 1546 1372 Angeli
1563 1344 1608 1366 sint
1624 1344 1646 1365 in
1664 1344 1714 1365 loco
1737 1343 1853 1365 definitive
1881 1343 1955 1371 [deest
1971 1341 2099 1373 definitive]

1250 1394 1273 1414 et
1288 1391 1407 1420 quomodo
1425 1391 1548 1419 definitive,
1565 1390 1588 1412 d.
1606 1390 1642 1412 37.

1314 1438 1350 1459 22.
1368 1437 1449 1460 Utrum
1461 1437 1563 1465 Angelus
1575 1436 1691 1459 movendo
1704 1443 1728 1459 se
1745 1436 1774 1459 de
1786 1437 1835 1459 1000
1854 1436 1932 1465 [deest
1948 1435 2013 1464 loco]
2024 1436 2053 1458 ad
2066 1436 2099 1458 lo-

1250 1490 1316 1512 cum,
1335 1487 1476 1512 pertranseat
1494 1483 1600 1513 [additur
1617 1482 1759 1511 necessario]
1778 1483 1889 1511 medium,
1907 1482 1930 1505 d.
1949 1483 1985 1505 37.

1314 1530 1350 1552 23.
1368 1530 1449 1552 Utrum
1466 1530 1567 1558 Angelus
1584 1532 1724 1558 pertranseat
1741 1528 1843 1551 medium
1861 1528 1945 1557 subito,
1961 1529 2099 1551 1015110005>

1250 1577 1307 1604 sive,
1325 1575 1347 1598 d.
1363 1576 1399 1598 37.

1314 1622 1350 1645 24.
1368 1623 1447 1645 Utrum
1470 1622 1607 1645 antecedens
1628 1623 1693 1645 istius
1717 1622 1887 1645 conditionalis:
1906 1621 1934 1645 Sz'
1950 1622 2012 1645 Deus
2028 1628 2099 1652 prae-

1249 1669 1327 1698 scivit,
1347 1675 1403 1700 erqo
1420 1669 1477 1698 erit,
1496 1671 1525 1692 sit
1541 1670 1677 1698 contingens
1694 1670 1730 1692 vel
1748 1670 1911 1698 necessarium,
1929 1669 1951 1692 d.
1970 1669 2006 1691 38.

1312 1764 1326 1793 <g
1348 1763 1371 1786 7.
1393 1763 1473 1786 Etiam
1495 1762 1551 1786 libri
1574 1762 1634 1793 typis
1656 1762 1765 1786 amadati
1785 1768 1834 1786 non
1848 1761 1944 1791 desunt,
1967 1762 2009 1792 qai
2029 1762 2098 1786 Com-

1409 1810 1421 1817 w

1249 1810 1380 1833 vitamarias
1402 1813 1426 1833 ὸ.
1453 1810 1636 1833 Bonaveaturae
1660 1809 1717 1832 data
1741 1815 1814 1839 opera
1841 1808 1963 1839 empta-ant
1986 1809 2023 1833 vel
2046 1809 2099 1833 eius

1249 1857 1383 1881 doctrinam
1401 1856 1506 1880 tradunt.
1523 1857 1608 1880 Eorum
1620 1858 1659 1886 qui
1677 1856 1744 1880 nobis
1760 1858 1908 1879 innotuerunt
1923 1856 2045 1879 elenchum
2061 1857 2097 1879 hic

1249 1905 1394 1928 exhibemus.

1314 1953 1334 1975 I.
1353 1952 1486 1976 Gulielmus
1500 1951 1644 1982 Vorz'lonqas
1656 1951 1724 1980 (alias
1734 1951 1871 1979 Vurrilonis,
1885 1950 2003 1979 Vorlion),
2016 1950 2099 1973 doctor

1249 1999 1393 2027 Parisiensis,
1406 1999 1506 2026 scripsit:
1526 1998 1547 2020 10
1560 2000 1659 2027 quatuor
1675 1997 1746 2019 libros
1757 1997 1925 2019 Sententiarum
1943 1998 2003 2019 iuxta
2015 1997 2097 2019 doctri-

1249 2051 1302 2067 nam
1325 2045 1347 2067 S.
1364 2045 1549 2067 Bonaventurare
1571 2048 1593 2066 et
1617 2044 1683 2065 Scoti.
1701 2043 1808 2071 Lugduni
1838 2042 1912 2071 Ἰ1484,
1938 2043 1987 2071 101.;
2009 2042 2097 2065 ibidem

1253 2091 1323 2120 1489,
1341 2092 1378 2114 sol.
1397 2091 1522 2118 (Iohannes
1534 2089 1668 2118 Trechsel);
1687 2090 1777 2112 Parisiis
1791 2089 1865 2117 *I5033
1883 2090 1985 2112 Venetiis
2006 2089 2062 2112 1496
2075 2093 2097 2112 et

1250 2138 1309 2160 1519
1327 2138 1386 2163 (loh.
1404 2137 1433 2160 de
1449 2137 1552 2165 Leucho,
1569 2137 1680 2164 impensis
1696 2136 1773 2158 Lazari
1794 2135 1824 2158 de
1840 2135 1956 2164 Soardis).
1974 2136 2040 2158 Tanti
2057 2136 2098 2158 ha-

1248 2184 1347 2206 bebatur
1362 2184 1412 2206 eius
1429 2183 1544 2211 doctrina,
1562 2185 1588 2205 ut
1603 2188 1656 2205 cum
1674 2182 1830 2204 controversia
1843 2182 1872 2204 de
1889 2182 2002 2210 sanguIne
2014 2181 2098 2204 Christi

1248 2237 1326 2253 eoram
1343 2231 1440 2253 Summo
1463 2230 1569 2252 Pontifice
1591 2229 1629 2251 Pio
1647 2229 1671 2251 II.
1688 2230 1746 2251 inter
1768 2229 1865 2252 Minores
1882 2232 1904 2251 et
1926 2229 2097 2252 Praedicatores

1248 2277 1414 2305 disputaretur,
1426 2283 1439 2299 a
1451 2277 1551 2299 Ministro
1563 2277 1666 2299 Generali
1680 2282 1707 2298 ex
1718 2276 1788 2298 Gallia
1800 2279 1897 2298 vocatus
1908 2276 1976 2299 fuerit
1986 2276 2096 2304 Romam,

1249 2327 1273 2346 ut
1289 2324 1423 2346 sententiam
1440 2324 1552 2345 lIIinorum
1571 2323 1710 2345 detenderet.
1728 2323 1761 2345 De
1777 2329 1805 2345 eo
1823 2323 1886 2352 quod
1903 2329 1922 2345 a.
1939 2322 1996 2345 1460
2013 2329 2100 2351 passus

1248 2371 1287 2399 sit,
1300 2371 1400 2400 loquitur
1416 2370 1511 2398 epistola
1524 2370 1581 2392 Petri
1593 2369 1734 2392 Chambonis
1746 2370 1767 2391 in
1780 2369 1838 2392 libro
1849 2369 2014 2392 Firmamenta
2026 2370 2095 2392 trium

1248 2417 1360 2439 Ordinum
1380 2416 1401 2438 S.
1422 2416 1545 2444 Francisci,
1559 2416 1580 2438 Ρ.
1593 2416 1629 2438 IV.
1641 2416 1701 2438 circa
1713 2415 1794 2444 finem,
1807 2415 1852 2443 (ed.
1864 2415 1933 2438 Paris.
1951 2416 2023 2444 1512).
2036 2415 2097 2438 Obiit

1249 2463 1335 2485 Romae
1346 2470 1366 2485 a.
1382 2462 1450 2491 1464,
1468 2463 1572 2490 sepultus
1584 2462 1612 2484 ad
1625 2463 1693 2484 Aram
1706 2461 1774 2485 Caeli.
1786 2462 1808 2484 ln
1829 2463 1871 2485 isto
1888 2464 1963 2484 tamen
1976 2461 2099 2485 Commen-

1249 2510 1305 2531 tario
1322 2509 1383 2531 Scoti
1400 2509 1546 2537 potissimum
1565 2508 1692 2531 doctrinam
1710 2511 1816 2531 sectatur.

1312 2556 1332 2577 2.
1345 2554 1479 2584 Stephanus
1492 2554 1599 2584 Bruliser
1611 2555 1739 2583 (Brulever)
1756 2554 1848 2577 Ordinis
1868 2555 1992 2583 mulorum,
2005 2555 2097 2583 scripsit

1248 2602 1370 2630 Reportata
1388 2602 1410 2623 in
1427 2601 1464 2623 IV.
1481 2601 1552 2623 libros
1569 2601 1591 2623 S.
1604 2601 1785 2623 Bonaventurae.
1799 2601 1871 2623 Patria
1889 2601 1931 2623 suit
1947 2600 2097 2623 Maelofiensis

1247 2649 1269 2670 in
1294 2648 1407 2670 Britannia
1423 2648 1555 2676 Armorica,
1578 2647 1658 2670 doctor
1680 2647 1825 2675 Parisiensis,
1848 2647 1953 2669 Gulielmi
1978 2647 2095 2675 Vorilongi

1247 2695 1338 2717 auditor
1355 2697 1377 2716 et
1394 2700 1436 2723 per
1452 2695 1539 2723 aliquot
1555 2700 1627 2716 annos
1643 2697 1718 2716 rector
1729 2693 1798 2716 studii
1816 2694 1837 2715 in
1850 2696 1964 2716 conventu
1982 2693 2096 2715 Minorum

1247 2741 1392 2769 Moguntino,
1410 2741 1511 2768 plurium
1523 2739 1635 2762 libroruin
1653 2744 1743 2768 auctor,
1761 2746 1820 2769 quos
1831 2742 1967 2762 enumerant
1983 2739 2098 2761 Waddin-

1247 2794 1291 2816 gus
1308 2791 1330 2810 et
1341 2787 1455 2810 Sbaralea.
1472 2787 1574 2809 Mortuus
1585 2790 1619 2809 est
1635 2788 1693 2809 circa
1711 2793 1797 2809 annum
1811 2786 1878 2809 1499.
1895 2787 1997 2808 Primum
2009 2785 2094 2808 librum

1247 2833 1409 2856 Commentarii
1419 2834 1610 2856 Bonaxenturiani
1620 2833 1749 2862 Moguntiae
1758 2833 1923 2856 elucidavitan.
1935 2831 1999 2860 149ος
2012 2832 2095 2854 deinde

1247 2879 1342 2902 brevius
1359 2879 1499 2907 secundum,
1517 2880 1608 2902 tertium
1621 2882 1641 2901 et
1659 2882 1767 2908 quartum
1784 2879 1854 2901 Meas.
1867 2879 1919 2901 Post
1935 2879 1984 2900 eius
1995 2881 2094 2900 mortem

1248 2926 1343 2955 quidam
1355 2926 1404 2948 eius
1417 2925 1566 2954 discipilum,
1579 2931 1638 2954 quac
1650 2931 1676 2947 ex
1690 2931 1729 2948 ore
1741 2926 1814 2953 ipsius
1822 2926 1844 2947 in
1857 2925 1940 2947 scholis
1951 2926 2096 2951 exceperant,
