2253 3317
326 158 402 186 XLIV
1053 157 1156 186 ΒΗΜΛ
1179 156 1263 185 SlXTl
1286 157 1327 185 [V.

325 247 405 269 rum
433 234 646 269 infidelium
673 238 709 268 et
735 233 1006 268 haereticorum
1032 238 1182 268 tueatur
1198 233 1412 269 incursibus
1434 239 1471 269 et
1487 248 1509 269 a
1538 235 1717 282 periculis
1748 237 1894 271 cunctis
1920 250 2069 284 semper

324 297 499 339 protegat
523 305 566 327 ac
592 292 790 337 defendat,
822 297 860 326 ct
897 291 1005 326 illam
1050 304 1165 339 quam
1190 292 1300 327 nobis
1338 293 1503 328 muudus
1541 293 1627 328 (lare
1665 307 1745 329 non·
1766 299 1891 341 potest
1916 308 2065 342 pacem,

324 351 490 386 hostium
517 351 687 386 onmium
712 350 863 385 sublata
893 350 1111 396 formidine,
1143 351 1252 386 firma
1285 364 1372 386 cum
1404 352 1679 399 tranquillitate
1710 353 1908 400 concedat3
1949 359 2066 401 utque

324 414 410 456 post
434 410 547 444 huius
574 410 673 444 vitae
699 409 876 443 militiam
909 409 1198 456 depositumque
1224 410 1423 456 pastoralis
1448 410 1562 445 officii
1580 411 1846 458 ministerium,
1875 425 1951 447 una
1980 425 2066 447 cum

324 481 438 514 grege
464 468 574 503 nobis
601 468 757 513 credito,
784 468 831 502 ad
858 468 1087 514 sempiterna
1113 468 1266 503 tandem
1292 468 1431 515 gaudia
1456 470 1651 515 pervenire
1677 483 1895 505 mereamur.

418 527 437 573 ξ
463 527 519 562 25.
546 526 719 573 Demum,
748 527 837 573 quia
862 526 1016 561 difficile
1035 526 1133 561 foret
1150 526 1294 562 litteras
1312 527 1515 573 originales
1532 532 1746 574 praesentes
1764 528 1811 563 ad
1829 529 2068 564 uniuscuius-

325 598 397 632 que
423 586 597 620 notitiam
624 585 778 632 deferri,
806 585 983 621 volumus
1015 598 1058 620 ac
1084 585 1336 631 decernimus,
1364 586 1465 633 quod
1492 599 1620 621 earum
1652 588 1887 634 transumtis,
1922 587 1987 622 sed
2021 588 2068 623 si-

324 644 419 691 gillo
446 644 640 680 Generalis
666 644 829 679 Ministri
856 643 1008 680 Ordinis
1033 644 1215 679 antedicti
1242 649 1279 679 et
1305 644 1480 679 manibus
1505 645 1665 680 duorum
1690 646 1919 681 notariorum
1941 646 2067 693 publi-

325 716 453 739 corum
480 703 606 738 debite
632 703 874 751 subscriptis,
901 703 995 738 fides
1012 703 1236 738 adhibeatur
1262 703 1420 738 indubia
1445 704 1485 738 in
1511 704 1689 739 omnibus
1714 709 1751 739 et
1776 717 1843 751 per
1868 706 2004 751 omnia,
2031 710 2068 740 et

324 763 401 797 illis
427 763 569 810 ubique
608 768 744 806 stetur,
784 776 826 797 ae
865 763 895 798 si
934 762 1137 809 originales
1176 762 1322 797 litterae
1361 762 1578 798 huiusmodi
1617 768 1740 798 essent
1777 763 1967 799 exhibitae
2006 765 2066 799 vel

323 827 503 857 ostensae.

418 879 524 915 Nulli
551 893 640 926 ergo
667 881 820 915 omnino
859 881 1056 915 hominum
1094 879 1206 915 liceat
1243 880 1340 914 hanc
1378 880 1558 926 paginam
1583 885 1731 915 nostrae
1769 881 2065 927 constitutionis,

323 939 580 986 ascriptionis,
606 940 908 985 aggregationis,
936 939 1084 984 statuti,
1111 938 1297 984 mandati,
1326 939 1591 985 concessionis,
1618 938 1872 986 relaxationis,
1900 939 2067 986 largitio-

324 999 397 1041 nis,
424 999 681 1044 assumtionis,
720 998 1057 1043 annumerationis,
1098 997 1317 1032 monitionis
1353 1010 1397 1032 ac
1435 997 1643 1032 voluntatis
1680 997 1905 1045 infringere,
1938 998 1999 1033 vel
2033 999 2064 1033 ei

323 1069 416 1092 ausu
442 1058 638 1091 temerario
656 1057 859 1091 contraire.
887 1055 925 1091 Si
952 1056 1037 1103 quis
1062 1060 1187 1091 autem
1218 1056 1289 1090 hoc
1314 1060 1499 1090 attentare
1528 1056 1806 1103 praesumserit,
1839 1056 2067 1103 indignatio-

323 1129 409 1150 nem
437 1116 708 1162 omnipotentis
734 1115 803 1150 Dei
829 1128 872 1150 ac
899 1115 1095 1150 beatorum
1120 1114 1221 1149 Petri
1248 1120 1285 1149 et
1311 1114 1413 1149 Pauli
1439 1114 1709 1162 Apostolorum
1746 1115 1826 1149 eius
1856 1127 1894 1150 se
1920 1115 2067 1151 noverit

323 1175 571 1209 incursurum.

417 1291 558 1327 Datum
583 1292 723 1327 Romae
749 1292 850 1339 apud
878 1291 1059 1327 Sanctum
1085 1291 1257 1337 Petrum,
1283 1304 1382 1326 anno
1408 1291 1683 1326 Incarnationis
1709 1291 1919 1325 dominicae
1946 1290 2066 1325 mille-

323 1351 418 1386 simo
443 1351 815 1398 quadringentesimo
841 1351 1098 1397 octuagesimo
1124 1351 1304 1395 secundo,
1333 1351 1480 1385 decimo
1498 1355 1630 1385 octavo
1650 1349 1722 1384 kal.
1747 1349 1849 1395 maii,
1869 1349 2067 1396 pontifica-

324 1414 384 1444 tus
410 1411 527 1444 nostri
552 1423 651 1445 anno
677 1410 888 1445 undecimo.
