2253 3317
829 157 1008 186 PRAEFATIO
1031 157 1218 186 GENERALlS.
1848 159 1891 187 vti

153 237 381 271 immensum
406 248 516 281 opus,
536 235 638 282 quod
663 239 892 281 susceperat,
911 233 1177 280 imperfectum
1204 233 1441 280 relinqueret.
1468 234 1578 270 Unde
1596 235 1635 269 id
1660 248 1777 269 unum
1797 235 1889 281 egit,

154 300 198 329 ut
223 295 357 329 saltem
381 293 579 339 anecdota,
608 306 703 340 quae
729 292 949 339 collegerat,
976 291 1124 338 publici
1142 292 1232 326 iuris
1258 291 1411 338 faceret,
1441 294 1541 340 quod
1558 294 1746 340 praestitit
1771 293 1891 328 tribus

155 352 414 388 voluminibus
440 352 480 386 in
506 351 599 386 folio
623 351 694 386 sub
720 351 848 386 titulo:
875 350 911 385 S.
938 350 1205 385 Bonaventmne
1231 347 1300 385 ete.
1328 363 1467 398 operum
1493 352 1643 387 omnium
1671 352 1892 399 Supplemen-

156 414 244 456 tum,
272 410 343 445 sub
369 410 548 456 auspiciis
581 409 786 445 Clementis
811 408 916 443 XIV.
950 407 990 443 P.
1022 408 1087 455 M.,
1116 408 1300 455 Tridenti,
1331 410 1541 445 1772-1774.
1568 410 1671 445 Haec
1698 410 1892 445 volumina

155 469 351 504 continent
379 468 629 515 quadraginta
655 468 823 514 quinque
849 479 962 513 opera
978 467 1039 500 vel
1066 467 1249 513 opuscula
1273 468 1372 503 notis
1394 468 1582 503 illustrata
1607 469 1890 515 copiosissimis,

155 540 250 574 quae
281 526 381 561 infra
411 526 564 572 singula
594 525 924 560 enumerabuntur.
950 546 998 550 —
1023 525 1084 559 Ad
1116 538 1194 559 rem
1225 538 1374 573 quoque
1404 531 1570 562 nostram
1600 527 1747 562 faciunt
1779 527 1893 562 verba

155 585 322 620 eiusdem
349 585 502 619 editoris
527 585 567 618 in
592 584 781 631 principio
799 583 980 630 epistolae
1005 583 1254 619 dedicatoriae
1271 585 1319 619 ad
1346 584 1542 620 Summum
1568 585 1791 620 Pontificem
1811 586 1892 621 Cle-

154 648 320 678 mentem
346 642 462 689 XIV.,
481 643 603 689 primo
630 647 731 677 tomo
749 642 990 688 praemissae:
1027 641 1186 676 «Mirum
1211 642 1381 688 profecto
1399 648 1477 678 erat
1496 644 1810 691 vehementerque
1829 644 1892 678 do-

153 701 324 747 lendum,
353 701 454 747 quod
471 713 582 735 aurea
598 701 740 735 isthaec
767 699 961 746 Sei-aphici
979 700 1150 735 Doctoris
1168 701 1285 736 nostri
1311 707 1555 736 monumenta
1571 703 1709 748 partim
1735 702 1892 737 severio-

153 760 203 794 ris
229 764 266 794 et
290 759 578 806 intemperantis
604 759 754 793 criticae
771 758 912 793 iudicio
939 758 1061 793 eidem
1087 764 1257 805 surrepta
1273 760 1362 794 hinc
1388 760 1475 794 inde
1494 760 1650 796 distrahi
1675 761 1892 808 propriique

153 818 315 853 auctoris
346 818 485 853 honore
517 818 671 863 privari,
705 817 844 864 partim
876 817 989 852 etiam
1020 818 1192 863 ignorata
1216 819 1367 864 penitus
1400 823 1436 853 et
1467 819 1642 865 neglecta
1672 820 1711 853 in
1742 819 1893 865 angulis

153 876 383 923 latebrisque
408 876 726 911 bibliothecarum
752 875 922 922 squalere
947 876 1093 910 tamdiu
1118 876 1337 911 sinerentur.
1365 876 1616 921 Quamobrem
1647 890 1715 912 nos
1740 878 1813 924 ipsi
1847 878 1892 911 de

153 934 263 969 nobis
282 935 498 981 saepissime
517 934 854 981 conquerebamur,
874 934 1040 980 ingenuo
1062 934 1236 981 iustoque
1265 935 1408 981 pudore
1433 936 1619 982 succensi,
1650 936 1766 982 probe
1784 935 1893 970 intel-

153 992 332 1039 ligentes,
361 993 462 1039 quod
486 997 613 1027 nostra
637 993 878 1039 potissimum
903 993 1081 1027 interesse
1107 986 1186 1026 iam
1214 993 1279 1027 diu
1305 993 1510 1040 debuisset,
1538 1007 1581 1028 ea
1605 994 1652 1029 ab
1679 996 1781 1030 omni
1815 996 1893 1031 sive

154 1055 367 1097 temporum
393 1052 472 1086 sive
496 1051 696 1085 hominum
713 1051 851 1085 iniuria
875 1051 1089 1085 vindicare¹
1109 1066 1140 1085 ».
1155 1073 1202 1076 —
1227 1051 1368 1086 Verum
1386 1057 1472 1086 ante
1498 1052 1538 1087 P.
1557 1052 1805 1088 Benedictum
1823 1055 1893 1090 Bo-

153 1109 247 1144 nelli
272 1109 369 1144 alius
395 1110 453 1144 vir
478 1109 718 1144 doctissimus
743 1122 790 1143 ex
816 1109 961 1143 familia
986 1108 1175 1144 Minorum
1200 1109 1535 1157 Conventualium,
1562 1124 1699 1158 nempe
1715 1112 1895 1159 Magister

152 1167 304 1203 Ioannes
320 1167 549 1214 Hyacinthus
565 1167 735 1203 Sbamlecc
742 1195 752 1213 ,
773 1168 838 1214 qui
856 1172 1025 1202 mortuus
1043 1172 1099 1202 est
1116 1180 1215 1202 anno
1234 1168 1339 1215 1763,
1360 1168 1553 1204 Oudiuum
1571 1171 1611 1204 in
1628 1171 1757 1206 multis
1776 1172 1893 1207 solide

152 1226 341 1260 refellet-at
366 1230 403 1260 et
429 1226 651 1260 certioribus
676 1226 910 1272 argumentis
936 1238 1012 1260 non
1036 1238 1158 1272 pauca
1184 1238 1294 1272 opera
1321 1226 1354 1262 S.
1374 1227 1658 1263 Bonaventurae
1683 1230 1894 1265 restituerat

152 1285 193 1319 in
219 1296 286 1319 suo
324 1297 456 1331 opere:
489 1284 770 1331 Supplememfum
806 1283 853 1319 ad
890 1284 1074 1331 sco'z'ptores
1115 1285 1231 1318 trium
1261 1284 1446 1320 Ordinum
1472 1286 1505 1322 S.
1533 1286 1738 1334 Francisci,
1773 1289 1894 1334 primo

154 1343 298 1377 editum
323 1343 477 1389 Romae,
496 1355 595 1377 anno
615 1343 704 1378 1806
732 1343 773 1388 (i.
801 1355 830 1377 e.
858 1342 1146 1389 quadragesimo
1171 1343 1282 1377 tertio
1308 1348 1395 1390 post
1420 1345 1585 1379 eiusdem
1612 1346 1793 1393 obitum),
1821 1360 1895 1393 quo

151 1413 264 1447 opere
290 1402 547 1448 manuscripto
574 1401 614 1436 P.
641 1401 791 1436 Bonelli
817 1401 909 1436 scite
936 1413 1026 1435 usus
1052 1405 1123 1447 est,
1152 1405 1195 1435 ut
1226 1402 1306 1447 ipse
1332 1403 1497 1448 ingenue
1523 1402 1662 1438 fatetur
1687 1405 1727 1438 in
1752 1405 1895 1451 praefa-

154 1461 255 1495 tione
285 1460 333 1494 ad
358 1459 606 1495 Prodromum
636 1472 722 1506 pag.
750 1459 818 1494 XI.
844 1481 891 1484 ——
916 1458 1030 1494 Porro
1067 1459 1138 1494 hoc
1177 1460 1327 1495 saeculo
1359 1461 1507 1496 decimo
1528 1475 1627 1497 nono
1653 1463 1894 1510 decurrente,

247 1624 254 1639 1
273 1625 349 1647 Merita
365 1625 389 1646 P.
406 1624 520 1647 Benedicti
537 1625 621 1647 Bonelli
640 1631 735 1653 prorsus
751 1625 876 1653 singularia
893 1628 915 1647 et
932 1627 1011 1653 paucis
1028 1627 1082 1648 satis
1100 1627 1189 1654 cognita
1207 1633 1262 1654 erga
1280 1633 1349 1654 opera
1369 1627 1486 1654 Seraphici
1504 1627 1607 1650 Doctoris
1629 1628 1678 1650 11110
1703 1629 1793 1656 exigere
1819 1629 1896 1651 viden-

152 1671 204 1697 tur,
222 1671 248 1691 ut
264 1669 307 1690 hoc
324 1668 373 1690 loco
390 1667 477 1696 aliquid
493 1667 522 1689 de
539 1668 582 1689 1100
599 1668 754 1690 eruditissimo
771 1668 821 1689 viro
838 1669 965 1695 inseratur,
984 1668 1046 1697 quod
1065 1670 1198 1697 accepimus
1215 1675 1241 1691 ex
1259 1669 1384 1691 liberculo:
1402 1669 1472 1692 Cenni
1490 1671 1579 1692 intorno
1597 1671 1637 1692 alla
1656 1672 1701 1693 vita
1719 1671 1747 1693 011
1765 1672 1809 1699 agli
1827 1673 1896 1694 scritti

153 1711 190 1734 del
207 1712 230 1733 P.
247 1711 370 1733 Benedetto
387 1710 471 1732 Bonelli
489 1710 517 1732 (1.1
535 1709 661 1739 Cavallese,
675 1711 710 1733 de'
720 1711 799 1733 Minori
812 1711 929 1733 Risormati
947 1711 969 1733 di
986 1712 1008 1733 S.
1026 1711 1166 1739 Francesco,
1185 1712 1284 1740 Trento,
1303 1712 1408 1734 Monauni
1431 1713 1494 1735 1861.
1513 1713 1582 1735 Natus
1598 1716 1631 1736 est
1644 1714 1714 1741 igitur
1731 1714 1759 1736 ⁴26
1770 1714 1821 1737 Dec.
1839 1715 1895 1737 1704

154 1761 165 1777 a
183 1754 299 1777 nobilibus
316 1753 449 1781 parentibus
466 1753 525 1775 loan.
543 1753 661 1775 Dominico
678 1754 761 1776 Bonelli
779 1757 801 1775 et
818 1754 936 1776 Francisca
954 1755 1049 1776 Antonia
1067 1755 1169 1782 hilarini,
1188 1756 1209 1776 ia
1228 1761 1288 1783 pago
1305 1755 1431 1778 Cavallesio
1449 1756 1513 1778 vallis
1531 1756 1646 1785 Fiemme,
1664 1763 1708 1779 non
1721 1757 1788 1785 longe
1800 1757 1896 1781 distante

154 1804 166 1820 a
184 1797 300 1820 Tridento.
318 1796 403 1818 Studiis
419 1795 594 1818 humanioribus
612 1796 703 1818 vacavit
720 1796 821 1819 ΤΙ-1010011
838 1797 860 1818 10
878 1797 961 1819 50110115
978 1797 1095 1820 societatis
1112 1798 1176 1825 lcsu;
1194 1797 1296 1820 habitum
1315 1798 1336 1819 S.
1354 1798 1466 1821 Francisci
1485 1805 1537 1821 00111
1556 1800 1646 1821 1101111110
1668 1800 1782 1822 Benedicti
1808 1807 1897 1823 assum-

154 1841 183 1864 sit
198 1841 257 1863 inter
274 1840 371 1862 Minores
388 1839 531 1861 Resormatos
549 1839 577 1861 26
603 1839 652 1860 Maii
674 1839 738 1861 l72l.
757 1839 829 1861 Finito
846 1845 899 1861 cum
916 1839 984 1862 laude
1002 1840 1127 1868 novitiatu,
1148 1840 1230 1862 studiis
1255 1841 1419 1869 philosophicis
1444 1844 1466 1863 et
1491 1842 1624 1869 theologicis
1649 1842 1729 1864 sedulo
1754 1843 1856 1865 incubuit
1874 1845 1895 1866 in

155 1884 238 1906 scholis
254 1889 309 1905 suae
327 1883 466 1904 Provinciae.
483 1882 566 1904 Pietate
583 1884 604 1904 et
623 1882 724 1904 doctrina
742 1888 797 1910 prae
814 1883 895 1904 ceteris
912 1882 1039 1909 excellens,
1057 1882 1085 1905 ad
1103 1883 1256 1905 sacerdotium
1274 1887 1395 1911 promotus
1412 1887 1446 1906 051
1461 1890 1540 1906 010050
1563 1884 1683 1907 Deccmbri
1702 1886 1769 1908 21728.
1787 1886 1821 1908 Ab
1838 1893 1897 1909 anno

156 1927 211 1949 Ἰ1731
233 1926 307 1948 officio
325 1926 414 1948 lectoris
431 1926 506 1953 primo
524 1925 682 1953 philosophiae
699 1927 721 1946 et
737 1924 819 1947 deinde
837 1925 965 1953 theologiae
982 1926 1004 1947 in
1022 1926 1105 1948 scholis
1123 1925 1214 1948 Ordinis
1231 1926 1322 1948 functus
1339 1929 1379 1948 est.
1398 1927 1483 1949 Eodem
1500 1930 1604 1955 tempore
1621 1928 1702 1950 studiis
1719 1929 1879 1952 continuandis
1890 1948 1895 1958 ,

154 1970 218 1992 1111115
234 1968 362 1991 scribendis
378 1971 400 1990 et
416 1967 489 1990 verbo
506 1968 545 1990 Dei
563 1967 718 1995 praedicando
736 1967 848 1990 indefesse
865 1967 975 1990 incubuit.
993 1969 1052 1990 Suae
1070 1968 1202 1991 Provinciae
1219 1968 1328 1991 Detinitor
1344 1969 1429 1991 electus
1446 1973 1480 1992 est
1502 1969 1558 1991 1745
1576 1974 1597 1993 et.
1622 1974 1701 1998 postea
1727 1972 1776 1993 loeo
1803 1972 1895 1995 Ministri

155 2012 302 2035 Provincialis
319 2011 419 2033 interfuit
435 2010 538 2038 Capitulo
556 2011 658 2033 Generali
677 2010 736 2032 '1756
755 2011 853 2033 Murciae
869 2011 890 2032 in
908 2011 1016 2039 Hispania
1034 2011 1162 2039 celebrato,
1181 2011 1220 2033 ubi
1237 2012 1322 2034 electus
1339 2014 1373 2034 est
1389 2012 1497 2034 Definitor
1519 2013 1634 2035 Generalis
1660 2014 1808 2037 Germanicae
1827 2016 1895 2038 natio-

152 2056 201 2083 nis,
219 2061 265 2084 quo
283 2060 378 2076 munere
402 2054 502 2082 iungens
527 2053 612 2076 adstitit
635 2053 739 2081 Capitulo
756 2054 859 2076 Generali
879 2053 938 2076 '1765
964 2054 1067 2076 Mantuae
1084 2054 1168 2076 habito.
1186 2054 1230 2082 Ipsi
1248 2060 1260 2076 a
1278 2054 1381 2082 Capitulo
1399 2055 1563 2078 demandatum
1585 2057 1640 2084 fuit,
1657 2059 1680 2078 ut
1698 2057 1781 2079 litteras
1804 2057 1833 2080 ad
1849 2057 1895 2080 Cle-

155 2102 255 2121 mentem
275 2098 328 2120 Xlll.
346 2100 424 2119 contra
442 2097 541 2119 laxitates
558 2097 579 2118 in
598 2096 667 2118 libros
684 2096 713 2119 de
730 2096 832 2118 doctrina
850 2097 930 2119 morali
948 2097 1044 2124 irreptas
1060 2099 1080 2119 et
1098 2098 1165 2131 etiam
1183 2099 1260 2119 contra
1279 2097 1471 2125 probabilismuin
1493 2102 1655 2127 componeret;
1673 2100 1737 2128 quod
1754 2106 1806 2122 cum
1825 2102 1893 2123 multa

154 2142 281 2164 eruditione
298 2141 393 2169 peregit.
411 2140 496 2162 Eodem
513 2142 617 2167 tempore
634 2146 646 2162 a
664 2140 764 2161 Ministro
782 2140 885 2161 Generali
910 2140 975 2162 Petro
1001 2140 1114 2162 loannetio
1132 2140 1161 2162 de
1178 2140 1258 2162 Molina
1277 2141 1365 2168 accepit
1382 2141 1522 2169 mandatum,
1540 2141 1568 2163 de
1586 2148 1632 2170 quo
1644 2148 1715 2170 supra
1727 2143 1795 2165 locuti
1807 2130 1893 2171 51111105,

150 2184 236 2207 edendi
254 2190 324 2212 opera
341 2184 363 2205 S.
381 2183 561 2205 Bonaventurae.
579 2183 643 2204 Anno
665 2182 720 2204 1778
731 2200 736 2210 ,
754 2183 868 2210 vigesimo
885 2185 967 2205 octavo
984 2183 1062 2210 Martii,
1080 2183 1162 2205 iterum
1180 2182 1209 2204 ad
1226 2182 1359 2211 dignitatem
1378 2183 1505 2206 Definitoris
1522 2184 1637 2207 Generalis
1654 2188 1769 2208 assumtus
1786 2189 1826 2215 051,
1844 2186 1895 2209 sub-

156 2230 250 2256 rogatus
274 2227 296 2249 in
319 2227 394 2249 locum
412 2226 434 2248 P.
452 2225 548 2248 Leandri
565 2226 723 2253 Luegmayer,
741 2228 814 2248 morte
832 2226 954 2253 praerepti.
974 2226 1049 2254 Usque
1066 2225 1096 2247 ad
1113 2228 1240 2248 extremum
1258 2226 1317 2248 vitae
1335 2226 1448 2248 indefesse
1465 2226 1582 2249 laboribus
1607 2228 1655 2249 suis
1680 2228 1792 2257 intentus,
1818 2230 1854 2257 pie
1872 2230 1893 2252 in

156 2270 253 2293 Domino
271 2271 374 2291 mortuus
391 2272 423 2291 051
450 2269 478 2291 28
497 2268 600 2291 Octobris
621 2268 692 2296 1773,
712 2268 812 2290 Tridenti
831 2269 852 2290 in
870 2270 984 2290 conventu
1002 2268 1023 2290 S.
1042 2268 1182 2290 Bernardini.
1200 2268 1331 2291 Solitudinis
1348 2275 1441 2296 amore,
1459 2270 1497 2292 otii
1519 2269 1586 2297 odio,
1604 2270 1669 2292 verbi
1685 2270 1725 2293 Dei
1748 2271 1894 2299 praedicandi

157 2313 302 2340 assiduitate,
320 2312 439 2334 facundiae
456 2315 478 2334 et
494 2312 618 2334 memoriae
636 2311 781 2339 excellentia,
800 2311 928 2333 studiorum
945 2317 996 2333 rara
1013 2312 1135 2339 patientia,
1153 2311 1286 2333 eruditionis
1304 2312 1384 2339 copia,
1407 2318 1497 2334 morum
1516 2307 1642 2341 gravitate,
1667 2314 1689 2335 in
1715 2313 1787 2336 Deum
1813 2316 1895 2342 pietate

153 2355 219 2384 apud
236 2361 316 2378 omnes
333 2355 484 2377 reverentiam
502 2354 545 2377 sibi
558 2357 580 2377 et
591 2355 747 2377 auctoritatem
765 2355 893 2376 conciliavit
910 2354 1057 2382 singularem.
1076 2355 1170 2382 Scripsit
1186 2354 1226 2376 107
1240 2360 1309 2382 opera
1327 2355 1362 2376 vel
1375 2355 1500 2383 opuscula,
1513 2361 1613 2384 quorum
1625 2357 1732 2378 nonnulla
1744 2357 1773 2379 ad
1784 2359 1894 2383 ascetiea,

157 2399 198 2421 sed
215 2399 313 2427 plurima
331 2398 359 2420 ad
377 2398 493 2420 historiam
511 2398 687 2420 ecclesiasticam
705 2398 911 2426 antiquitatumque
929 2398 1030 2419 notitiam
1048 2400 1070 2419 et
1087 2397 1115 2419 ad
1133 2398 1229 2419 ethicam
1247 2398 1392 2419 christianam
1410 2400 1520 2425 spectant.
1538 2398 1610 2426 Tvpis
1632 2398 1746 2426 publicata
1771 2404 1822 2423 sunt
1848 2403 1895 2423 tan-

158 2445 205 2464 tum
223 2442 313 2469 triginta
331 2441 379 2463 eins
396 2447 481 2468 opera,
500 2441 557 2463 inter
573 2447 633 2469 quae
650 2443 740 2468 praeter
758 2440 801 2462 iam
820 2440 866 2462 duo
884 2446 895 2461 a
914 2439 980 2462 nohis
997 2443 1121 2462 memorata
1145 2440 1219 2468 aliqua
1245 2443 1296 2462 sunt
1314 2441 1409 2462 asc-elica
1426 2444 1448 2463 et
1466 2441 1563 2468 plurima
1588 2441 1617 2463 ad
1642 2448 1678 2464 res
1703 2442 1821 2465 historicas
1847 2449 1895 2471 spe-

158 2485 254 2511 ctantia,
272 2486 296 2506 ut
312 2484 475 2505 Dissertazione
492 2484 634 2511 apologetica
651 2483 685 2505 5111
704 2484 805 2505 martirio
822 2483 858 2505 del
877 2483 899 2504 B.
918 2483 1010 2505 Simone
1028 2483 1056 2505 da
1075 2483 1159 2505 Trento
1177 2483 1227 2504 nell’
1238 2489 1297 2505 anno
1319 2482 1375 2504 1475
1393 2483 1453 2511 dagli
1471 2483 1536 2505 Ebrei
1555 2484 1645 2511 1100150,
1663 2484 1747 2507 Τ10010
1763 2485 1831 2513 1747,
1844 2486 1895 2508 Vin-

158 2527 229 2550 diciae
247 2527 342 2548 Romani
360 2526 512 2554 Martyrologii
525 2526 571 2548 Xlll
591 2527 702 2554 Augusti,
715 2526 737 2548 S.
755 2525 855 2548 Cassiani
872 2525 1090 2548 Foro-Corneliensis
1108 2526 1214 2552 martyris
1231 2528 1285 2553 ete,
1303 2525 1408 2548 Veronae.
1427 2525 1494 2553 1751,
1512 2532 1564 2548 curn
1582 2527 1630 2549 aliis
1647 2528 1763 2554 opusculis
1777 2528 1820 2550 hoc
1837 2534 1896 2557 opus

158 2569 347 2597 desendentibus;
365 2569 528 2591 Dissertazione
546 2570 634 2591 intorno
652 2569 693 2591 alla
711 2568 791 2591 santitfi
808 2575 820 2590 e
838 2569 939 2591 martirio
957 2568 992 2590 del
1010 2569 1033 2590 B.
1051 2568 1188 2596 Adalpreto,
1206 2568 1312 2592 Vescovo
1330 2568 1352 2591 di
1371 2569 1470 2596 Trento,
1489 2569 1591 2591 dedicata
1609 2576 1620 2591 a
1638 2570 1660 2591 S.
1679 2569 1761 2592 Santita
1774 2570 1895 2594 Benedetto

159 2613 226 2640 XlV.,
244 2612 328 2634 Trento
350 2611 422 2639 17543
440 2612 523 2634 Notizie
541 2612 728 2634 storico-critichc
746 2613 835 2633 intorno
852 2612 872 2633 al
889 2612 913 2633 B.
931 2612 958 2633 M.
976 2611 1098 2639 Adalpreto
1116 2611 1143 2633 ed
1162 2612 1251 2633 intorno
1269 2611 1297 2633 ad
1315 2611 1363 2633 altri
1381 2612 1474 2633 vescovi
1492 2611 1550 2633 della
1567 2612 1687 2634 Germania
1704 2619 1717 2634 0
1740 2613 1857 2636 dell'ltalia
1876 2615 1895 2636 ai

158 2656 228 2683 tempi
246 2655 305 2677 dello
322 2655 405 2677 scisma
423 2654 445 2677 di
463 2655 574 2683 Federigo
591 2655 613 2683 1.,
632 2655 645 2677 2
662 2655 707 2676 vol.
726 2655 747 2676 in
767 2654 812 2682 Μ),
831 2655 916 2676 'Frento
935 2653 1080 2681 1760-1761ς
1097 2654 1180 2676 Notizie
1197 2654 1382 2676 storico-critiehe
1399 2654 1456 2676 della
1474 2655 1548 2677 chiesa
1568 2654 1591 2677 di
1612 2655 1702 2683 Trento,
1724 2655 1807 2678 Trento
1824 2656 1895 2684 y1'7623

158 2699 302 2720 illonumenta
320 2698 429 2720 ecelesiae
447 2697 603 2725 Tridentinae,
622 2697 723 2720 Tridenti
746 2697 802 2719 1765
813 2715 818 2725 ,
835 2698 857 2719 in
876 2696 923 2725 4.ῡ;
941 2696 1097 2719 Osservazioni
1115 2697 1170 2718 sulla
1189 2697 1266 2724 giunta
1284 2703 1297 2718 0
1314 2697 1390 2719 critica
1408 2697 1459 2719 satta
1472 2697 1507 2719 dal
1520 2697 1542 2719 P.
1555 2697 1675 2720 Zaccharia
1687 2704 1692 2726 ;
1705 2698 1896 2727 Dell'indulgenza

152 2740 217 2763 della
235 2740 388 2763 Porziuncula.
408 2740 505 2762 Plurima
524 2746 583 2768 quae
600 2741 690 2768 scripsit
707 2746 749 2768 pro
767 2741 838 2762 ethica
856 2741 971 2762 severiore
988 2739 1140 2767 vindicanda,
1158 2745 1241 2767 magna
1259 2745 1287 2761 ex
1303 2742 1367 2767 parte
1384 2742 1437 2762 sunt
1453 2739 1550 2767 inedita,
1569 2740 1626 2762 sicut
1643 2743 1665 2763 et
1681 2746 1752 2769 opus,
1769 2741 1832 2770 quod
1843 2748 1896 2769 pau-

159 2784 191 2806 cis
208 2786 258 2805 ante
277 2786 374 2805 mortem
392 2782 474 2805 diebus
491 2782 566 2805 denuo
584 2783 722 2811 complevit,
740 2789 793 2805 01110
810 2783 885 2811 prima
903 2783 954 2805 viee
971 2788 1030 2804 anno
1044 2782 1109 2809 1778,
1123 2783 1175 2810 igne
1187 2782 1208 2803 in
1226 2782 1275 2804 eius
1292 2782 1347 2804 cella
1365 2788 1419 2804 casu
1438 2784 1523 2809 exorto,
1542 2783 1587 2805 sere
1605 2785 1664 2805 totus
1682 2785 1816 2806 consumtus
1827 2786 1895 2806 esset.

160 2827 225 2849 cuius
242 2827 319 2848 titulus
335 2829 384 2848 est:
402 2826 434 2847 De
452 2825 509 2853 side,
528 2825 632 2848 moribus
648 2829 671 2848 et
688 2815 940 2854 (iiscipiina⁷⁷adversus
957 2826 1064 2853 profanas
1081 2826 1215 2853 opinionum
1233 2826 1344 2847 novitates
1362 2824 1463 2847 doctrina
1481 2831 1544 2847 sacra
1561 2828 1583 2847 et
1604 2826 1695 2854 antiqua
1706 2844 1711 2854 ‚
1736 2832 1763 2848 ex
1788 2827 1896 2854 operibus

154 2869 263 2891 'Doctoris
280 2869 397 2897 seraphici
415 2869 589 2891 Bonaventurae
606 2875 632 2890 ac
649 2869 746 2891 aliorum
763 2869 855 2891 Patrum
873 2870 941 2897 atque
958 2868 1082 2890 Doctorum
1100 2867 1212 2895 deducta,
1231 2867 1357 2889 secundum
1376 2867 1479 2890 ordinem
1497 2868 1600 2890 locorum
1617 2868 1797 2896 theologicorum
1810 2869 1896 2897 digesta

156 2914 180 2933 et
199 2913 220 2933 in
238 2912 308 2934 libros
326 2912 377 2933 XlV
394 2918 420 2934 ac
438 2911 451 2933 3
469 2914 543 2933 100105
560 2911 695 2939 distributa,
713 2917 755 2939 pro
773 2912 814 2934 rite
833 2911 970 2933 instituenda
988 2912 1105 2933 iuventute
1123 2910 1272 2932 ecclesiastica
1290 2913 1309 2932 et
1328 2910 1440 2938 religiosa.
