2253 3317
185 473 203 492 in
212 474 308 492 revelatio-

326 136 381 162 ⁹21⁹.)

325 212 418 242 alteri.
441 210 483 238 vel
512 209 581 237 sicut
604 212 777 237 extremum.
808 208 833 235 in
859 216 913 244 quo
942 207 1162 243 couiunguuuu·;

325 257 417 285 Graeci
447 258 675 292 comparaveruut
698 254 788 290 primo
809 254 899 282 modo.
922 254 1006 282 Latini
1029 253 1163 286 secundo,

324 307 350 332 et
372 304 432 332 ideo
462 301 641 339 spiritualiori
664 301 767 328 modo¹
798 304 825 328 et
856 300 997 331 similiori,
1025 300 1090 336 quia
1118 299 1163 327 ille

324 358 413 378 nexus
436 349 521 385 magis
542 348 625 376 habet
646 347 855 375 similitudinem
877 354 1019 383 personae.

401 397 469 433 Quia
490 403 556 432 ergo
576 394 760 423 differentiam
783 394 941 421 habuerunt
961 393 988 420 in
1004 392 1117 425 ratione,
1136 395 1163 420 et

218 450 308 475 Differam
323 444 406 472 Latini
435 442 607 479 spiritualius
627 444 654 469 et
682 440 889 469 convenientius
917 441 1162 476 comparaverunt3

322 491 382 519 ideo
397 498 430 518 ex
444 489 549 517 ratione
564 496 612 516 sua
629 490 692 515 suut
713 487 821 518 elevati,
836 490 863 515 et
883 494 933 523 per
948 486 999 513 hoc
1014 485 1049 512 ad
1066 484 1163 513 intelli·
1188 499 1191 506 ι

321 536 439 573 gentiam
454 535 612 571 Scripturae
627 533 759 570 dispositi,
771 535 798 560 et
810 532 871 560 ideo
885 530 1043 568 manifesta
1058 530 1163 558 reuela-

321 583 394 611 tioue
407 581 496 610 edocti
507 583 572 609 suut
586 580 620 608 de
635 579 753 616 Spiritus
768 579 853 607 sancti
865 579 1049 615 processione.
1065 577 1161 605 Graeci

321 637 398 657 vero.
413 628 476 664 quia
497 626 693 655 similitudines
707 625 866 654 disserentes
881 628 907 653 et
926 624 1019 652 minus
1033 623 1161 660 proprias

320 675 462 712 aptabant,
482 673 543 702 ideo
563 676 628 701 sunt
649 680 697 700 sua
714 671 819 699 rationo
840 670 963 707 depressi
974 681 980 703 ς
1002 672 1029 698 et
1047 677 1101 697 non
1117 677 1161 697 va-

320 721 407 749 lentes
428 719 590 755 intelligere,
606 718 737 755 Spiritum
754 726 767 745 a
780 717 871 746 Verbo
886 716 1046 753 procedere,
1068 723 1118 743 nec
1133 715 1159 742 iu

319 768 405 796 alium
426 767 460 795 ab
481 769 593 794 aeterno
608 764 771 801 procedere,
792 765 970 791 arctaverunt
988 762 1159 798 Scripturam

319 815 354 843 ad
376 813 585 850 intelligendum
608 812 642 840 de
667 810 841 848 processione
862 808 1023 846 temporali.
1050 810 1077 836 et
1098 808 1160 836 ideo

319 861 371 889 sihi
392 860 465 888 viam
487 858 663 887 revelationis
677 857 846 886 clauserunt.
862 856 931 884 Haec
946 859 988 884 est
1008 863 1075 892 ergo
1090 854 1160 882 ratio

320 906 487 935 diversitatis
508 905 534 933 in
557 905 640 933 liuius
661 903 771 932 articuli
791 902 959 939 eoquitione.

399 951 601 980 Controversia
624 958 689 979 vero
710 949 785 978 venit
805 957 841 977 ex
863 948 948 976 huius
966 948 1075 976 articuli
1094 956 1161 984 pro-

204 998 449 1036 coutrover-fesstone.
476 997 625 1034 Professio
650 1005 716 1025 vero
744 996 828 1024 liuius
844 995 853 1008 ²
885 995 995 1023 articuli
1022 994 1098 1023 venit
1125 994 1160 1022 al)

320 1046 439 1075 Ecclesia
450 1045 608 1074 Latinorum
623 1052 659 1073 ex
674 1043 776 1080 triplici
790 1050 885 1076 causa,
901 1041 1029 1070 videlicet
1043 1049 1079 1069 ex
1092 1040 1162 1078 fidei

182 1097 275 1116 professio
288 1093 451 1126 exve-uate,
479 1100 515 1120 ex
537 1090 664 1128 periculi
699 1089 864 1118 necessitate
897 1091 924 1117 et
952 1096 987 1117 ex
1017 1088 1160 1116 Ecclesiae

183 1122 250 1145 triplici
255 1126 316 1139 causa.

319 1140 499 1168 aztetorituce.
522 1138 600 1167 Fides
620 1137 742 1166 dictabat
762 1137 829 1169 hoc⁷
851 1139 878 1164 et
900 1135 1015 1172 periculi
1044 1134 1161 1163 necessi-

318 1190 359 1216 tas
388 1186 564 1215 imminebat.
592 1192 626 1213 ne
647 1184 716 1212 sorte
744 1183 845 1219 aliquis
876 1183 928 1211 lioc
955 1182 1104 1218 negaret&
1132 1181 1159 1209 in

318 1234 393 1271 quod
407 1232 563 1270 periculum
582 1231 739 1260 inciderunt
754 1229 862 1263 Graeci:
877 1232 905 1257 et
920 1228 1055 1257 Ecclesiae
1070 1230 1161 1256 aucto-

318 1281 385 1309 ritas
406 1280 513 1308 aderat:
536 1281 562 1307 et
583 1278 645 1306 ideo
666 1277 724 1306 sine
745 1284 823 1304 mora
844 1275 965 1312 exprimi
986 1274 1112 1303 debebat.

398 1326 518 1364 Neyatio
546 1332 612 1353 vero
640 1324 725 1352 liuius
756 1322 866 1351 articuli
894 1322 968 1350 veuit
995 1329 1031 1350 ex
1060 1321 1160 1358 triplici

183 1378 312 1425 “⁹2⁸5''{312ffi
321 1382 416 1407 causa,
438 1373 542 1402 scilicet
555 1379 591 1400 ex
612 1370 794 1408 ignorantia,
815 1377 852 1397 ex
876 1368 1015 1405 superbia
1034 1368 1079 1397 et⁴¹
1099 1376 1161 1405 per-

203 1430 265 1443 causa.

321 1420 440 1449 tinacia.
463 1420 503 1447 Ex
524 1417 708 1455 witot-antia,
731 1416 796 1453 quia
816 1423 867 1444 nec
887 1416 1060 1452 Scripturam
1085 1415 1162 1443 intel-

320 1467 451 1496 lexerunt
465 1473 515 1493 nec
530 1464 690 1492 habuerunt
704 1469 855 1498 congruam
870 1462 1005 1490 rationem
1020 1469 1070 1490 nec
1084 1469 1161 1498 aper-

320 1516 375 1542 tam
392 1511 597 1541 revelationem.
612 1510 652 1537 Ex
667 1508 815 1545 superbia,
830 1508 904 1544 quia,
919 1516 982 1536 cum
998 1511 1160 1545 reputarent

321 1568 350 1588 se
365 1559 463 1588 sciolos
481 1561 508 1586 et
521 1556 610 1585 vocati
625 1563 679 1584 non
694 1556 807 1583 fuerunt
817 1555 839 1588 ⁵,
860 1554 1010 1582 noluerunt
1035 1554 1158 1591 profiteri

320 1606 394 1644 quod
416 1613 469 1633 non
490 1606 549 1633 erat
570 1611 619 1640 per
641 1610 688 1631 eos
702 1602 854 1630 inventum.
877 1601 916 1628 Ex
934 1601 1110 1637 pertinacia,
1126 1610 1159 1630 ne

319 1652 550 1682 convincerentur
570 1653 597 1678 et
619 1647 843 1677 irrationabiliter
865 1647 970 1675 moveri
989 1647 1159 1682 viderentur,

320 1700 486 1727 invenerunt
507 1705 558 1734 pro
579 1704 607 1725 se
622 1696 743 1724 rationes
764 1697 860 1722 contra
877 1693 1034 1721 veritatem:
1057 1696 1084 1721 et
1098 1694 1159 1722 ideo

320 1753 400 1774 suam
425 1743 588 1773 sententiam
609 1741 757 1771 defendere
785 1740 845 1768 ausi
867 1743 932 1768 sunt
952 1742 979 1767 et
1002 1739 1158 1768 auctoritati

321 1791 455 1820 Ecclesiae
479 1790 615 1817 Romanae
633 1787 747 1816 obviare
755 1797 762 1820 ;
787 1789 814 1814 et
834 1785 896 1814 ideo
918 1785 981 1813 facti
1006 1788 1071 1813 sunt
1098 1785 1160 1813 liae-

320 1837 412 1869 retici,
428 1837 492 1873 quia
507 1836 644 1871 denegant
655 1834 664 1848 θ
684 1833 748 1862 fidei
763 1832 923 1861 veritatem.
939 1834 966 1859 et
980 1831 1159 1865 schismatici,

320 1884 384 1921 quia
405 1885 579 1912 recesserunt
599 1881 634 1909 ab
656 1880 790 1909 Ecclesiae
811 1879 924 1907 unitate.

398 1930 450 1959 Sed
471 1929 536 1966 quia.
556 1936 617 1957 mos
637 1930 679 1956 est
699 1926 904 1955 haereticorum
929 1927 956 1953 et
976 1924 1161 1953 schismatico-

205 1983 271 2001 Graeci
284 1987 313 2008 ³9-
322 1985 397 2011 rum,
422 1984 486 2005 cum
508 1983 536 2004 se
564 1983 619 2003 nou
648 1976 764 2011 possunt
791 1972 944 2000 rationibus
972 1970 1159 2004 communire,

182 2007 248 2024 cusani
260 2006 309 2023 Lati—

321 2023 468 2052 adversam
489 2023 597 2058 partem
625 2027 771 2051 accusare3
800 2018 861 2047 ideo
886 2025 936 2046 nos
960 2018 1106 2050 accusant,
1134 2019 1161 2044 et

322 2070 494 2106 redarguunt
524 2070 657 2104 tanquam
678 2065 810 2093 curiosos
834 2067 861 2093 et
891 2066 1024 2100 tanquam
1051 2070 1160 2090 eoecom-

1017 130 1266 158 stiN't'ENTlARUM
1290 130 1347 158 Llss.
1370 131 1386 157 l.

1221 206 1384 234 nzttxniccttos
1405 209 1432 234 et
1445 206 1654 235 schismaticos.
1672 208 1811 236 Cui-iosos
1821 209 1841 242 ⁷,
1856 209 1921 246 quia
1940 209 1998 238 sine
2014 210 2062 238 liu-

1222 252 1263 280 ius
1284 252 1394 280 articuli
1416 252 1586 288 professione
1608 253 1684 282 salus
1704 257 1772 282 erat.
1788 255 1879 290 Quare
1900 262 1966 292 ergo
1981 255 2064 284 intro-

1220 297 1356 326 miserunt
1377 305 1407 326 se
1434 298 1521 326 Latini
1544 299 1595 327 lioc
1623 300 1804 336 perquirere,
1825 300 1899 337 quod
1928 309 1982 329 non
2010 301 2061 329 fuit

1219 351 1407 372 necessarium
1415 347 1426 372 Ῥ

1297 390 1348 418 Sed
1371 390 1405 418 ad
1428 391 1480 419 hoc
1500 394 1575 428 patet
1595 392 1747 429 responsio,
1768 393 1851 429 quia⁸
1872 396 2061 430 opportunum
2099 402 2197 426 Responsio
2235 410 2247 429 ¹}

2074 426 2098 443 ad
2108 426 2140 444 lias
2148 431 2198 444 accu-

2073 449 2160 467 sationes.

1218 436 1270 464 suit
1289 439 1403 473 propter
1424 437 1581 473 periculum
1604 438 1631 466 in
1653 439 1727 475 quod
1749 439 1800 476 ipsi
1816 439 1981 468 inciderunt.

1297 482 1447 516 Similiter,
1476 484 1573 512 dicunt
1600 492 1650 512 nos
1678 485 1960 519 exmmmzmieatos,
1995 486 2061 522 quia

1218 529 1347 565 Symbola
1361 530 1586 566 corrumpimus,
1610 531 1635 559 in
1658 531 1761 568 quihus
1776 539 1826 568 per
1847 535 1955 560 sanctos
1970 532 2063 561 Patres

1217 575 1270 603 sul)
1291 576 1587 605 excommunicationis
1608 584 1697 613 poena
1718 577 1771 606 hoc
1792 580 1853 605 erat
1880 578 2062 614 prohibitum.

1297 623 1326 650 Et
1346 622 1381 650 ad
1404 623 1455 651 hoc
1476 626 1551 659 patet
1572 624 1715 660 responsio
1740 632 1790 661 per
1812 625 1968 661 praedicta,
1997 624 2063 661 quia
2096 646 2111 655 ,κ

1217 677 1271 696 ΠοΠ
1299 670 1522 706 corrumpimus.
1544 670 1593 698 sed
1620 670 1816 707 perficimus⁹;
1845 678 1895 699 nec
1926 671 2059 699 sententia

1217 715 1271 743 lata
1292 719 1333 743 est
1348 719 1443 744 eontra
1463 717 1650 753 perficientes,
1666 717 1715 745 sed
1730 720 1826 746 contra
1840 719 2059 754 corrumpentes.

1222 762 1268 790 Vel
1288 765 1378 798 potest
1399 762 1467 797 dici,
1483 763 1554 791 sicut
1568 763 1634 791 dicit
1652 763 1796 792 Anselmus
1810 764 1841 798 ¹⁰,
1863 764 1938 801 quod
1956 771 2061 792 novum
2070 772 2112 791 Atia
2125 777 2201 798 respon-
2248 758 2250 789 J

1216 809 1369 842 edidiuius:
1390 812 1417 837 et
1438 809 1489 837 hoc
1510 809 1624 845 quidem
1645 810 1735 838 facere
1756 810 1912 846 potuimus,
1933 810 1999 846 quia
2014 811 2061 838 Ro·
2115 801 2148 813 Μ’
2242 805 2243 812 ’

1216 863 1297 883 mana
1320 855 1439 883 Ecclesia
1459 855 1660 891 plenitudinem
1682 856 1825 892 potestatis
1846 864 1863 884 a
1885 857 1974 891 Petro,
1995 857 2061 893 Apo

1216 901 1351 930 stolorum
1372 902 1505 938 principe,
1527 905 1684 939 acceperat,
1702 903 1730 930 in
1751 911 1807 939 qua
1818 903 1835 917 ¹¹
1856 902 1933 931 nulla
1947 902 2060 931 Patrum

1216 948 1351 976 sententia
1372 955 1422 976 uec
1444 948 1622 976 interdictum
1647 949 1738 985 potuit
1758 956 1807 977 nec
1829 951 1937 977 arctare
1957 956 2008 977 nec
2035 949 2059 978 ei

1216 994 1409 1031 praeiudicare
1428 1002 1479 1023 nec
1501 994 1587 1031 ligare
1608 1002 1669 1023 eam
1691 995 1726 1023 ad
1747 995 1862 1032 aliquid.

1294 1040 1435 1068 Similiter
1456 1040 1553 1069 dicunt
1569 1049 1619 1069 nos
1639 1040 1855 1075 schismaticos,
1870 1041 1936 1078 quia
1950 1050 1964 1070 a
1980 1041 2061 1070 nobis

1216 1087 1318 1124 incepit
1331 1087 1351 1100 ¹²
1378 1087 1493 1122 divisi03
1514 1095 1578 1116 cum
1600 1088 1672 1116 enim
1696 1088 1748 1117 hoc
1762 1088 1898 1116 vellemus
1919 1096 2060 1122 asserere,

1216 1134 1358 1163 noluimus
1378 1142 1425 1163 eos
1447 1142 1555 1163 vocare.

1296 1181 1326 1209 Et
1346 1181 1381 1209 ad
1404 1181 1455 1210 hoc
1476 1181 1639 1217 responderi
1661 1183 1751 1218 potest
1772 1189 1823 1218 pro
1851 1181 1965 1216 Latinis,
1986 1182 2062 1218 quod

1217 1235 1263 1256 eos
1278 1235 1378 1256 vocare
1392 1235 1446 1255 non
1461 1227 1514 1255 fuit
1526 1231 1724 1264 opportunum
1738 1244 1776 1248 -—
1787 1227 1853 1264 quia
1869 1227 1988 1256 Ecclesia
2003 1228 2061 1256 sine

1217 1275 1256 1303 eis
1271 1274 1323 1302 hoc
1338 1277 1447 1311 poterat
1457 1291 1494 1295 ——
1503 1278 1530 1303 et
1544 1274 1596 1303 hoc
1610 1274 1638 1308 ¹³,
1653 1275 1719 1311 quia
1733 1277 1793 1303 erat
1808 1274 1987 1303 laboriosum
2001 1283 2062 1312 pro-

1216 1324 1278 1358 pter
1300 1321 1474 1355 distantiam,
1496 1324 1556 1349 erat
1584 1320 1815 1358 infructuosum,
1837 1322 1903 1359 quia
1924 1322 1979 1350 iam
2006 1329 2061 1350 non

1216 1370 1276 1396 erat
1297 1367 1325 1395 in
1340 1367 1450 1396 Graecis
1471 1367 1605 1404 sapientia
1620 1370 1707 1402 tanta,
1726 1367 1798 1396 sicut
1812 1368 1912 1402 suerat,
1926 1367 2012 1396 immo
2025 1367 2064 1396 adv

1217 1414 1325 1442 Latinos
1355 1414 1515 1447 transierat,
1544 1416 1604 1442 erat
1635 1413 1817 1441 nihilominus
1841 1413 2058 1450 periculosum,

1216 1461 1281 1498 quia
1305 1461 1379 1498 quod
1400 1468 1452 1497 pro
1466 1463 1542 1489 certo
1562 1460 1723 1489 habendum
1739 1462 1799 1489 erat
1819 1459 1977 1497 periculum
2001 1461 2061 1488 erat

1216 1508 1319 1536 ducere
1340 1508 1367 1535 in
1389 1507 1516 1536 dubium.

1294 1555 1325 1583 Et
1339 1555 1377 1583 sic
1392 1557 1482 1591 patet,
1504 1554 1578 1591 quod
1600 1554 1715 1582 frivolae
1737 1556 1802 1582 sunt
1820 1561 1918 1582 eorum
1940 1560 2059 1580 accusa-

1216 1601 1313 1629 tiones.
1328 1601 1367 1629 Ad
1382 1601 1511 1629 rationes
1525 1603 1632 1635 autem,
1647 1600 1794 1629 intellectis
1809 1607 1880 1636 quae
1899 1599 1972 1628 dicta
1986 1601 2058 1632 sunt,

1215 1647 1294 1676 facile
1315 1650 1357 1676 est
1377 1647 1555 1684 respondere.

1296 1695 1319 1722 1.
1341 1694 1379 1722 Ad
1395 1694 1464 1722 illud
1485 1701 1552 1730 ergo
1566 1693 1641 1730 quod
1662 1693 1799 1727 obiicitur,
1818 1693 1893 1730 quod
1912 1691 2057 1729 processio
2078 1700 2188 1726 summop-

1214 1743 1256 1769 est
1276 1740 1311 1768 ab
1332 1748 1387 1768 uno
1409 1740 1435 1768 in
1450 1740 1550 1773 aliurn,
1572 1740 1734 1771 dicendum,
1755 1740 1831 1776 quod
1846 1747 1944 1768 verum
1964 1741 2005 1767 est
2023 1725 2172 1767 dep⁰⁵¹t⁰¹¹¹m⁴

1215 1787 1389 1823 processione
1412 1786 1510 1820 locali,
1527 1786 1575 1815 sed
1596 1794 1650 1814 non
1666 1790 1708 1815 est
1721 1794 1820 1815 verum
1835 1786 1870 1815 de
1883 1785 2058 1823 processione

1215 1832 1344 1865 causali,
1366 1833 1437 1861 sicut
1458 1833 1529 1861 infra
1549 1833 1651 1861 melius
1661 1833 1765 1870 patebit
1776 1832 1807 1867 ¹⁴3
1822 1840 1886 1861 cum
1906 1831 2058 1869 procedere-

1216 1878 1242 1905 in
1258 1878 1343 1907 alium
1357 1880 1393 1916 sit
1404 1880 1561 1916 dupliciter,
1576 1883 1625 1908 aut
1640 1880 1705 1916 quia
1720 1880 1745 1907 in
1758 1879 1844 1908 alium
1859 1879 1946 1907 tendit
1956 1878 2028 1907 sicut
2039 1877 2058 1893 ¹⁵

1216 1923 1372 1958 obieetmn;
1388 1928 1415 1953 et
1429 1927 1468 1954 sic
1483 1927 1602 1963 Spiritus
1617 1930 1729 1955 sanctus
1744 1929 1786 1955 est
1800 1934 1890 1959 amor,
1905 1933 1961 1962 quo
1974 1924 2058 1952 Filius

1216 1973 1290 1997 amat
1310 1970 1433 2005 Patrem,
1455 1972 1527 2001 sicut
1547 1980 1561 2001 e
1576 1980 1725 2006 converso;
1740 1972 1761 2000 si
1777 1975 1870 2000 autem
1889 1971 1928 2000 sic
1948 1971 2057 2000 dicatur

1216 2016 1367 2051 procedere
1390 2017 1416 2044 in
1437 2018 1575 2054 aliquem,
1596 2022 1627 2047 ut
1647 2019 1682 2047 ab
1703 2027 1733 2047 eo
1751 2018 1924 2055 recipiatur,
1946 2017 2057 2046 omnino

1218 2062 1321 2090 stultus
1341 2065 1383 2090 est
1404 2063 1566 2093 intellectus.
1591 2065 1636 2093 Est
1656 2066 1730 2093 enim
1752 2065 1856 2098 dicere,
1878 2064 1953 2101 quod
1970 2071 2057 2097 amor,

384 2185 391 2199 1
410 2185 471 2207 Multi
488 2184 553 2206 codd.
572 2184 678 2205 omittunt
693 2181 778 2206 modo.
806 2181 869 2210 quod
892 2181 940 2203 Vat.
966 2181 1091 2208 transponit
1109 2181 1161 2207 post

320 2223 430 2247 secundo.

383 2262 393 2276 2
409 2262 463 2284 Fide
480 2267 534 2283 mss.
552 2263 573 2283 et
589 2260 625 2282 ed.
645 2261 653 2281 «1
674 2259 834 2287 supplevimus
851 2257 929 2280 liuius.
946 2257 997 2278 Mox
1013 2257 1082 2284 aliqui
1093 2256 1160 2278 codd.

322 2304 346 2323 ut
364 2302 392 2323 lZ
410 2307 463 2323 cum
480 2301 516 2323 ed.
538 2301 543 2322 1
565 2299 649 2322 Latino
667 2305 709 2326 pro
725 2297 873 2324 Latinorum,
893 2299 915 2319 et
932 2297 1000 2324 paulo
1022 2296 1079 2318 infra
1096 2295 1161 2317 multi

323 2340 391 2362 codd.
404 2342 427 2362 ut
439 2340 456 2361 A
465 2339 481 2361 F
490 2339 508 2360 G
517 2339 535 2360 H
545 2338 563 2360 T
576 2341 617 2360 etc.
631 2343 683 2359 cum
696 2337 732 2359 ed.
750 2337 754 2358 l
770 2339 822 2364 post
838 2334 973 2358 necessitate
990 2334 1077 2357 addunt
1088 2333 1162 2356 nobis-

323 2384 375 2400 cum
392 2377 527 2406 particulam
544 2378 571 2399 et.

383 2416 393 2431 3
410 2417 460 2439 Vat.
478 2418 555 2438 contra
573 2415 712 2443 antiquiores
729 2413 795 2436 codd.
813 2416 833 2435 et
859 2412 894 2434 cd.
925 2413 930 2433 1
960 2411 1035 2441 aliqui
1059 2410 1102 2433 ltoc
1125 2416 1161 2433 ne-

321 2456 412 2485 yurent.

384 2493 393 2507 ⁴
410 2493 449 2515 Ed.
471 2494 476 2514 1
498 2490 564 2515 addit'
577 2498 613 2514 ez.

385 2532 394 2546 ⁵
411 2532 450 2554 Ed.
479 2532 483 2553 l
513 2530 638 2560 defuerunt
662 2530 711 2551 loco
736 2535 782 2552 uon
807 2528 911 2557 suerunt.
938 2527 1006 2549 Paulo
1031 2527 1088 2548 infra
1110 2529 1162 2554 post

323 2570 454 2600 pertinacia
471 2570 537 2592 codd.
555 2569 599 2597 ΡΩ
616 2569 722 2590 adiiciunt
740 2567 802 2597 quia.

385 2609 394 2623 θ
412 2610 460 2631 Vat.
479 2614 531 2630 eum
543 2608 592 2630 cod.
606 2614 631 2630 ce.
642 2607 740 2636 necant,
753 2606 794 2628 sed
805 2608 882 2628 contra
898 2606 953 2627 alios
968 2604 1035 2627 codd.
1053 2607 1075 2627 et
1091 2604 1127 2626 ed.
1142 2604 1160 2625 1.

385 2648 394 2662 7
411 2647 465 2670 Cod.
483 2648 502 2670 V
522 2647 645 2676 Tanquam
661 2645 776 2668 curiosos.

386 2685 395 2700 8
412 2686 501 2708 Praeter
517 2685 587 2708 sidem
604 2691 658 2707 mss.
676 2688 698 2707 et
714 2690 753 2706 sex
770 2684 897 2711 primarum
914 2682 966 2705 edd.
986 2683 1009 2703 iu
1031 2682 1081 2704 Vat.
1099 2682 1162 2703 omit·

325 2726 377 2747 titur
394 2724 448 2754 quiu
460 2743 465 2752 ,
482 2725 547 2746 sicuti
564 2728 585 2746 et
602 2723 670 2751 paulo
688 2723 745 2745 infra
757 2726 833 2745 contra
845 2722 984 2751 antiquiores
996 2721 1062 2743 codd.
1075 2722 1096 2742 et
1108 2720 1160 2742 edd.

328 2764 334 2785 1
349 2781 353 2791 ‚
373 2762 400 2790 li,
419 2762 432 2784 5
450 2763 586 2790 praepositio
602 2762 633 2784 in.

386 2801 396 2815 θ
413 2802 486 2830 Aliqui
508 2801 574 2823 codd.
601 2803 626 2823 ut
649 2800 723 2822 KXZ
749 2799 913 2829 corrupimus,
940 2798 981 2822 sed
1003 2797 1161 2827 perfecimus,-

326 2841 394 2868 aliqui
411 2842 436 2861 ut
452 2840 537 2861 GlllS
554 2845 607 2861 cum
627 2839 663 2861 ed.
691 2839 698 2861 1
728 2838 914 2867 corrumpimus,
942 2837 982 2860 sed
1002 2836 1160 2867 perfecimus,-

323 2880 360 2901 alii
378 2878 483 2901 exhibent
500 2885 552 2901 cum
570 2879 619 2901 Vat.
636 2878 754 2900 lectionem
772 2881 879 2900 nostram.

1279 2178 1298 2193 ¹⁰
1314 2179 1375 2201 Libr.
1393 2180 1421 2201 de
1438 2180 1538 2202 Process.
1564 2181 1623 2208 Spir.
1648 2181 1669 2203 S.
1696 2187 1714 2203 c.
1738 2182 1782 2203 22:
1808 2180 1998 2209 Respondemus,
2015 2185 2057 2205 nos

1217 2217 1272 2239 illud
1290 2223 1334 2239 non
1351 2219 1496 2246 corrupisse,
1514 2219 1553 2241 sed
1579 2219 1640 2241 aliud
1666 2226 1752 2242 novum
1777 2219 1884 2242 edidisse.
1909 2230 1941 2235 —
1963 2218 2013 2240 Mox
2030 2224 2056 2240 ex

1218 2256 1324 2283 pluribus
1341 2256 1407 2278 codd.
1424 2259 1450 2278 ut
1466 2256 1486 2278 X
1497 2256 1516 2278 Y
1533 2263 1559 2278 aa
1577 2262 1630 2279 cum
1648 2257 1686 2279 ed..
1703 2258 1711 2279 1
1731 2259 1753 2281 et
1768 2257 1811 2281 lzoc
1828 2256 1921 2287 quidem
1932 2257 1983 2279 loco
1994 2255 2058 2286 quod

1217 2294 1310 2323 quidem
1327 2295 1461 2323 posuimus,
1480 2295 1542 2323 quod
1560 2295 1750 2325 confirmaturex
1762 2297 1886 2324 incongrua
1898 2295 2058 2318 lectionealio-

1217 2339 1269 2355 rum
1286 2333 1352 2356 codd.
1371 2334 1392 2356 et
1408 2333 1471 2363 quod
1487 2333 1587 2363 quidem.

1280 2372 1297 2386 ¹¹
1316 2373 1366 2395 Vat.
1384 2376 1461 2395 contra
1479 2374 1563 2395 multos
1580 2372 1646 2395 codd.
1664 2375 1690 2395 ut
1705 2372 1911 2403 AFGJLOTW
1928 2375 1970 2396 etc.
1987 2374 2010 2395 et
2020 2372 2056 2396 ed.

1222 2412 1227 2432 l
1248 2417 1327 2440 quoin,
1347 2417 1373 2433 ac
1389 2414 1479 2439 praeter
1496 2411 1565 2433 fidem
1583 2417 1637 2433 mss.
1655 2414 1676 2433 et
1692 2411 1728 2433 ed.
1748 2411 1756 2433 1
1773 2414 1824 2438 post
1834 2410 1984 2434 interdictum
1995 2410 2058 2437 addit

1216 2455 1312 2478 ponere.
1330 2450 1369 2472 Ed.
1389 2450 1397 2471 1
1418 2449 1556 2473 interdicere
1573 2456 1614 2477 pro
1631 2449 1788 2472 interdictum.
1824 2479 1826 2481 ‚
2031 2445 2034 2448 ’

1280 2488 1299 2502 ¹²
1316 2488 1467 2511 Praeserimus
1485 2489 1604 2511 lectionem
1622 2489 1782 2510 nonnullorum
1800 2494 1853 2510 mss.
1872 2490 1896 2510 ut
1916 2488 1990 2509 lllW
2015 2490 2056 2510 etc.

1218 2525 1303 2555 incepit
1320 2527 1369 2549 loco
1388 2526 1473 2556 incipit.

1283 2565 1302 2579 ¹³
1318 2566 1455 2587 Auctoritate
1472 2566 1625 2593 plurimorum
1636 2571 1691 2587 mss.
1703 2568 1725 2587 et
1736 2565 1772 2587 ed.
1786 2565 1795 2586 1
1810 2565 1969 2592 supplevimus
1980 2564 2057 2596 abed.

1218 2604 1268 2625 Vat.
1285 2605 1397 2625 omissum
1415 2603 1473 2631 hoc,
1493 2604 1537 2626 sul)
1555 2610 1601 2632 quo
1617 2604 1744 2631 intelligas:
1761 2609 1805 2625 non
1831 2603 1873 2625 fuit
1895 2600 2056 2631 opportunum.

1218 2642 1268 2664 Mox
1290 2646 1341 2670 post
1366 2641 1541 2671 iufritctuosmn
1563 2649 1676 2665 consensu
1702 2648 1756 2664 mss.
1779 2644 1801 2664 et
1816 2642 1853 2664 ed.
1872 2643 1880 2664 1
1907 2643 2058 2669 expunximus

1218 2681 1288 2703 verba
1305 2682 1401 2710 propter
1417 2681 1582 2710 insipientiam.

1281 2719 1300 2734 ¹⁴
1317 2720 1371 2742 Dist.
1391 2719 1427 2742 ¹14.
1445 2726 1464 2741 a.
1484 2721 1503 2742 1.
1522 2726 1543 2748 q.
1563 2721 1582 2741 1.

1281 2758 1300 2773 15
1316 2758 1379 2780 Unus
1395 2758 1480 2780 alterve
1497 2759 1547 2781 cod.
1565 2761 1590 2780 ut
1606 2759 1623 2780 ll
1641 2759 1663 2785 (a
1680 2759 1780 2781 secunda
1797 2758 1876 2786 manu)
1894 2763 1947 2780 cum
1958 2757 1995 2780 ed.
2010 2758 2017 2779 1
2030 2757 2057 2783 ,εἴη

1219 2797 1347 2825 obiectum,
1365 2800 1417 2824 post
1433 2797 1496 2825 quod
1513 2798 1563 2819 cod.
1581 2798 1601 2819 X
1619 2798 1682 2820 addit
1698 2798 1741 2820 aut
1756 2797 1812 2827 quia
1836 2796 1861 2819 in
1885 2796 1961 2819 alium
1986 2795 2060 2824 tendit

1218 2835 1266 2863 ito,
1286 2835 1349 2865 quod
1364 2834 1393 2858 ab
1410 2841 1435 2858 eo
1457 2835 1602 2864 recz'pzsatnr;
1628 2836 1649 2859 si
1672 2836 1729 2865 qaia
1752 2835 1777 2859 in
1801 2835 1877 2859 alium
1902 2834 1973 2858 tendit
1997 2834 2058 2857 sicut

1218 2874 1337 2897 obiectum.
2007 2883 2009 2885 >

2232 3261 2235 3317 *-—
2230 3135 2237 3242 ——b
2233 3070 2237 3123 .-
