2253 3317
0 467 10 510 {22
0 410 10 462 „ur-
0 430 5 439 -=
0 109 15 418 ‹·—.*2·araen·3;2‹·;2:ff---.2:52

0 526 10 557 η.

4 557 6 568 1

0 576 2 587 Ι
6 569 10 580 1

0 590 1 599 l

0 607 6 639 l.

0 647 9 782 l

51 646 159 672 intellectus

37 670 110 696 triplici
134 671 166 697 ha-

34 693 79 734 altitu
92 694 165 717 perfici-

808 145 1002 176 PROOEMH
1034 146 1202 182 QUAEST.
1236 146 1288 175 ΙΙΙ.

476 232 714 254 CONCLUSIO.

177 319 304 349 Scientia
326 318 466 356 tlteloyz'ca
487 322 530 347 est
551 317 668 346 liabitas
690 317 841 356 affectione
863 320 888 345 et
909 317 1021 345 medius

256 367 331 395 inter
353 365 565 404 speculativam
588 368 613 393 ct
632 364 816 401 practicam,
838 368 863 392 et
887 372 943 401 pro
965 363 1021 400 sine

255 412 339 441 habet
359 416 421 441 tum
442 411 726 449 contemplationem,
755 414 816 439 tum
837 414 870 439 ut
884 410 952 439 boni
971 409 1023 447 sia-

254 468 337 493 wittS,
359 459 515 497 etquidem
527 458 746 496 principalius,
768 461 802 486 ut
817 457 884 486 bom‘
903 457 1021 494 siamus.

253 554 428 582 Responnno:
454 553 494 581 Ad
515 551 724 589 intelligentiam
746 551 956 588 praedictorum
978 559 1023 580 no-

176 600 294 629 tandum
316 602 372 634 est,
394 599 469 636 quod
491 598 662 635 perfectibile
683 605 699 625 a
732 598 847 626 scientia
875 600 916 626 est
948 597 1024 626 intel-

178 647 268 675 lectus
293 648 395 675 noster.
409 646 417 658 ¹
439 645 517 673 Hunc
553 647 647 673 autem
679 644 812 680 contingit
846 644 1024 673 considerare

177 693 338 730 tripliciter,
369 691 473 720 scilicet
503 690 534 719 iot
561 699 607 725 se,
628 691 673 719 vel
693 693 779 728 prout
800 690 963 719 extenditur
985 690 1025 718 ad

179 738 331 777 affectum,
353 738 399 766 vel
419 740 505 775 prout
519 737 681 766 extenditur
696 737 738 765 ad
754 745 835 774 opus.
858 736 1024 765 Extenditur

176 788 270 814 autem
292 784 449 813 intellectus
470 792 521 821 per
543 784 659 812 modum
681 783 809 812 dictantis
818 786 845 812 et
859 783 1022 819 regulantis.

177 831 337 860 Secundum
358 831 434 859 hunc
454 830 593 867 triplicem
614 833 734 864 statum,
757 830 822 867 quia
835 829 844 842 ²
866 836 963 858 errare
979 837 1025 866 po-

176 880 244 912 test,
265 877 349 905 habet
370 876 509 913 triplicem
532 875 664 904 habitam
694 876 876 904 clirectz'vum.
905 875 974 904 Nam
1001 877 1023 905 si

175 923 384 953 consideremus
405 922 577 951 intellectum
593 922 624 950 in
643 931 687 957 se,
709 922 748 950 sic
770 924 811 950 est
831 922 944 959 proprie
964 930 1023 959 spe-

175 970 314 999 culativus
342 972 369 998 et
395 969 541 1006 perficitur
568 968 603 996 ab
633 968 746 1003 habitu,
768 968 815 1005 qui
838 972 879 997 est
902 971 1024 997 contem-

175 1016 304 1053 plationis
327 1016 430 1053 gratia,
459 1015 507 1052 qui
521 1016 529 1029 ³
559 1016 661 1045 dicitur
682 1015 804 1043 scientia
832 1015 1020 1052 speculativa.

175 1064 203 1092 Si
216 1066 311 1092 autem
332 1063 541 1092 consideremus
566 1062 659 1099 ipsum
686 1065 718 1090 ut
732 1065 830 1091 natum
852 1063 964 1091 extendi
981 1062 1022 1091 ad

176 1119 264 1147 opus,
292 1110 331 1138 sic
358 1108 504 1146 perficitur
531 1109 566 1137 ab
595 1109 708 1143 habitu,
737 1109 785 1146 qui
817 1112 874 1144 θεῖ,
902 1113 934 1137 ut
956 1109 1019 1138 boni

175 1158 292 1191 fiamus;
313 1159 340 1185 et
361 1157 406 1185 hic
421 1159 462 1184 est
478 1155 600 1184 seientia
615 1156 753 1192 practica
775 1157 833 1184 sive
855 1157 976 1185 moralis.
993 1156 1019 1185 Si

173 1206 267 1233 autem
288 1203 380 1232 medio
401 1203 484 1231 modo
506 1202 698 1231 consideretur
719 1205 751 1230 ut
772 1203 876 1231 natus⁴
905 1203 1018 1232 extendi

1887 144 1920 173 13

1079 223 1120 251 acl
1139 222 1290 261 affectam.
1313 224 1352 253 sic
1375 224 1521 261 perficitur
1552 224 1587 253 ab
1618 223 1716 252 habitu
1738 223 1830 252 medio
1850 222 1922 251 inter

1079 278 1150 307 pure
1179 271 1385 308 speculativum
1413 274 1440 299 et
1468 271 1639 308 practicam,
1660 270 1708 308 qui
1729 270 1922 307 complectitur

1080 320 1252 355 utrumque;
1275 321 1301 347 et
1323 319 1368 347 hic
1390 318 1503 347 habitus
1531 318 1634 347 dicitur
1665 316 1828 354 sapientia,
1851 325 1923 354 quae

1081 364 1165 393 simul
1187 365 1253 393 dicit
1274 365 1459 402 cognitionem
1473 367 1500 393 et
1515 364 1664 393 affectum:
1681 363 1832 400 Sapientia
1847 363 1924 392 enim
1949 373 2049 400 Sapie-ntia·

1081 411 1231 440 doetrinae
1251 415 1293 439 est
1312 411 1472 439 secundum
1500 419 1604 439 nomen
1631 411 1709 445 eim,
1742 409 1922 439 Ecclesiastici
1941 399 2063 444 ⁹⁵}a{)⁰333³‚‘¹²

1080 460 1170 486 sexto.
1185 458 1194 471 ⁵
1217 458 1293 487 Unde
1314 458 1359 487 hic
1380 461 1421 487 est
1443 458 1682 495 contemplationis
1708 457 1812 494 gratia,
1833 460 1860 486 et
1891 460 1922 485 ut

1079 504 1145 533 boni
1166 504 1282 539 fiamus,
1305 503 1494 542 principaliter
1516 509 1626 539 tamen,
1648 507 1680 533 ut
1700 505 1765 533 boni
1785 504 1895 533 fiamus.

1160 551 1232 580 Talis
1252 554 1294 580 est
1315 551 1433 589 cognitio
1453 551 1556 580 tradita
1570 551 1598 579 in
1619 551 1671 580 hoc
1692 551 1772 579 libro.
1794 550 1863 579 Nam
1881 558 1923 579 co-
1947 552 2054 572 omousio.

1081 596 1166 633 gnitio
1188 597 1256 626 haec
1283 598 1361 626 iuvat
1387 598 1488 632 fidem,
1517 601 1544 627 et
1575 597 1645 627 fides
1677 597 1715 626 sic
1736 600 1778 626 est
1798 598 1826 626 in
1845 597 1922 626 intel·

1081 643 1169 678 lectu,
1191 647 1238 677 ut,
1260 647 1397 681 quantum
1412 647 1454 673 est
1469 644 1503 673 de
1525 644 1568 673 sui
1590 645 1711 680 ratione,
1733 648 1797 673 nata
1811 644 1846 672 sit
1867 652 1922 672 mo-

1081 697 1147 718 vere
1161 690 1319 719 affectum&
1333 691 1363 718 Et
1377 691 1429 719 hoc
1444 693 1527 727 patet.
1542 691 1611 719 Nam
1626 691 1694 721 haec
1708 691 1834 728 cognitio,
1846 690 1921 728 quod

1081 735 1208 764 Christus
1228 744 1280 773 pro
1301 736 1380 765 nobis
1401 740 1530 765 mortuus
1552 739 1608 771 est,
1629 740 1656 766 et
1677 737 1848 772 consimiles,
1869 737 1922 765 nisi

1081 782 1116 811 sit
1131 782 1214 811 homo
1228 785 1356 819 peccator
1374 785 1401 812 et
1416 783 1521 818 durus,
1542 786 1635 812 movet
1656 784 1691 812 ad
1705 791 1845 818 amorem3
1867 792 1922 812 non

1081 830 1120 858 sic
1141 830 1206 858 ista:
1229 830 1305 867 quod
1327 830 1462 863 diameter
1483 833 1524 859 θεῖ
1544 832 1682 868 asymeter
1703 833 1794 860 costae
1807 831 1825 858 ⁷.

1158 876 1372 905 Concedendum
1393 885 1474 913 ergo,
1496 878 1572 914 quod
1593 880 1649 912 est⁷
1671 880 1703 906 ut
1724 878 1788 906 boni
1813 877 1922 906 fiamus.

1162 924 1184 951 1.
1207 924 1286 960 Quod
1308 924 1453 959 obiicitur,
1475 924 1551 961 quod
1564 924 1573 938 ‘³
1605 928 1646 954 est
1676 925 1711 953 ad
1742 926 1923 962 pandendum
1937 934 2008 960 Solum>
2030 940 2064 959 op.

1080 969 1260 1004 abscondita3
1295 970 1461 1005 dicendum,
1489 971 1565 1007 quod
1597 971 1634 1000 ibi
1661 980 1716 1000 non
1745 975 1787 1001 est
1817 960 2034 1007 status,¹³⁰⁵¹²⁰mm'

1079 1018 1145 1055 quia
1166 1019 1213 1046 illa
1234 1018 1366 1046 revelatio
1387 1018 1498 1046 ordinat
1518 1018 1552 1046 ad
1574 1018 1713 1047 affectum.

1160 1066 1185 1092 Ξ).
1209 1064 1235 1093 3.
1257 1064 1337 1101 Quod
1358 1064 1503 1099 obiicitur,
1526 1066 1601 1103 quod
1616 1073 1671 1093 non
1692 1068 1734 1094 est
1747 1065 1781 1094 de
1796 1066 1922 1094 moribus

1077 1119 1138 1152 nec<
1150 1111 1184 1140 de
1207 1112 1250 1140 his
1279 1119 1351 1149 quae
1379 1115 1444 1140 sunt
1464 1113 1500 1141 ab
1522 1121 1606 1150 opere
1628 1117 1738 1146 nostro;
1771 1112 1826 1141 iam
1848 1116 1922 1150 patet

1078 1155 1223 1194 responsio
1243 1157 1279 1186 ad
1301 1157 1371 1186 illud
1384 1157 1410 1192 ⁹,
1432 1159 1497 1195 quia
1520 1159 1579 1196 ipse
1594 1159 1718 1196 loquitur
1739 1159 1774 1188 de
1788 1159 1835 1187 illa
1850 1167 1921 1196 quae

1076 1204 1189 1240 proprie
1211 1206 1268 1239 est,
1290 1207 1322 1233 ut
1342 1205 1407 1234 boni
1429 1205 1545 1240 fiamus,
1567 1208 1599 1235 ut
1620 1206 1655 1236 de
1676 1206 1805 1243 practica.

900 1314 1162 1353 SOHOLION.

236 1421 251 1442 1.
269 1420 330 1443 Haec
347 1420 450 1449 quaestio
468 1420 620 1442 communiter
642 1420 674 1442 sic
696 1420 846 1447 proponitur:
862 1422 941 1441 utrum
958 1421 1020 1443 theo-

173 1461 233 1489 logia
245 1461 272 1483 sit
284 1460 432 1488 speculativa,
444 1465 472 1481 an
484 1459 599 1487 practica?
617 1458 728 1486 Attamen,
741 1460 816 1482 stricte
826 1459 948 1488 loquendo,
961 1461 1019 1483 inter

174 1501 236 1522 hunc
253 1502 275 1522 et
296 1499 359 1521 illum
382 1497 490 1527 loquendi
513 1497 609 1519 modum
632 1500 666 1519 est
688 1497 821 1520 differentia.
844 1498 901 1520 Nam
923 1498 1021 1528 proprie

169 1538 277 1569 practica
295 1541 329 1561 est
340 1539 416 1560 notitia
424 1556 429 1566 ,
447 1543 507 1566 quae
524 1543 566 1564 per
577 1542 601 1558 se
613 1539 647 1558 est
659 1536 791 1559 ordinabilis
803 1537 832 1559 ad
844 1537 1004 1567 operationem
1010 1546 1019 1566 ,-

173 1581 196 1600 et
212 1578 234 1599 in
252 1578 296 1599 hoc
312 1583 381 1599 sensu
399 1577 420 1598 S.
444 1576 528 1598 Doctor
551 1579 618 1603 negat
633 1594 638 1604 ,
664 1576 803 1604 theologiam
828 1582 878 1598 esse
895 1577 1019 1604 practicam

173 1616 212 1645 (ad
228 1617 253 1638 2.
271 1619 294 1638 et
316 1616 354 1644 3.).
380 1615 426 1637 Sed
448 1618 472 1637 ut
498 1613 553 1637 bom·
568 1614 655 1644 fiamus
674 1621 716 1642 per
734 1614 883 1637 directionem
900 1615 930 1637 ad
947 1615 1018 1645 finem

172 1654 283 1678 *initimum
301 1655 350 1676 sivo
372 1660 414 1681 per
436 1654 638 1676 inflammationem
661 1654 767 1682 affectus,
791 1654 834 1676 hoc
856 1655 914 1677 inter
939 1661 1018 1682 specu·

172 1694 253 1717 lativas
269 1694 374 1716 scientias
391 1693 550 1721 propriissime
567 1693 674 1715 convenit
690 1693 824 1721 theologiae.

234 1733 258 1755 11.
270 1733 293 1754 111
306 1738 369 1760 corp.
383 1733 483 1760 tangitur
494 1733 597 1761 quaestio
609 1733 667 1755 inter
679 1733 825 1755 scholasticos
838 1734 928 1761 agitata,
940 1736 1018 1756 utrum

172 1773 285 1800 theologia
302 1772 330 1794 sit
346 1770 476 1801 sapientia,
495 1770 559 1799 quod
571 1772 724 1793 communiter
740 1772 878 1799 affirmatur⁷
897 1772 937 1794 cfr.
955 1772 1016 1794 Alex.

172 1812 235 1840 Hal.y
253 1812 275 1833 S.
293 1818 315 1839 p.
334 1811 348 1832 1.
366 1817 387 1839 q.
410 1810 426 1832 1.
450 1815 479 1831 m.
503 1810 519 1831 l.
536 1821 567 1825 —
581 1809 657 1835 Scot,
677 1810 690 1831 1.
710 1810 769 1831 Seni.
788 1810 877 1837 Prolog.
903 1817 924 1838 q.
949 1811 968 1832 3.
986 1823 1017 1826 —

171 1851 194 1873 S.
212 1850 332 1878 Thom.,l.
352 1851 412 1873 Sent.
432 1850 520 1877 Prolog.
539 1856 558 1871 a.
583 1850 600 1871 1.
627 1856 648 1877 q.
667 1849 693 1875 3,·
712 1849 733 1870 S.
757 1849 771 1870 l.
789 1855 810 1877 q.
833 1849 849 1870 l.
868 1855 887 1870 a.
906 1849 927 1870 6.
944 1861 976 1865 -
993 1850 1017 1871 B.

1078 1421 1175 1449 Aibert,
1187 1422 1202 1444 1.
1216 1423 1275 1445 Seni.
1294 1422 1315 1444 d.
1340 1423 1357 1445 1.
1376 1429 1395 1446 a.
1414 1423 1434 1445 4.
1453 1424 1481 1446 ad
1504 1425 1519 1447 l.
1537 1437 1569 1441 —
1585 1426 1691 1448 Ricliard.
1710 1433 1721 1448 a
1739 1426 1810 1455 Med.7
1829 1427 1843 1449 Ι.
1861 1428 1920 1450 Seni.

1078 1460 1167 1488 Prolog.
1185 1468 1207 1489 q.
1227 1461 1247 1483 5.
1266 1461 1294 1483 ad
1313 1462 1333 1484 3.
1351 1475 1382 1479 —
1399 1463 1473 1491 AEgid.
1491 1464 1516 1486 R.
1528 1482 1533 1492 ⁷
1552 1465 1565 1487 1.
1589 1464 1649 1487 Seni.
1674 1465 1761 1494 Prolog.
1781 1473 1802 1494 p.
1821 1469 1841 1490 2.
1860 1474 1881 1496 q.
1904 1470 1920 1490 l.

1076 1500 1176 1523 —Petr.
1195 1507 1206 1522 a
1226 1501 1290 1529 Tar.‚
1310 1502 1323 1523 1.
1342 1503 1401 1524 Sent.
1420 1503 1510 1531 Prolog.
1529 1510 1550 1532 q.
1573 1505 1590 1526 l.
1608 1506 1718 1528 —1101112
1740 1506 1827 1535 Gand.,
1854 1508 1874 1529 S.
1901 1515 1920 1530 a.

1078 1538 1098 1560 6.
1117 1545 1138 1567 q.
1157 1539 1177 1561 2.
1194 1552 1226 1556 —
1243 1540 1359 1569 Duraud.‚
1377 1543 1391 1564 l.
1411 1543 1470 1565 Sent.
1489 1544 1578 1572 Prolog.
1597 1551 1619 1573 q.
1642 1545 1658 1566 l.
1677 1546 1699 1567 in
1717 1545 1768 1567 tine.

1139 1578 1170 1600 lll.
1184 1579 1205 1601 ln
1219 1580 1268 1607 ipsa
1281 1581 1393 1604 solutione
1405 1583 1544 1611 quaestionis
1556 1589 1610 1605 cum
1622 1583 1746 1611 Seraphico
1755 1584 1851 1607 Doctore
1864 1588 1886 1608 et
1897 1592 1921 1608 re

1076 1618 1099 1638 et
1111 1615 1181 1638 modo
1198 1617 1306 1646 loquendi
1320 1621 1459 1643 conveniunt
1471 1621 1532 1644 Alex.
1544 1621 1605 1651 Hah,
1618 1622 1641 1645 B.
1656 1622 1753 1650 Albert.‚
1765 1623 1822 1645 Petr.
1836 1630 1848 1645 a
1861 1624 1920 1652 Τῑ11·.,

1076 1654 1152 1682 AEgid.
1180 1655 1222 1685 st,
1249 1657 1331 1679 Thom.
1360 1658 1389 1681 de
1414 1659 1544 1687 Argentina.
1564 1661 1585 1683 S.
1610 1661 1692 1684 Thom.
1718 1662 1740 1683 in
1768 1661 1920 1685 Commentar.

1077 1694 1101 1716 in
1118 1695 1178 1717 Sent.
1195 1696 1244 1718 loco
1262 1697 1319 1719 infra
1337 1698 1372 1720 cit.
1390 1699 1523 1727 simpliciter
1540 1700 1605 1723 dicit:
1630 1701 1690 1729 Ergo
1714 1701 1721 1727 (
1730 1702 1823 1724 scientia
1839 1702 1920 1731 saera)

1076 1739 1121 1755 non
1147 1737 1181 1757 est
1199 1737 1316 1764 practica,
1343 1737 1384 1759 sed
1409 1739 1567 1767 speculativa3
1592 1740 1615 1762 in
1638 1740 1733 1762 Summa
1758 1746 1834 1763 vero:
1857 1740 1921 1763 Com-

1077 1772 1199 1800 prehendit
1216 1774 1260 1796 sub
1277 1781 1301 1797 se
1319 1779 1456 1805 utrumque,
1474 1779 1549 1806 magis
1566 1785 1622 1801 vero
1639 1782 1672 1802 est
1689 1780 1830 1807 speculativa
1850 1786 1920 1809 quam

1076 1812 1183 1839 practica.
1200 1813 1260 1836 Haec
1283 1814 1362 1837 ultima
1379 1816 1461 1838 solutio
1479 1823 1562 1845 parum
1579 1817 1646 1840 distat
1663 1824 1676 1840 a
1693 1817 1795 1841 doctrina
1813 1819 1920 1847 Seraphi-

1076 1851 1096 1872 ci
1107 1869 1112 1879 ‚
1132 1851 1195 1880 quod
1213 1855 1275 1880 patet
1291 1853 1330 1875 sic.

235 2004 243 2019 ¹
260 2005 308 2027 Hoc
325 2007 368 2032 est,
387 2004 512 2026 intellectus
528 2006 561 2025 est
578 2003 707 2025 subiectum
724 2006 804 2031 aptum
822 2003 900 2031 persici
918 2010 930 2026 a
947 2005 1017 2026 scien-

171 2045 208 2067 tia.
231 2056 262 2060 —
283 2044 347 2071 Vat.⁷
365 2042 533 2071 refragantibus
549 2048 604 2064 mss.
623 2044 645 2065 et
661 2042 697 2065 ed,
714 2043 731 2071 1,
744 2042 851 2070 ponendo
866 2042 1017 2072 perfectibilis

171 2084 299 2111 transponit
314 2082 386 2105 verba
403 2088 418 2105 α
433 2081 530 2105 scientia
546 2084 599 2110 post
614 2082 701 2105 noster.

233 2121 244 2136 ²
260 2121 310 2143 Vat.
334 2123 424 2149 praeter
446 2120 516 2142 fidem
538 2126 592 2143 mss.
616 2122 638 2143 et
662 2120 698 2142 ed.
718 2121 744 2148 1,
763 2121 933 2148 transponendo
959 2123 1016 2153 quia

172 2166 225 2183 cum
242 2160 342 2188 praefixa
359 2161 469 2188 particula
486 2161 519 2188 et,
536 2161 558 2182 in
576 2162 689 2189 principio
706 2162 775 2184 huius
791 2162 953 2190 propositionis
979 2163 1015 2184 ali-

172 2200 268 2228 qualiter
285 2201 417 2227 respectum
434 2199 620 2222 considerationis
636 2201 748 2223 immutat.
760 2212 792 2217 --
803 2202 853 2223 Mox
868 2200 918 2223 cod.
931 2201 952 2223 X
964 2207 1015 2231 per-

168 2237 282 2268 fectivum
299 2244 341 2266 pro
359 2237 513 2265 directwam,
531 2240 553 2260 et
569 2238 647 2267 plures
664 2238 731 2261 codd.
754 2242 779 2261 ut
802 2239 924 2262 CFGLR
934 2240 949 2262 S
972 2243 1013 2263 etc.

169 2280 280 2306 corrupte
297 2275 424 2299 ductivum.

233 2317 243 2332 ³
260 2317 310 2340 Vat.
333 2316 408 2339 minus
431 2316 490 2338 bene
506 2322 573 2346 quae.
591 2317 668 2339 Simile
684 2319 780 2340 recurrit
796 2318 819 2340 in
836 2318 940 2347 sequenti
963 2324 1015 2346 pro-

169 2357 298 2385 positione,
316 2356 338 2377 in
356 2361 401 2384 qua
418 2355 468 2377 Vat.
486 2355 555 2378 habet
571 2355 628 2379 haec
645 2362 687 2384 pro
709 2355 763 2383 liic,·
790 2356 913 2386 utrobique
938 2360 1013 2380 tamen

169 2397 250 2418 >contra
267 2395 378 2416 maiorem
395 2396 484 2422 partem
501 2400 555 2417 mss.
573 2397 598 2417 ut
621 2394 970 2424 ACFGHKMPQSTUWZ
988 2403 1014 2420 cc

172 2441 198 2458 ee
215 2435 234 2457 Π·
247 2437 270 2457 et
285 2434 321 2456 ed.
343 2435 361 2456 l.

234 2472 244 2487 ⁴
261 2472 332 2495 Codd.
349 2473 368 2494 K
386 2474 409 2494 et
424 2473 452 2500 Z,
470 2473 536 2495 sicuti
552 2474 575 2495 in
588 2473 790 2502 praecedentibus,
803 2474 977 2498 consideremus
988 2477 1016 2498 at

171 2512 262 2534 natum.
279 2522 311 2527 —-
328 2511 377 2533 Mox
393 2517 421 2533 ex
437 2517 491 2533 mss.
509 2513 531 2533 et
547 2511 582 2533 ed.
608 2512 633 2539 1,
652 2512 677 2540 2,
696 2512 722 2539 3,
740 2512 753 2534 6
771 2513 936 2541 castigavimus
952 2520 1013 2536 men-

168 2550 228 2572 dum
245 2549 295 2571 Vat.
313 2549 408 2577 legentis
425 2549 532 2579 effectam
548 2556 590 2577 pro
608 2550 725 2580 affectum.

234 2589 244 2604 ⁵
260 2589 325 2611 Vers.
349 2589 394 2617 23,
417 2589 457 2611 uhi
475 2589 572 2617 Vulgata
589 2591 715 2618 transponit
740 2592 775 2613 est
797 2593 849 2619 post
873 2597 965 2615 nomen.
983 2605 1015 2609 —

172 2629 258 2651 Sensus
274 2630 323 2650 est:
341 2628 450 2656 sapientia
474 2628 601 2650 secundum
625 2629 788 2657 etymologiam
812 2632 916 2659 tempore
933 2632 954 2654 S.
972 2632 1014 2654 Do-

167 2667 240 2689 ctoris
257 2666 409 2688 communiter
425 2668 540 2694 receptam
558 2667 619 2689 idem
637 2670 670 2690 est
687 2674 713 2690 ac
729 2668 813 2698 sapida
835 2669 947 2698 scicntia,
964 2671 1014 2693 sive

171 2705 282 2732 scientia,
301 2711 360 2734 quae
378 2705 416 2728 dat
437 2711 554 2735 saporem.
572 2705 617 2729 Cir.
635 2707 695 2729 Alex.
713 2708 773 2736 Hah,
792 2709 813 2731 S.
832 2716 854 2737 p.
872 2710 886 2732 1.
904 2717 926 2739 q.
945 2711 965 2733 t.
983 2717 1013 2733 m.

173 2745 200 2772 1l;
218 2744 239 2767 S.
266 2745 367 2772 Bonav.,
393 2744 424 2766 111.
450 2745 510 2766 Sent.
536 2744 558 2767 d.
587 2745 622 2767 35.
648 2752 670 2775 q.
692 2746 709 2768 l.
726 2758 758 2763 —
774 2747 843 2769 Paulo
868 2754 938 2776 supra
963 2752 1014 2771 ante

171 2783 244 2806 simul
260 2784 310 2806 Vat,
333 2786 411 2806 contra
429 2784 475 2806 fere
492 2790 572 2806 omnes
589 2784 656 2807 codd.
673 2787 696 2807 et
711 2785 747 2807 ed.
766 2786 774 2807 sl
801 2785 858 2815 quia
877 2786 926 2809 loco
946 2793 1013 2817 quac.

165 2834 203 2838 v—
218 2822 242 2844 In
258 2823 372 2850 principio
393 2823 509 2851 sequentis
530 2823 692 2851 propositionis
714 2824 758 2846 sub
780 2824 960 2848 demonstrativo
978 2826 1014 2849 liic

173 2859 272 2882 subaudi
283 2859 390 2888 hulmus,-
401 2861 437 2883 ed.
452 2861 456 2883 1
471 2861 540 2883 habet
551 2860 620 2889 haec,
633 2861 696 2890 quod
707 2864 804 2885 retertur
815 2864 844 2885 ad
855 2864 1015 2893 sapientia.-

168 2898 221 2920 Mox
233 2898 283 2920 cod.
296 2899 315 2921 Κ
329 2905 382 2921 cum
395 2899 430 2922 ed.
446 2900 452 2921 l
469 2900 522 2921 satis
534 2899 592 2922 bene
601 2899 760 2929 principalius
778 2901 827 2923 loco
843 2902 1013 2932 principaliter.

1136 2006 1146 2021 6
1163 2006 1234 2029 Codd.
1253 2008 1259 2029 1
1282 2011 1304 2030 et
1326 2009 1344 2030 T
1373 2010 1395 2032 et
1417 2009 1475 2039 fides
1501 2009 1552 2033 licei
1576 2010 1608 2034 sit
1630 2011 1655 2034 in
1680 2011 1815 2040 intellectu,
1841 2013 1919 2035 tamen

1074 2047 1191 2075 quantum
1208 2048 1243 2069 est
1258 2046 1285 2070 dc
1301 2047 1341 2070 sztz‘
1356 2047 1463 2077 ratione,
1480 2051 1538 2073 orata
1555 2052 1588 2073 est
1604 2057 1697 2074 vitavere
1713 2052 1841 2082 affectum,·
1854 2054 1918 2076 lectio

1074 2090 1118 2106 non
1136 2085 1272 2113 spernenda.
1289 2097 1321 2102 —
1337 2086 1387 2109 Mox
1412 2087 1462 2109 cod.
1481 2088 1502 2109 X
1524 2094 1566 2116 pro
1584 2088 1614 2111 Et
1637 2089 1680 2113 hoc
1703 2092 1767 2119 ponit
1785 2089 1917 2119 Quod-sic.

1072 2123 1127 2146 Dein
1145 2130 1171 2146 ex
1188 2125 1235 2146 fere
1252 2125 1360 2148 omnibus
1377 2132 1431 2148 mss.
1449 2129 1471 2149 et
1487 2127 1523 2149 ed.
1542 2128 1550 2149 .1
1573 2128 1609 2150 hic
1625 2130 1766 2152 restituimus
1783 2131 1918 2158 particulam

1073 2162 1142 2191 quod,
1168 2169 1227 2191 quae
1244 2163 1309 2186 deest
1325 2165 1347 2186 in
1365 2165 1414 2187 Vat.
1425 2183 1430 2193 ,
1448 2165 1489 2188 sed
1507 2166 1577 2189 modo
1601 2167 1709 2196 loquendi
1727 2169 1918 2192 scholasticorum

1073 2202 1147 2230 magis
1164 2203 1285 2230 congruit3
1303 2209 1315 2225 e
1333 2206 1410 2225 contra
1428 2205 1497 2232 paulo
1514 2205 1572 2227 inira
1585 2208 1637 2234 post
1648 2212 1755 2229 amtorem
1766 2209 1918 2235 expunximus

1072 2240 1117 2263 side
1129 2247 1184 2263 mss.
1201 2240 1275 2275 eted.
1296 2241 1302 2262 l
1324 2243 1347 2263 in
1364 2242 1414 2264 Vat.
1432 2242 1507 2265 addita
1525 2243 1597 2266 verba
1614 2245 1635 2267 et
1651 2244 1801 2268 devotionem.

1133 2279 1143 2294 ⁷
1160 2281 1185 2303 ld
1208 2284 1253 2308 est,
1277 2280 1388 2303 diameter
1405 2282 1511 2310 quadrati
1528 2285 1562 2305 est
1583 2283 1822 2307 incommensurabilis
1839 2285 1916 2314 lateri⁷

1071 2328 1131 2350 quae
1147 2321 1256 2344 sententia
1274 2321 1373 2343 occurrit
1390 2321 1411 2342 in
1429 2321 1465 2344 lV.
1491 2322 1558 2349 Phys.
1583 2322 1691 2351 Aristot,
1718 2323 1757 2346 ubi
1778 2325 1838 2346 iuxta
1864 2325 1918 2347 anti-

1071 2367 1143 2390 quam
1160 2361 1291 2382 versionem
1308 2361 1446 2388 impressam
1464 2361 1565 2384 Venetiis
1591 2361 1650 2384 11489
1676 2363 1751 2385 studio
1777 2364 1917 2386 Bernardino

1071 2399 1100 2421 de.
1117 2398 1227 2427 Tridino‚
1245 2400 1306 2421 textu
1320 2399 1370 2421 120.
1385 2399 1436 2427 (ed.
1449 2400 1517 2422 Paris.
1536 2406 1555 2423 c.
1575 2400 1626 2429 12.)
1644 2402 1676 2423 sic
1693 2402 1790 2430 legitur*
1804 2403 1916 2431 Quoniam

1071 2444 1145 2466 neque
1162 2437 1225 2466 quod
1248 2443 1292 2459 non
1315 2439 1363 2466 est,
1390 2438 1432 2460 erit
1448 2439 1470 2460 in
1495 2440 1614 2467 tempore,
1638 2442 1663 2462 ut
1687 2446 1848 2470 quaecumque
1871 2447 1916 2463 non

1071 2478 1205 2505 contingunt
1222 2477 1286 2499 aliter
1302 2483 1366 2505 esse,
1383 2478 1441 2500 sicut
1458 2478 1596 2501 diametrum
1623 2485 1673 2501 esse
1692 2480 1754 2502 lateri
1780 2483 1915 2508 symetrum.

1071 2519 1097 2540 Et
1123 2518 1209 2541 ibidem
1237 2519 1297 2540 iuxta
1325 2517 1494 2540 translationem
1524 2518 1717 2541 arabico-latinam
1733 2525 1738 2541 ;
1766 2519 1822 2542 lllud
1852 2520 1915 2549 quod

1071 2557 1212 2585 impossibile
1229 2558 1274 2584 est,
1292 2559 1317 2578 ut
1333 2557 1362 2578 sit
1378 2557 1449 2592 aliter,
1467 2560 1492 2579 ut
1508 2557 1646 2580 diametrum
1669 2564 1718 2580 esse
1735 2561 1863 2586 symetrum
1881 2565 1916 2581 co-

1071 2598 1119 2618 stae
1145 2594 1201 2624 (τῆν
1227 2591 1345 2624 διάμετρον
1371 2593 1426 2616 εἶναι
1453 2596 1481 2624 τῇ
1508 2595 1592 2625 πλευρᾷ
1619 2595 1781 2626 σύμ.μ.ετρον.).
1799 2598 1842 2620 Pro
1868 2604 1914 2626 quo

1071 2637 1131 2657 textu
1149 2635 1171 2656 in
1189 2634 1238 2656 Vat.
1256 2633 1353 2656 liabetur
1369 2633 1476 2657 circulus
1493 2633 1564 2658 vincit
1580 2634 1736 2663 diametrum,
1762 2637 1804 2659 sed
1826 2636 1916 2661 obstant

1072 2672 1139 2696 codd.
1157 2675 1179 2694 et
1195 2672 1231 2694 ed.
1250 2672 1270 2693 1.

1133 2711 1143 2726 8
1160 2711 1262 2733 subaudi
1280 2712 1316 2734 hic
1333 2714 1354 2734 et
1372 2712 1395 2732 in
1412 2712 1525 2739 principio
1542 2712 1658 2740 sequentis
1674 2713 1841 2740 responsionis:
1858 2714 1915 2737 liber

1071 2751 1127 2778 iste,
1145 2750 1196 2777 vel,
1215 2750 1307 2772 scientia
1324 2750 1450 2777 praesentis
1467 2749 1524 2772 libri.

1134 2788 1143 2802 ⁹
1161 2788 1210 2809 Vat.
1229 2790 1306 2810 contra
1324 2793 1378 2810 mss.
1396 2790 1418 2810 et
1434 2794 1473 2810 sex
1491 2789 1577 2816 primas
1594 2788 1659 2816 edd,
1684 2789 1815 2817 perturbata
1832 2797 1915 2819 propo-

1072 2827 1158 2848 sitionis
1175 2827 1356 2854 constructione,
1375 2826 1443 2848 habet
1460 2826 1506 2850 duo
1523 2826 1610 2850 ultima
1635 2834 1677 2856 pro
1698 2828 1765 2852 illud.
1784 2829 1914 2853 Immediaio

1073 2868 1124 2893 post
1142 2865 1220 2892 plures
1238 2865 1305 2887 codd.
1319 2867 1343 2888 ut
1355 2864 1440 2887 CFHL
1448 2865 1465 2888 O
1473 2866 1491 2893 Q
1503 2868 1544 2888 etc.
1557 2867 1633 2889 minus
1644 2867 1703 2890 bene
1715 2867 1778 2897 qaod
1789 2869 1838 2892 loco
1851 2869 1914 2899 qiu'a.

1072 2916 1104 2920 —
1116 2903 1166 2925 &lox
1183 2905 1235 2931 post
1252 2902 1295 2926 ilia
1312 2904 1465 2937 supple-cum
1482 2905 1532 2927 Vat.
1550 2904 1653 2928 scientia.
