2253 3317
883 125 1031 154 DISTINCT
1033 125 1067 154 10
1088 126 1142 155 XV.

504 201 564 228 ΟΜ).
585 203 615 228 V.

302 260 437 292 Quomodo
459 259 664 294 intelliqendum
682 259 717 286 sit
736 260 824 287 iliad.-

404 311 420 329 (ι,
438 310 480 328 me
500 310 557 337 apso
577 310 633 329 non
652 310 721 329 veni.

212 373 262 400 Sed
277 372 310 399 ad
323 373 375 399 hoc
388 372 545 406 opponitur:
559 371 581 398 si
594 371 677 398 Filius
691 379 706 398 a
716 373 813 406 seipso
827 374 923 400 missus
933 377 985 405 est,

142 423 191 442 cur
204 421 266 448 ergo
280 415 316 441 ait
327 415 347 440 ¹:
367 415 390 441 A
405 422 447 441 me
459 413 517 449 ipso
530 422 587 441 non
599 414 682 441 veni?
702 414 741 441 Ad
756 415 807 441 hoc
821 415 985 449 Augustinus

1010 205 1014 319 1

1820 129 1876 157 257

1040 202 1184 237 respondet
1202 203 1229 229 in
1242 203 1359 230 secundo
1379 203 1447 231 libro
1461 204 1495 231 de
1513 204 1659 231 Trinitate²
1673 204 1778 232 dicens:
1804 206 1884 233 «Hoc

1041 245 1142 272 dictum
1153 253 1219 272 >esse
1238 246 1386 273 secundum
1404 246 1515 274 formam
1535 247 1619 280 servi,
1639 248 1786 275 secundum
1803 256 1885 283 quam

1040 296 1093 315 non
1106 288 1175 320 fecit,
1189 292 1218 315 ut
1231 289 1413 321 mitteretur»,
1432 289 1459 316 id
1473 293 1520 322 est,
1540 297 1592 317 non
1606 294 1645 317 est
1661 294 1787 326 operatus
1803 291 1889 318 incar-

1042 331 1187 363 nationem,
1206 331 1252 358 sed
1273 331 1420 358 secundum
1440 332 1551 359 formam
1571 333 1628 360 Dei.

955 590 1026 619 PAns
1048 591 1075 619 ll.

504 767 564 794 CAr.
585 766 626 794 VI.

146 847 148 850 ¹
181 856 276 882 Uer-mn
293 855 376 881 semet
393 858 496 882 tantum
516 852 551 881 sit
567 852 666 880 missus
686 851 790 883 Fibius,
810 860 847 879 cm
865 860 950 888 saepe.

212 942 261 971 Hic
280 944 431 978 quaeritur,
451 945 540 970 utrum
560 941 642 969 semel
662 944 763 968 tantum
780 940 878 967 missus
897 939 931 966 sit
950 940 989 966 Fi-

142 986 217 1022 lius,'
227 994 260 1014 an
274 993 354 1021 saepe
373 986 500 1013 mittatur.
514 985 541 1012 Si
561 984 631 1011 euim
651 984 742 1010 missio
755 983 815 1010 Filii
836 983 921 1017 ipsius
935 986 989 1010 tan-

144 1031 198 1063 tum
217 1028 365 1055 incarnatio
384 1030 437 1059 est,
461 1034 523 1053 cum
542 1026 624 1053 semel
644 1023 745 1052 tantum
765 1026 920 1052 incarnatus
939 1026 988 1058 sit,

144 1075 170 1099 et
187 1071 269 1099 semel
288 1074 389 1098 tantum
412 1070 519 1097 videtur
537 1069 643 1096 missuS.
662 1069 696 1095 At
714 1069 737 1095 si
762 1076 843 1103 saepe
863 1069 989 1101 mittitur,

144 1108 183 1142 est
201 1117 227 1142 et
246 1114 298 1141 alia
317 1113 375 1140 eius
393 1113 484 1139 missio
504 1119 584 1147 quam
608 1112 764 1139 incarnatio,
784 1111 835 1138 Sed
860 1119 930 1147 quae
950 1115 990 1139 est

143 1157 203 1184 illa?
221 1156 348 1191 Nunquid
371 1158 478 1182 aeterna
490 1155 612 1188 genitura
626 1154 718 1181 missio
731 1155 789 1181 eius
808 1154 922 1182 dicenda
936 1158 988 1187 est,

144 1206 177 1225 an
196 1199 276 1226 etiam
295 1199 346 1225 alia
366 1198 457 1224 missio
469 1197 477 1210 ³
497 1197 651 1231 quaerenda
671 1198 730 1223 est?

498 1283 559 1310 CAP.
579 1282 631 1309 Vll.

308 1372 344 1397 De
363 1368 467 1397 (hiobus
487 1367 573 1396 mochis
593 1367 730 1395 missionis
750 1367 826 1395 Filii.

215 1458 255 1484 Ad
268 1457 341 1491 quod
354 1457 476 1488 dicimus,
490 1456 562 1490 quod
575 1454 681 1482 duobus
695 1455 781 1482 modis
798 1455 897 1482 dieitur
910 1454 991 1481 Filius

148 1500 215 1527 mitti
227 1500 237 1513 ⁴
256 1503 362 1534 praeter
382 1500 453 1526 illam
473 1501 608 1526 aeternam
629 1498 794 1532 genituram,
814 1506 883 1533 quae
904 1498 994 1526 ineffa-

146 1543 207 1570 bilis
220 1546 267 1575 est,
281 1542 428 1570 secundum
442 1549 521 1577 quam
533 1542 613 1569 etiam
625 1542 723 1568 missus
736 1545 826 1576 posset
840 1542 902 1573 dici,
916 1545 946 1568 ut
957 1542 993 1568 vi-

146 1586 224 1613 detur
237 1585 413 1620 quibusdam,
433 1585 480 1612 sed
499 1584 595 1611 melius
608 1591 640 1611 ac
660 1585 749 1611 verius
768 1584 916 1611 secundum
933 1591 993 1611 eam

147 1629 245 1656 dicitur
257 1628 368 1663 genitus.
382 1628 490 1655 Praeter
503 1635 562 1655 eam
576 1628 656 1661 igitur
675 1627 781 1654 duobus
794 1627 881 1654 modis
894 1627 993 1654 dicitur

146 1671 225 1703 mitti,
244 1670 346 1697 scilicet
358 1670 400 1696 vel
413 1677 481 1702 ⁴cum
496 1669 636 1696 visibiliter
650 1669 749 1696 mundo
769 1670 894 1704 apparuit
912 1677 993 1697 carne

147 1714 269 1746 indutus,
289 1713 331 1740 vel
351 1721 411 1740 cum
424 1721 451 1739 se
470 1712 501 1739 ‘iot
520 1712 627 1740 animas
643 1712 704 1747 pias
722 1712 761 1739 sic
780 1713 944 1748 transfert&
965 1716 994 1739 ut

147 1757 181 1784 ab
200 1756 239 1783 eis
258 1756 423 1790 percipiatur
443 1762 473 1782 ac
493 1758 677 1790 cognoscatur.
697 1755 750 1782 Hos
769 1755 837 1782 duos
859 1755 993 1782 missionis

147 1799 241 1826 modos
260 1798 423 1832 Augustinus
442 1801 535 1832 aperte
553 1797 692 1832 distinguit
711 1797 737 1824 in
757 1801 853 1832 quarto
873 1797 941 1824 libro
960 1797 994 1824 de

147 1841 294 1869 Trinitate⁶
313 1841 419 1867 dicens:
444 1852 455 1863 «ι
467 1840 525 1867 Nou
545 1848 576 1867 eo
596 1840 654 1875 ipso
673 1840 746 1875 quod
765 1840 798 1867 de
817 1841 894 1867 Patre
916 1843 994 1867 natus

148 1887 198 1916 est,
216 1884 313 1911 missus
326 1883 425 1910 dicitur
437 1883 531 1914 Filius,
544 1883 592 1909 sed
605 1883 647 1910 vel
660 1890 692 1909 eo
705 1882 778 1917 quod
791 1883 918 1917 apparuit
931 1883 994 1909 huic

148 1926 247 1953 mundo
267 1926 385 1953 Verbum
411 1932 474 1952 caro
500 1925 613 1955 factum;
639 1925 710 1951 unde
735 1925 800 1951 dicit
815 1924 838 1950 ⁷:
863 1925 886 1951 A
914 1925 995 1951 Patre

148 1968 221 1995 exivi
247 1973 270 1995 ec
296 1967 360 1994 veni
385 1967 415 1994 in
432 1967 586 1999 mwzdtim;
611 1967 653 1994 vel
672 1974 704 1994 eo
723 1967 796 2002 quod
821 1974 854 1993 ex
875 1970 995 2001 tempore

148 2011 307 2045 cuiusquam
326 2013 414 2037 mente
433 2010 596 2045 percipitur,
620 2010 689 2037 sicut
712 2010 814 2036 dictum
839 2013 879 2036 est
898 2009 931 2036 de
951 2010 994 2037 Sa-

147 2052 282 2087 pientia⁸:
302 2052 400 2080 Emitte
418 2052 496 2079 illam
516 2052 548 2079 de
571 2052 650 2079 caelis
669 2051 768 2079 sanctis
787 2051 839 2078 tuis
858 2055 882 2077 ec
900 2060 917 2078 α
935 2052 994 2078 sede

147 2094 347 2131 maynitudiriis
367 2099 443 2126 tuae,
463 2099 492 2122 ut
504 2104 608 2122 meeum
619 2095 655 2122 sit
673 2099 696 2121 et
711 2102 815 2121 mecum
837 2093 952 2126 taboret,
966 2095 993 2121 id

148 2141 201 2170 est,
220 2138 316 2165 doceat
334 2145 378 2165 me
405 2138 535 2165 laborare.
563 2139 596 2165 Et
625 2141 687 2165 tunc
706 2138 852 2172 unicuique
868 2137 993 2169 mittitur,

148 2189 210 2209 cum
224 2189 239 2208 a
258 2188 394 2216 quoquam
408 2182 577 2215 cognoscitur
589 2184 670 2216 atque
682 2181 843 2216 percipitur,
863 2184 992 2216 quantum

148 2224 274 2258 cognosci
293 2227 317 2251 et
331 2225 436 2259 percipi
449 2227 536 2258 potest
561 2232 610 2259 pro
632 2227 713 2259 captu
726 2225 768 2252 vel
787 2225 952 2259 proficientis
966 2226 991 2251 in

148 2268 247 2300 Deum,
267 2267 308 2293 vel
327 2267 463 2300 perfectae
482 2267 507 2293 in
527 2267 581 2293 Deo
601 2267 705 2294 animae.
724 2267 890 2294 rationalis.»

213 2466 219 2479 ¹
237 2466 296 2488 loun.
314 2466 340 2494 7,
359 2466 395 2487 28.
413 2468 432 2487 vt
451 2466 477 2493 87
498 2465 532 2487 ta.
550 2478 580 2481 —
598 2466 666 2488 Paulo
683 2469 734 2489 oute
752 2466 804 2488 edd.
828 2467 850 2493 1,
868 2467 894 2493 2,
913 2466 925 2487 8
950 2466 996 2489 Sed
1023 2466 1024 2469 ’

149 2504 227 2527 adhue
243 2510 285 2532 pro
303 2503 348 2527 Sed
365 2503 396 2527 ad
413 2503 463 2527 hoc.

212 2542 221 2557 '³
238 2542 292 2571 Cap.
311 2542 331 2564 5.
350 2549 371 2564 n.
391 2543 412 2564 9.

212 2581 221 2595 ³
238 2580 293 2603 Cod.
310 2581 329 2602 D
346 2582 427 2609 repetit
443 2580 493 2603 eius
510 2584 561 2609 post
577 2580 673 2609 missio,-
685 2582 706 2603 in
726 2582 769 2604 tine
782 2583 946 2610 propositionis
958 2582 994 2604 ed.

152 2620 164 2642 :3
182 2620 265 2642 omittit
280 2620 320 2642 est.

213 2658 223 2672 ⁴
240 2657 295 2680 Cod.
313 2657 330 2680 C
347 2657 441 2680 nimus.

214 2696 224 2710 ⁵
239 2696 323 2718 Alludit
339 2696 368 2718 ad
385 2696 437 2724 Sap.
455 2696 480 2723 7,
499 2696 541 2724 27,
559 2695 596 2718 ubi
617 2696 728 2724 Vulgata:
741 2696 770 2719 Et
786 2702 828 2725 per
844 2696 952 2719 nationes
969 2696 995 2719 in

152 2735 246 2758 :inimus
257 2736 352 2758 sancias
369 2741 393 2757 se
405 2734 534 2764 transfert,
548 2734 637 2757 amicos
645 2734 688 2757 Dei
699 2736 721 2757 et
728 2734 858 2764 Prophetas
867 2734 994 2758 constituit.

214 2773 224 2788 ⁶
241 2773 295 2802 Cap.
314 2774 350 2796 20.
373 2780 393 2795 n.
412 2774 448 2795 28.
466 2776 488 2796 et
505 2773 581 2802 aliqua
598 2773 670 2795 verba
688 2780 709 2795 n.
736 2773 772 2796 27.
797 2785 829 2790 -
845 2773 868 2795 In
885 2774 928 2796 hoc
945 2774 995 2796 loco

153 2813 248 2841 August.
269 2815 293 2835 et
316 2812 383 2835 codd.
408 2812 454 2834 AD
471 2812 550 2840 legunt
565 2817 590 2834 eo
607 2811 657 2841 ipso
673 2817 719 2841 quo
736 2812 786 2835 loco
803 2818 829 2835 eo
846 2811 896 2842 ipso
913 2812 977 2842 quod
984 2821 993 2839 ,-

154 2852 236 2874 deinde
253 2853 303 2875 Vat.
321 2854 343 2874 et
360 2851 397 2874 ed.
409 2851 422 2873 4
439 2852 546 2873 omittunt
564 2850 599 2874 vel
614 2852 666 2879 post
682 2850 728 2873 sed.

216 2891 226 2905 ⁷
242 2891 302 2914 loan.
325 2891 349 2913 16
360 2909 365 2919 ‚
383 2891 420 2913 28.

282 2929 305 2952 S.
324 2929 411 2952 Bonan.
429 2941 460 2945 —
478 2929 543 2950 Tom.
563 2929 576 2950 l.

1392 770 1452 797 CAP.
1475 771 1535 797 VIII.

1047 854 1124 886 Quod
1150 854 1296 882 secundum
1323 855 1439 883 alterum
1465 856 1576 883 modum
1605 857 1686 883 semel
1712 856 1746 883 sit
1770 856 1886 887 missus,

1115 898 1262 926 secundum
1287 899 1402 926 alterum
1427 906 1522 933 saepe;
1546 903 1569 925 ec
1599 898 1746 926 secundum
1771 899 1887 925 alteo-um

1114 940 1225 968 modum
1254 940 1353 969 dicitur
1381 940 1479 968 missus
1503 940 1534 968 in
1561 940 1712 972 meandum,
1740 940 1887 967 seeundum

1116 983 1231 1010 alterum
1251 992 1314 1011 non.

1116 1069 1185 1097 Eece
1204 1070 1321 1097 distincti
1347 1074 1408 1098 sunt
1427 1072 1481 1099 duo
1500 1072 1571 1099 modi
1598 1073 1732 1100 missionis
1747 1072 1805 1100 Filii
1817 1073 1839 1105 ⁹,
1865 1077 1890 1100 ct

1045 1111 1193 1139 secundum
1212 1113 1325 1141 alterum
1345 1114 1427 1141 semel
1442 1117 1542 1141 tantum
1563 1115 1660 1142 missus
1674 1119 1713 1142 est
1731 1115 1779 1142 Dei
1792 1115 1889 1148 Filius,

1046 1155 1194 1182 secundum
1213 1155 1325 1182 alterum
1345 1163 1426 1190 saepe
1445 1156 1542 1183 missus
1561 1160 1600 1183 est
1623 1160 1648 1183 et
1676 1158 1787 1184 mittitur
1807 1158 1892 1192 quoti-

1047 1197 1097 1224 die.
1116 1197 1350 1225 Nam‘secundum
1369 1199 1482 1225 alterum
1502 1199 1599 1226 missus
1618 1203 1665 1232 est,
1689 1203 1718 1226 ut
1743 1200 1776 1226 sit
1796 1200 1889 1231 homo,

1047 1240 1118 1275 quod
1138 1241 1220 1267 semel
1234 1244 1335 1268 tantum
1355 1242 1452 1269 sactum
1467 1245 1517 1274 est;
1537 1243 1684 1269 secundum
1700 1243 1813 1270 alterum
1826 1251 1889 1270 vero

1047 1284 1168 1316 mittitur,
1182 1287 1208 1311 ut
1223 1285 1257 1311 sit
1275 1292 1337 1311 cum
1356 1285 1478 1317 homine,
1497 1293 1551 1320 quo
1570 1285 1649 1312 modo
1661 1285 1681 1299 ¹⁰
1701 1286 1820 1321 quotidie
1834 1286 1892 1312 mit—

1047 1326 1111 1353 titur
1124 1327 1158 1353 ad
1173 1327 1285 1354 Sanctos
1304 1330 1329 1354 et
1342 1328 1439 1355 missus
1453 1331 1493 1355 est
1511 1329 1589 1356 etiam
1603 1332 1663 1356 ante
1683 1329 1891 1356 incarnationem

1047 1372 1073 1396 et
1098 1369 1132 1396 ad
1151 1377 1243 1397 omnes
1262 1370 1386 1404 Sanctos,
1405 1372 1451 1406 qui
1477 1375 1536 1398 ante
1556 1372 1675 1404 suerunt,
1700 1375 1726 1398 et
1751 1372 1829 1398 etiam
1857 1372 1890 1398 ad

1048 1413 1169 1447 Angelos.
1183 1413 1259 1440 Unde
1277 1413 1440 1448 Augustinus
1453 1415 1486 1441 de
1505 1414 1585 1446 Filio,
1600 1415 1626 1440 id
1646 1418 1685 1441 est
1701 1415 1734 1441 de
1754 1414 1888 1449 Sapientia

1049 1456 1133 1483 Patris
1152 1455 1264 1490 loquens
1283 1457 1309 1483 in
1328 1460 1424 1491 quarto
1438 1457 1506 1483 libro
1520 1457 1553 1483 de
1572 1456 1729 1483 Trinitate¹¹
1743 1457 1792 1483 ait:
1818 1468 1828 1479 «
1841 1457 1892 1483 Ali-

1049 1503 1089 1526 ter
1108 1499 1219 1526 mittitur
1238 1499 1385 1534 Sapientia,
1405 1503 1434 1526 ιιι
1453 1500 1486 1526 sit
1505 1507 1566 1526 cum
1580 1499 1698 1531 homine3
1719 1500 1795 1526 aliter
1810 1500 1889 1526 missa

1049 1545 1099 1573 est.
1119 1545 1147 1568 ut
1166 1542 1200 1568 sit
1219 1542 1307 1568 homo.
1328 1542 1361 1568 Ιη
1372 1541 1479 1568 (mimas
1499 1541 1571 1568 enim
1587 1545 1692 1568 sanetas
1705 1549 1731 1567 se
1750 1542 1891 1577 transfert,

1048 1589 1073 1611 et
1094 1584 1193 1611 amicos
1213 1584 1263 1611 Dei
1285 1588 1308 1611 et
1326 1584 1474 1619 Prophetas
1495 1583 1647 1615 eonstitm't‚·
1667 1584 1736 1610 sicut
1750 1584 1828 1610 etiam
1848 1584 1894 1610 im-

1049 1628 1103 1662 plet
1122 1630 1229 1654 sanctos
1241 1627 1364 1661 Angelos.
1378 1627 1429 1654 Sed
1443 1634 1504 1654 cum
1518 1627 1590 1653 venit
1602 1626 1739 1661 plenitudo
1754 1626 1893 1661 temporis,

1050 1671 1131 1697 missa
1144 1673 1195 1701 est,
1208 1677 1261 1696 uon
1275 1672 1302 1696 ut
1316 1669 1439 1704 impleret
1452 1669 1566 1702 Angelos
1585 1676 1634 1695 nec
1648 1672 1676 1695 ut
1696 1671 1764 1695 esset
1777 1668 1895 1701 Angelus

1050 1721 1099 1740 nec
1113 1716 1142 1740 ut
1155 1716 1224 1740 esset
1236 1720 1297 1739 cum
1311 1712 1464 1739 hominibus
1478 1712 1519 1738 vel
1534 1712 1558 1738 in
1572 1712 1724 1738 hominibus
1736 1711 1764 1743 ¹²,
1778 1714 1806 1737 ut
1816 1715 1892 1738 antea

1051 1756 1076 1782 in
1094 1756 1216 1783 Patribus
1236 1759 1293 1783 erat
1312 1759 1337 1782 et
1356 1756 1382 1782 in
1396 1755 1547 1789 Prophetis,
1566 1754 1613 1781 sed
1633 1757 1661 1780 ut
1674 1754 1762 1788 ipsum
1775 1753 1891 1780 Verbum

1050 1799 1125 1825 fieret
1144 1806 1222 1830 caro,
1241 1798 1267 1824 id
1288 1801 1326 1825 est
1346 1798 1463 1824 homo».

1121 1841 1260 1868 Praeterea
1284 1840 1429 1867 notandum
1456 1844 1508 1872 est,
1537 1841 1609 1875 quod
1635 1849 1696 1868 cum
1722 1841 1763 1868 his
1789 1841 1893 1868 duobus
1930 1851 1996 1870 ,iussus
2014 1852 2032 1870 (η

1050 1883 1137 1910 modis
1150 1884 1269 1910 mittatur
1281 1883 1377 1914 Filius,
1396 1883 1543 1910 secundum
1556 1883 1669 1910 alterum
1683 1884 1781 1910 dicitur
1797 1884 1893 1911 missus
1905 1875 2033 1916 ἷῇξῗαὲῗξίξῗξ

1051 1927 1077 1952 in
1103 1926 1246 1957 mundum,
1271 1925 1420 1952 secundum
1446 1926 1558 1952 alterum
1584 1933 1647 1952 vero
1674 1933 1733 1952 non.
1760 1926 1797 1952 Eo
1822 1926 1892 1952 enim
1905 1921 2032 1945 ¹¹¹'⁵¹¹¹⁰¹¹¹⁰⁰¹⁰·

1051 1968 1130 1995 modo
1150 1969 1245 1994 missus
1265 1968 1290 1994 iu
1309 1968 1438 1995 mundum
1458 1968 1570 1999 dicitur,
1589 1976 1642 2003 quo
1662 1968 1775 1995 visibilis
1794 1968 1892 1995 mundo

1050 2011 1184 2045 apparuit.
1203 2010 1278 2037 Unde
1292 2010 1455 2043 Augustinus
1469 2010 1494 2036 in
1509 2010 1602 2037 eodem
1616 2010 1684 2037 libro
1697 2010 1716 2023 ¹³
1736 2011 1784 2036 ait:
1803 2021 1813 2033 «ι
1827 2010 1892 2037 Cum

1050 2061 1083 2080 ex
1102 2056 1223 2088 tempore
1236 2053 1395 2087 cuiusquam
1414 2056 1501 2080 mente
1520 2053 1680 2087 percipitur,
1700 2053 1767 2079 mitti
1783 2053 1893 2087 quidem

1050 2096 1160 2128 dicitur,
1179 2095 1226 2122 sed
1244 2103 1296 2122 non
1316 2095 1342 2122 in
1361 2095 1433 2122 hunc
1456 2096 1592 2122 mundum.
1611 2095 1669 2122 Non
1695 2096 1765 2122 enim
1784 2095 1893 2123 sensibi—

1049 2139 1110 2165 liter
1133 2141 1258 2173 apparet,
1283 2138 1310 2164 id
1336 2141 1388 2170 est,
1414 2139 1551 2172 corporeis
1569 2138 1691 2165 sensibus
1711 2142 1818 2173 praesto
1844 2142 1891 2165 est.

1048 2181 1115 2208 Nam
1135 2184 1161 2208 et
1178 2188 1240 2212 nos,
1260 2180 1407 2207 secundum
1426 2181 1498 2215 quod
1517 2183 1604 2207 mente
1627 2180 1728 2215 aliquid
1755 2184 1891 2207 aeternum

1049 2225 1187 2259 capimus,
1205 2231 1257 2251 non
1277 2224 1303 2250 in
1322 2224 1375 2250 hoc
1393 2223 1492 2250 mundo
1506 2231 1612 2255 sumus,
1632 2225 1657 2250 et
1675 2224 1793 2250 omnium
1813 2223 1892 2250 iusto-

1048 2274 1108 2294 rum
1128 2267 1238 2301 spiritus
1257 2267 1337 2293 etiam
1356 2266 1382 2292 in
1395 2272 1476 2292 carne
1489 2266 1646 2297 viventium,
1666 2266 1692 2292 in
1707 2269 1834 2300 quantum
1854 2265 1891 2291 di-

1114 2465 1123 2480 8
1140 2466 1192 2494 Sap.
1211 2466 1236 2493 9,
1259 2466 1291 2487 10.
1311 2466 1421 2493 Vulgata:
1440 2464 1503 2488 Mitte
1520 2465 1587 2488 illam
1604 2468 1647 2487 etc.

1114 2504 1124 2518 ⁹
1140 2505 1179 2527 Ed.
1197 2504 1210 2526 6
1228 2503 1291 2526 addit
1307 2504 1343 2526 hic
1359 2503 1402 2526 Dei
1417 2506 1439 2526 et
1455 2503 1538 2526 deinde
1562 2505 1644 2527 omittit
1660 2503 1703 2527 Dei
1719 2503 1794 2527 Filius
1804 2513 1814 2533 ‚-
1839 2508 1889 2532 post

1052 2544 1107 2566 haec
1125 2543 1195 2565 verba
1211 2543 1289 2565 ultima
1306 2542 1359 2565 edd.
1377 2543 1403 2571 2,
1422 2543 1447 2571 3,
1465 2542 1491 2571 5,
1509 2543 1522 2565 9
1540 2543 1649 2565 adiiciunt
1665 2544 1692 2566 et.

1114 2582 1133 2596 ¹⁰
1150 2582 1205 2604 Cod.
1223 2581 1239 2604 C
1256 2581 1319 2604 addit
1334 2587 1377 2611 per
1391 2580 1503 2611 gramm.
1521 2582 1578 2604 Intra
1595 2581 1648 2603 edd.
1668 2582 1676 2603 1
1688 2599 1692 2609 ,
1705 2582 1718 2603 8
1737 2582 1843 2605 omittunt
1867 2584 1889 2605 et

1051 2623 1102 2649 post
1118 2619 1312 2644 incurvationem.

1114 2659 1131 2673 ¹¹
1149 2658 1204 2687 Cap.
1222 2659 1258 2680 20.
1276 2664 1297 2680 n.
1315 2658 1351 2680 27.
1363 2658 1492 2680 ——Rursus
1509 2659 1589 2681 citatur
1606 2659 1657 2686 Sap.
1670 2658 1696 2686 7,
1711 2658 1746 2680 27.
1760 2658 1783 2680 ln
1792 2659 1889 2686 Vulgata

1051 2698 1114 2720 deest
1130 2697 1207 2725 enim,
1226 2696 1290 2726 quod
1312 2697 1433 2724 posuimus
1457 2703 1485 2719 ex
1509 2697 1617 2724 August,
1644 2696 1711 2718 codd.
1737 2696 1845 2719 omnihus
1868 2699 1891 2719 et

1051 2736 1115 2764 edd.,
1134 2736 1233 2763 exceptis
1250 2735 1300 2757 Vat.
1318 2738 1339 2758 et
1357 2735 1382 2762 3,
1400 2734 1421 2757 5.

1114 2774 1133 2789 ¹2
1150 2774 1206 2796 Edd.
1226 2774 1250 2801 1,
1268 2774 1281 2795 8
1299 2773 1387 2796 addunt
1404 2774 1512 2802 tantum,
1526 2776 1548 2796 ct
1559 2773 1690 2796 immediate
1707 2776 1758 2796 ante
1774 2774 1810 2796 ed.
1832 2775 1840 2795 l
1862 2774 1890 2796 le-

1051 2814 1081 2841 git
1100 2818 1142 2836 nec
1158 2818 1201 2840 pro
1217 2811 1260 2835 vel.

1113 2851 1132 2866 ¹³
1149 2850 1203 2879 Cap.
1222 2851 1258 2873 20.
1276 2857 1297 2873 n.
1316 2851 1351 2873 28.
1374 2863 1406 2867 —
1428 2851 1449 2873 ln
1469 2851 1511 2873 hoc
1536 2853 1596 2873 textu
1622 2850 1689 2873 codd.
1711 2850 1776 2873 ACD
1801 2851 1889 2873 addunt

1022 2888 1023 2912 1
1050 2889 1120 2912 etiam
1132 2892 1183 2917 post
1194 2889 1257 2912 Nam
1274 2890 1295 2911 et
1310 2894 1361 2912 nos.

1672 2928 1700 2950 33
