2253 3317
209 540 280 558 Salutio
295 540 312 559 l.

210 811 281 829 Solutio
295 811 312 828 Ξ.

341 123 395 152 254

339 201 443 238 Spiritu
459 203 564 229 sancto:
582 201 615 228 Et
630 200 690 236 ipse
704 203 745 227 est
760 199 867 232 virtus,
883 207 958 237 quae.
972 199 1005 227 de
1020 198 1067 227 illo
1078 199 1183 227 coeibat.

339 247 455 276 Videtur
476 247 550 275 enim
573 246 644 274 male
659 246 765 279 dicere,
786 245 852 282 quia
872 248 921 274 aut
936 245 1031 273 virtus
1049 245 1185 282 accipitur

339 294 463 331 proprie,
484 297 533 322 aut
556 292 743 329 appropriate.
766 292 857 321 l’rimo
871 292 954 321 modo
978 301 1050 326 ozon,
1066 295 1184 326 constat3

339 340 461 368 secundo
476 340 558 368 modo
572 348 639 371 wion,
652 339 772 373 videtur,
784 339 850 376 quia
864 339 971 375 primae
981 339 1017 367 ad
1029 339 1185 367 Corinthios

338 386 449 423 primo¹
473 385 592 414 dicimus
615 384 764 413 Christum
789 384 840 413 Det
861 384 997 413 uirtutem
1021 389 1047 413 et
1068 384 1121 412 Dei
1140 392 1186 412 sct-

337 432 477 468 pientictm
499 434 550 460 etc.

416 478 454 506 Ad
476 478 528 506 hoc
557 480 647 515 potest.
667 477 734 511 dici,
759 478 834 514 quod
863 477 978 514 Spiritui
1008 480 1103 506 sancto
1131 485 1185 505 nou

336 524 534 562 appropriatur
550 524 645 552 virtus
666 524 838 561 simpliciter,
854 524 903 553 sed
920 524 1015 552 virtus
1035 523 1186 557 sanativa,

337 575 364 600 et
385 572 451 605 hoc,
480 571 546 608 quia
567 571 656 607 gratia
683 570 833 599 sanitatum
861 574 903 599 est
930 570 1037 599 donum
1065 570 1185 607 Spiritus

338 618 450 648 sancti&
465 621 492 646 et
506 618 596 654 gratia
610 618 671 646 eius
685 621 727 646 est
743 617 879 646 medicina
894 617 983 655 ipsius
998 617 1121 650 animae3
1136 617 1185 645 sed

338 665 404 693 Filio
424 664 622 701 appropriatur
636 664 732 692 virtus
753 664 912 701 operandi,
935 664 1001 701 quia
1016 664 1117 692 omnia
1130 672 1184 701 per

341 711 436 748 ipsium
456 710 540 748 facta
560 710 660 739 3111115.

416 757 500 786 Aliter
515 760 605 794 potest
619 757 685 789 dici,
700 757 775 794 quod
795 757 890 785 uirtus
904 757 990 785 habet
1004 756 1187 793 comparatio-

338 812 402 833 nem
423 805 458 833 ad
480 804 550 832 illud
577 804 634 832 ad⁴
658 804 736 841 quod
754 807 810 838 est,
839 807 866 833 et
889 804 927 833 sic
953 806 1028 832 tenet
1050 803 1186 831 rationem

338 851 479 888 principii:
500 850 544 879 vel
565 851 600 879 ad
622 850 651 879 id
673 850 759 878 cuius
773 854 828 884 est,
848 853 875 879 et
896 850 935 879 sic
951 852 1025 878 tenet
1050 849 1187 878 rationem

338 898 547 935 complementi3
563 898 607 926 vel
622 898 657 926 ad
675 901 846 935 utrumque,
868 901 895 926 et
910 897 949 926 sic
964 900 1038 925 tenet
1050 897 1186 925 rationem

339 945 430 973 medii.
453 945 528 973 Sicut
556 952 623 981 ergo
643 953 678 972 cJ:
707 944 768 980 ipso
793 943 994 980 appropriatur
1021 943 1109 976 Patri,
1134 951 1187 979 per

340 991 435 1028 ipsum
457 991 535 1023 Filio,
557 991 587 1019 in
617 991 677 1028 ipso
698 990 813 1027 Spiritui
832 993 939 1019 sancto:
962 990 1000 1018 ita
1020 989 1133 1022 virtus,
1160 989 1187 1017 in

338 1041 475 1075 quantum
490 1041 564 1066 tenet
579 1038 714 1066 rationem
726 1037 881 1074 principii,
893 1036 1094 1074 appropriatur
1106 1036 1188 1071 Patri,

338 1085 366 1113 in
380 1088 516 1122 quantum
528 1086 538 1100 ⁵
557 1085 691 1113 rationem
706 1084 805 1118 medii,
821 1084 895 1115 Filio,
914 1084 941 1112 in
957 1086 1093 1121 quantum
1109 1083 1190 1112 ratio-

338 1140 401 1161 nem
417 1131 627 1168 completionis,
649 1130 763 1168 Spiritui
779 1134 887 1164 sancto3
902 1131 968 1167 quia
983 1130 1133 1168 completio
1147 1133 1189 1158 est

338 1179 366 1207 in
388 1178 508 1207 bonitate
534 1181 561 1206 et
582 1178 764 1206 delectatione
788 1177 908 1215 Spiritus
937 1177 1037 1211 sancti:
1061 1177 1110 1205 sed
1137 1177 1188 1205 hoc

340 1226 411 1254 infra
432 1225 532 1254 melius
554 1225 662 1254 dicetur
674 1225 692 1253 ὓ.

700 1319 765 1347 Due.
789 1319 831 1346 lV.

418 1414 485 1442 item
512 1413 658 1450 quaeritur
679 1412 714 1441 de
743 1413 794 1441 hoc
822 1412 897 1449 quod
919 1411 1001 1443 dicit,
1031 1410 1107 1448 quod
1130 1412 1191 1447 post

340 1460 582 1489 resurrectionem
612 1459 754 1487 Dominus
774 1459 856 1487 Iesus
878 1458 920 1486 bis
945 1457 1023 1486 dedit
1045 1456 1190 1494 Spiritum

338 1511 483 1535 sanctum.
499 1506 615 1535 Videtur
629 1505 712 1539 enim,
727 1505 802 1542 quod
819 1508 860 1533 ter
877 1503 998 1533 dederit:
1015 1503 1081 1540 quia
1091 1503 1191 1539 primo

341 1553 418 1582 dedit
438 1553 478 1582 eis
498 1557 561 1581 ante
586 1552 755 1589 passionem,
770 1559 835 1580 cum
863 1551 940 1579 dedit
965 1550 1005 1579 eis
1026 1552 1190 1587 potestatem

340 1600 466 1629 eiiciendi
482 1599 629 1628 daemonia
649 1602 676 1627 et
691 1606 791 1627 curare
813 1598 976 1635 languore&
999 1597 1127 1625 Matthaei
1146 1597 1191 1625 de-

341 1646 413 1676 cimo
423 1647 441 1674 ⁷.
466 1647 536 1674 Item
557 1648 619 1683 post
644 1645 888 1678 resurrectionem,
903 1644 1011 1672 loannis
1026 1643 1189 1680 vigesimo⁸z

342 1693 471 1730 Accipite
485 1692 630 1729 Spiritum
651 1695 796 1720 sanctum.
813 1692 883 1719 Item
905 1693 967 1728 post
984 1690 1189 1724 ascensionem,

341 1741 460 1769 Actuum
474 1739 622 1768 secundo⁹.
636 1739 705 1775 Ergo
718 1738 918 1767 insufficienter
940 1740 1087 1766 enumerat
1102 1738 1191 1773 Augu-

343 1787 442 1816 stinus.

421 1834 593 1862 Respommo:
617 1833 655 1861 Ad
677 1840 810 1869 praesens
836 1831 1003 1865 dicendum,
1034 1830 1108 1867 quod
1132 1838 1192 1867 pos-

1034 121 1285 150 SENTENTmRUM
1308 121 1368 149 ΗΒ.
1391 121 1407 149 l.

1241 202 1307 227 sunt
1328 199 1471 227 numerari
1493 199 1618 228 dationes
1639 199 1758 236 Spiritus
1779 200 1866 229 sancti
1888 203 2024 237 quantum
2052 201 2089 229 ad

1240 249 1340 273 aetum
1360 248 1387 273 et
1406 244 1557 282 effectitm;
1578 248 1605 274 et
1633 246 1673 274 sic
1701 250 1847 275 enumerat
1868 247 1997 275 Rabanus
2010 247 2036 281 ¹⁰,
2059 250 2086 276 et

1240 292 1355 320 fuerunt
1376 295 1447 324 tres,
1475 292 1542 329 quia
1564 295 1606 320 ter
1627 292 1704 321 dedit
1724 295 1751 321 et
1778 293 1844 330 quia
1865 293 1901 321 ad
1923 293 1975 321 tria
1996 293 2088 321 dedit:

1237 338 1336 376 primo
1366 338 1401 367 ad
1434 339 1635 367 miraculorum
1663 339 1867 376 operationeim
1895 339 2021 368 secundo
2052 340 2088 368 ad

1241 388 1420 422 peccatorum
1442 386 1659 420 ahsolutioneiu;
1682 386 1764 414 tortio
1789 386 1824 415 ad
1850 386 2006 415 infidelium
2028 395 2091 415 con-

1242 432 1408 461 versionem.
1430 432 1547 460 Possunt
1567 431 1650 460 etiam
1672 432 1726 460 alio
1741 432 1824 461 modo
1846 432 1989 460 numerari
2005 441 2092 469 quan-

1242 481 1301 507 tum
1333 479 1368 507 ad
1391 478 1485 506 Iocum
1506 482 1531 506 et
1551 478 1772 515 siynilicatiim:
1798 482 1825 507 et
1856 478 1895 507 sic
1923 478 2001 507 dedit
2028 479 2088 513 bis,

1242 525 1347 554 scilicet
1377 525 1404 553 in
1434 528 1509 553 terra
1537 528 1564 553 et
1595 525 1621 553 in
1650 525 1742 558 caelo;
1771 524 1915 553 1100111111
1942 529 2023 553 terra
2053 525 2089 554 ad

1242 571 1496 600 commendandum
1528 574 1709 608 praeceptum
1741 571 1897 600 dilectionis
1931 571 1966 600 ad
1998 571 2093 609 proxi-

1242 627 1336 652 mum,
1365 618 1393 646 in
1421 618 1499 646 caelo
1528 618 1563 646 ad
1590 618 1845 647 commendandum
1873 619 2004 647 alt'ectum
2026 618 2092 647 dile-

1242 664 1340 693 ctionis
1361 664 1396 693 ad
1419 664 1523 696 Deurm
1545 667 1571 692 et
1593 664 1632 693 sic
1653 667 1728 701 patet
1749 664 1940 693 controversia
1953 664 1984 692 ¹².

1605 757 1674 785 Dun.
1701 758 1730 786 V.

1323 850 1390 879 item
1411 850 1558 887 quaeritur
1580 850 1615 879 de
1637 850 1684 878 illo
1715 850 1801 879 verbo
1829 850 1961 888 Apostoli:
1996 843 2092 880 Unum

1245 896 1391 933 Spiritum
1411 897 1578 933 potavimus
1585 907 1594 930 ;
1623 905 1679 934 quo
1711 900 1790 934 tropo
1821 897 1927 926 dictum
1949 900 1991 926 est
2012 897 2064 926 hoc
2080 900 2092 925 ?

1246 943 1277 972 Et
1298 943 1425 976 videtur,
1447 943 1521 980 quod
1545 943 1690 971 conveniat
1706 943 1793 980 magis
1815 943 1896 977 Fili0,
1918 943 1984 980 quia
2006 943 2094 972 Eccle-

1245 989 1348 1018 siastici
1370 989 1478 1018 decimo
1510 989 1608 1026 quinto
1621 989 1639 1004 ¹³
1664 989 1781 1018 dicitur:
1815 990 1902 1028 Aqua
1930 990 2095 1027 saptentiae

1245 1036 1407 1069 salutaris,
1429 1038 1457 1065 et
1479 1035 1694 1064 Proverbiorum
1723 1036 1844 1064 nono¹⁴:
1873 1035 1984 1069 Venite,
2011 1035 2094 1064 bibite

1245 1083 1365 1116 *unumn-
1386 1086 1413 1111 et
1435 1083 1487 1111 hoc
1508 1082 1575 1111 dicit
1597 1082 1657 1120 ipsa
1677 1082 1831 1120 Sapientia,
1857 1082 1961 1111 scilicet
1983 1082 2031 1112 Dei
2054 1082 2092 1111 Fi-

1248 1129 1315 1158 lius:
1339 1137 1406 1166 ergo
1427 1132 1478 1158 etc.

1326 1177 1499 1206 Rssrounso:
1522 1177 1690 1211 Dicendum,
1721 1177 1795 1213 quod
1828 1177 1948 1214 Spiritus
1979 1179 2093 1205 sanctus

1247 1223 1350 1253 dicitur
1364 1227 1465 1260 potus,
1482 1224 1508 1252 in
1524 1226 1661 1260 quantum
1677 1223 1829 1252 saecularis
1843 1223 1903 1252 sitis
1917 1223 2060 1261 restringit
2070 1223 2092 1239 ¹⁶

1246 1270 1386 1299 ardorem.
1420 1270 1472 1299 Hoc
1503 1274 1598 1299 autem
1626 1270 1825 1307 appropriatur
1847 1270 1962 1307 Spiritui
1984 1272 2094 1304 sancto,

1247 1318 1321 1354 quia,
1344 1317 1416 1346 sicut
1436 1317 1503 1346 dicit
1524 1317 1675 1354 Gregorius
1688 1317 1723 1352 ¹⁵,
1757 1319 1890 1354 «gustato
1911 1317 2028 1355 Spiritu,
2050 1317 2095 1345 de-

1247 1364 1312 1401 sipit
1342 1364 1433 1392 omnis
1463 1371 1565 1392 caro».
1587 1364 1615 1392 ln
1636 1366 1774 1401 quantum
1808 1367 1903 1392 autem
1924 1372 1975 1401 per
1996 1366 2094 1401 potum

1246 1414 1288 1439 est
1318 1410 1455 1447 delegatio
1485 1411 1649 1439 nutrimenti
1681 1410 1717 1439 ad
1748 1410 1857 1447 singula
1889 1410 2033 1445 membra,
2055 1410 2094 1439 sic

1246 1457 1445 1494 appropriatur
1467 1457 1548 1490 Filio,
1579 1457 1660 1486 cuius
1691 1460 1733 1485 est
1754 1457 1905 1494 prudentia
1936 1459 1963 1485 et
1988 1457 2095 1494 sapien-

1248 1504 1284 1532 tia
1311 1503 1540 1541 appropriatum,
1561 1511 1633 1540 quae
1654 1503 1777 1540 quodam
1800 1503 1883 1531 modo
1906 1503 2010 1532 habent
2035 1503 2092 1531 vim

1247 1550 1393 1587 regitivam
1427 1552 1455 1578 et
1475 1549 1662 1578 ordinativam
1698 1552 1795 1586 pastus
1830 1549 1960 1578 omnibus
1986 1549 2097 1578 viribus

1247 1596 1356 1625 animae
1369 1596 1401 1624 ¹⁷.

1604 1690 1671 1718 Duss.
1695 1690 1736 1718 Vl.

1328 1783 1393 1812 {tem
1414 1783 1561 1821 quaeritur
1575 1783 1610 1812 de
1624 1783 1679 1811 alio
1694 1783 1780 1812 verbo
1789 1783 1818 1811 ¹⁸:
1837 1782 1956 1812 Caritas
1967 1782 2021 1811 Dei
2041 1781 2097 1820 dif-

1245 1828 1319 1867 fusa
1340 1833 1381 1858 est
1402 1830 1433 1858 in
1454 1829 1592 1858 cordibus
1613 1829 1730 1858 nostris.
1753 1829 1870 1858 Videtur
1891 1829 1965 1858 enim
1994 1830 2096 1867 impro-

408 1989 415 2003 ¹
433 1989 498 2011 Vers.
517 1989 553 2011 zi.

407 2029 416 2043 ‘²
433 2029 447 2050 l.
465 2028 516 2051 Cor.
538 2029 563 2050 12
576 2046 581 2056 ,
600 2029 621 2050 9.

407 2067 417 2082 ³
434 2069 494 2090 ioan.
516 2068 539 2094 1,
558 2067 579 2090 3.

407 2105 416 2121 ⁴
433 2107 464 2128 Ex
481 2106 586 2134 plurimis
603 2111 657 2128 mss.
675 2107 697 2127 et
713 2105 750 2127 ed.
775 2106 783 2127 1
805 2105 948 2127 restituimus
973 2103 1020 2132 ud,
1044 2104 1108 2133 quod
1133 2104 1193 2126 male

344 2145 427 2167 omittit
444 2144 511 2172 Vat.‚
530 2150 590 2172 quae
606 2147 629 2166 et
645 2144 715 2172 paulo
732 2146 783 2166 ante
800 2146 853 2171 post
870 2142 945 2166 virtus
962 2142 1027 2165 addit
1043 2142 1086 2165 vel.

407 2183 417 2197 ⁵
432 2182 505 2205 Codd.
522 2188 576 2204 cum
593 2182 629 2204 ed.
650 2182 656 2203 1
677 2182 785 2204 omittunt
796 2182 863 2209 tenet,
877 2181 942 2210 quod
956 2181 1005 2203 Vat.
1019 2181 1056 2203 liic
1068 2177 1158 2209 repetit,
1170 2185 1192 2204 et

346 2222 415 2250 paulo
430 2221 487 2243 intra
505 2227 565 2243 unus
581 2221 684 2249 alterque
700 2221 773 2243 codex
796 2223 820 2242 ut
837 2219 881 2241 OV
899 2225 952 2241 cum
969 2218 1006 2241 ed.
1027 2219 1035 2240 1
1058 2220 1123 2246 ponit
1138 2218 1192 2241 dile-

345 2260 420 2284 ctione
438 2267 480 2289 pro
497 2260 654 2283 delectatione.

407 2299 417 2314 θ
434 2299 488 2322 Dist.
506 2299 543 2321 34.
560 2306 582 2328 q.
601 2300 626 2327 3,
645 2298 684 2321 ubi
702 2298 730 2321 de
749 2298 869 2320 nominum
886 2298 1075 2325 appropriatione
1092 2297 1114 2318 in
1131 2302 1191 2318 com·

345 2340 424 2367 muni,
442 2343 464 2361 et
480 2339 503 2361 d.
520 2339 556 2361 32.
574 2345 594 2361 a.
613 2339 634 2360 2.
651 2345 673 2367 q.
692 2338 713 2360 2.
731 2337 761 2359 ad
778 2337 830 2365 ult.,
848 2337 887 2359 ubi
905 2336 935 2358 de
953 2337 1021 2358 huius
1033 2336 1133 2358 nominis
1144 2334 1193 2358 vir-

346 2378 402 2401 eutis
424 2378 611 2406 appropriatione
636 2378 657 2399 in
680 2376 781 2405 speciali.
805 2388 837 2392 —
862 2376 927 2397 Plura
953 2375 982 2397 de
1004 2374 1192 2403 appropriatione

346 2417 412 2439 verbi
429 2417 530 2445 Apostoli
548 2422 578 2439 ez:
594 2416 644 2445 ipso
661 2418 704 2438 etc.
722 2415 776 2437 vide
793 2415 851 2437 infra
868 2414 891 2436 d.
911 2414 947 2436 36.
965 2413 1021 2436 dub.
1046 2412 1066 2435 t.
1084 2415 1105 2435 ct
1130 2412 1191 2434 Alex.

347 2456 407 2484 nat,
424 2457 446 2478 S.
464 2462 488 2484 p.
505 2456 519 2477 l.
537 2462 558 2484 q.
577 2455 614 2477 67.
632 2461 662 2477 m.
681 2454 701 2476 4.

409 2494 419 2509 ⁷
437 2495 502 2516 Vers.
521 2494 541 2516 1.

410 2532 420 2547 ⁸
436 2533 502 2554 Vers.
520 2533 556 2554 22.

410 2571 420 2586 ⁹
430 2572 494 2593 Vei-s.
504 2571 551 2593 2-4.
561 2583 594 2588 —
605 2571 681 2593 Verba
693 2571 814 2598 Augustini
826 2570 881 2592 vide
892 2570 929 2592 1110
940 2570 962 2591 111
974 2570 1005 2591 lit.
1022 2569 1130 2597 Magistri,
1141 2574 1160 2590 c.
1172 2568 1191 2590 1.

411 2610 431 2625 ¹⁰
447 2611 469 2633 ln
487 2611 566 2633 Glossa
583 2610 698 2632 ordinaria
712 2609 742 2632 ad
754 2612 802 2632 Act.
821 2610 842 2637 2,
861 2610 881 2631 2.
900 2610 956 2631 haec
972 2609 1095 2636 legunturt
1117 2616 1126 2627 α
1137 2607 1193 2629 Ante

348 2651 479 2679 passionem
496 2650 563 2672 datus
579 2652 614 2671 est
630 2649 744 2677 Apostolis
761 2649 859 2677 Spiritus
877 2648 907 2670 ad
924 2649 1021 2676 gratiam
1039 2647 1156 2670 doctrinae
1171 2648 1194 2669 et

348 2689 485 2716 sanitatum;
503 2691 554 2716 post
571 2688 762 2710 resurrectionem
780 2687 906 2709 insufflavit
918 2687 980 2709 lesus
991 2686 1101 2714 Spiritum
1114 2688 1136 2707 et
1147 2685 1192 2707 ait:

349 2728 449 2756 Accipite
465 2728 576 2756 Spiritum
593 2730 698 2749 sanctum
708 2744 714 2755 ‚
732 2732 832 2755 quorum
850 2726 984 2748 remiseritis
1000 2727 1105 2753 peccata,
1117 2725 1193 2747 remit-

349 2769 428 2789 tuntur
444 2767 477 2788 eis
494 2769 561 2788 etc....
580 2766 602 2787 ln
619 2766 751 2788 Pentecoste
769 2765 797 2787 de
814 2765 877 2787 caelo
893 2765 979 2787 missus
995 2767 1030 2787 est
1046 2764 1150 2792 Spiritus,
1168 2764 1194 2784 ut

350 2806 389 2834 qui
406 2806 428 2827 in
445 2806 551 2833 proximo
567 2804 684 2827 debebant
700 2804 772 2826 dividi
790 2804 919 2831 acciperent
936 2804 1067 2831 linguarum
1083 2802 1192 2830 notitiam,

351 2850 379 2866 ne
396 2850 438 2872 per
454 2843 568 2865 mundum
585 2845 666 2865 euntes
683 2842 846 2870 interpretibus
863 2842 999 2870 indigerent.
1017 2842 1043 2863 Et
1063 2842 1116 2869 quia
1134 2841 1194 2863 Deus

350 2882 447 2911 simplex
463 2885 498 2904 est
515 2885 594 2904 natura
605 2900 610 2907 .
627 2882 697 2904 semei
715 2881 744 2904 dc
761 2881 824 2904 caelo
842 2881 909 2903 datur
925 2881 1037 2909 Spiritus;
1050 2882 1144 2908 propter
1156 2880 1192 2901 110-

1220 1989 1222 1996 *
1248 1988 1322 2009 mines
1339 1993 1409 2014 vero,
1428 1987 1467 2015 qui
1486 1986 1571 2014 duplici
1590 1988 1694 2008 constant
1716 1985 1857 2013 substantia,
1884 1991 1981 2014 corpore
2003 1986 2050 2008 scil.
2073 1988 2095 2008 et

1249 2026 1323 2047 anima
1335 2043 1340 2053 ,
1358 2025 1479 2053 dupliciter
1496 2027 1531 2047 cst
1547 2024 1686 2052 diligendus.
1706 2024 1727 2045 ln
1745 2027 1805 2046 terra
1822 2023 1858 2046 bis
1875 2023 1960 2052 datur,
1982 2024 2047 2052 prius
2070 2024 2092 2045 in

1249 2065 1348 2086 efficacia
1366 2065 1486 2092 signorum
1505 2063 1535 2086 ad
1552 2064 1658 2085 sanitates
1683 2069 1823 2091 corporum,
1848 2065 1927 2091 postea
1953 2063 2095 2091 indulgentia

1249 2105 1396 2130 peccatorum
1414 2102 1443 2124 ad
1460 2102 1562 2124 remedia
1580 2102 1710 2123 animarum
1721 2110 1742 2123 n.
1754 2101 1815 2124 Haec
1826 2101 1899 2124 verba
1912 2102 1934 2124 111
1947 2101 1983 2124 ed.
1996 2107 2095 2130 operum

1248 2142 1331 2169 Lyrani
1360 2141 1457 2170 (Venet.
1485 2140 1582 2169 i588.)‚
1608 2141 1650 2162 loc.
1676 2141 1728 2169 cit.‚
1754 2140 1849 2162 Rabano
1874 2140 2037 2163 attribuuntur.
2063 2152 2095 2157 —

1248 2181 1311 2203 idem
1328 2183 1402 2203 textus
1418 2180 1506 2202 Rahani
1523 2180 1623 2202 occurrit
1638 2179 1694 2201 infra
1707 2179 1729 2201 d.
1743 2179 1778 2201 15.
1791 2185 1813 2207 p.
1828 2179 1851 2201 ll.
1863 2186 1886 2208 q.
1902 2179 1920 2201 1.
1933 2182 1956 2202 et
1966 2179 2095 2202 Comment.

1248 2221 1271 2242 in
1289 2220 1348 2241 ioan.
1364 2226 1383 2242 c.
1402 2219 1438 2247 20,
1457 2218 1494 2241 25.
1512 2218 1648 2247 (Supplem.
1667 2218 1767 2245 Bonelli,
1786 2221 1799 2240 t.
1819 2218 1858 2246 l.).

1312 2257 1329 2272 ¹¹
1348 2258 1423 2286 Aliqui
1440 2256 1507 2279 codd.
1525 2259 1550 2279 ut
1566 2256 1583 2278 Η
1602 2262 1629 2277 aa
1647 2255 1679 2278 hb
1697 2256 1715 2277 ss*
1728 2262 1781 2278 cum
1798 2256 1834 2278 ed.
1863 2256 1870 2278 l
1893 2256 2001 2278 omittunt
2016 2256 2074 2279 Item
2085 2275 2092 2285 ‚

1249 2303 1292 2325 pro
1309 2302 1356 2326 quo
1373 2296 1423 2318 cod.
1442 2296 1461 2318 K
1479 2296 1544 2324 ponit
1560 2294 1622 2318 ratio
1638 2294 1824 2325 significationis.
1843 2295 1893 2317 Mox
1909 2294 1945 2317 ed.
1973 2295 1981 2317 1
2007 2301 2050 2323 pro
2070 2294 2095 2318 in

1249 2336 1313 2359 coelo
1331 2337 1395 2364 ponit
1415 2335 1443 2358 de
1460 2334 1541 2363 caclo,
1560 2335 1624 2364 quod
1647 2335 1722 2363 magis
1739 2334 1906 2362 correspondet
1924 2334 2002 2357 verbis
2018 2335 2095 2362 Augu-

1249 2375 1301 2397 stini
1318 2381 1330 2396 a
1349 2375 1455 2402 Magistro
1478 2374 1515 2395 hic
1540 2380 1559 2396 0.
1579 2374 1598 2395 i.
1621 2374 1712 2401 relati53
1730 2376 1752 2395 et
1768 2373 1862 2395 Glossae
1879 2373 2023 2401 ordinariae,
2048 2375 2095 2396 Act.

1250 2414 1279 2441 2,
1298 2414 1326 2435 2:
1348 2412 1400 2435 «De
1417 2411 1481 2435 caelo
1498 2412 1566 2434 datur
1582 2412 1695 2439 Spiritus,
1713 2414 1738 2433 ut
1755 2411 1864 2439 diligatur
1880 2411 1956 2439 Deus;
1974 2411 1999 2434 in
2019 2412 2092 2440 terra,

1249 2454 1274 2474 ut
1291 2452 1398 2479 diligatur
1415 2451 1542 2479 proximus.
1560 2451 1596 2473 Bis
1613 2451 1674 2473 enim
1692 2453 1745 2478 post
1768 2451 1960 2472 resurrectionem
1977 2453 2012 2473 est
2029 2450 2095 2473 datus

1250 2491 1279 2513 ad
1297 2491 1344 2513 duo
1361 2493 1482 2519 praecepta
1500 2491 1599 2513 caritatis
1625 2489 1809 2512 commendanda
1819 2497 1839 2518 »;
1858 2489 1916 2518 (cfr.
1934 2490 2003 2517 paulo
2025 2496 2096 2518 supra

1249 2531 1320 2553 alium
1338 2532 1424 2552 textum
1442 2530 1535 2552 Glossae
1553 2530 1668 2557 citatum).

1313 2567 1332 2582 ¹'2
1349 2568 1396 2590 Hoc
1413 2567 1511 2590 dubium
1528 2568 1596 2590 solvit
1613 2568 1635 2589 B.
1654 2567 1750 2595 Albert„
1768 2568 1805 2590 1110
1821 2574 1842 2590 a.
1862 2568 1896 2590 12.

1312 2606 1332 2621 ¹³
1349 2607 1414 2629 Vers.
1432 2607 1452 2628 3.
1954 2605 1973 2620 ¹⁴
1990 2606 2056 2629 Vers.
2073 2606 2095 2628 5.

1314 2645 1333 2660 ¹⁵
1350 2645 1399 2668 Vat.
1417 2647 1495 2667 contra
1513 2645 1561 2667 sere
1577 2650 1658 2666 omnes
1674 2644 1743 2667 codd.
1760 2646 1783 2666 et
1802 2644 1838 2667 cd.
1859 2645 1865 2666 l
1887 2643 2024 2674 restinguit,
2044 2651 2097 2668 mox

1249 2685 1306 2706 salso
1323 2683 1366 2707 Hic
1383 2684 1433 2706 1000
1449 2683 1505 2706 Hoc.

1312 2722 1331 2737 ¹⁵
1359 2722 1434 2744 Verba
1462 2723 1504 2745 ista
1531 2728 1576 2744 non
1604 2725 1657 2744 sunt
1678 2721 1802 2751 Gregorii,
1829 2721 1871 2744 sed
1894 2721 2028 2749 Bernardi,
2055 2722 2096 2750 qui

1248 2762 1340 2789 Epistol.
1360 2762 1409 2783 111.
1438 2761 1468 2783 ad
1485 2765 1591 2789 parentes
1607 2767 1661 2783 suos
1677 2761 1722 2783 ait:
1739 2761 1834 2783 Gustato
1851 2761 1932 2789 spiritu
1950 2766 2043 2783 neeesse
2062 2764 2096 2784 est

1247 2801 1354 2828 desipere
1369 2805 1470 2822 carnem.

1312 2839 1332 2854 ¹⁷
1347 2839 1380 2861 De
1397 2839 1441 2861 hoc
1457 2838 1529 2861 dubio
1546 2838 1600 2861 vide
1617 2839 1640 2861 B.
1658 2838 1754 2866 Albcrt„
1773 2839 1810 2861 1110
1828 2844 1847 2860 a.
1868 2837 1903 2860 ll».

1313 2877 1332 2892 ¹⁸
1349 2878 1437 2906 Supple
1453 2883 1507 2899 cum
1525 2877 1575 2900 cod.
1594 2877 1626 2899 dd
1643 2876 1755 2906 Apostoli.
